<?xml version="1.0" encoding="UTF-8"?>
<!DOCTYPE html PUBLIC "-//W3C//DTD XHTML 1.0 Transitional//EN"
    "http://www.w3.org/TR/xhtml1/DTD/xhtml1-transitional.dtd">
<html xmlns="http://www.w3.org/1999/xhtml" xml:lang="en" lang="en">
 <head>
  <title>
</title>
<meta http-equiv="Content-Type" content="text/html;charset=utf-8" />
  <meta name='ocr-system' content='tesseract 3.04.00' />
  <meta name='ocr-capabilities' content='ocr_page ocr_carea ocr_par ocr_line ocrx_word'/>
</head>
<body>
  <div class='ocr_page' id='page_1' title='image "./marcivaleriimar09martgoog_0215.png"; bbox 0 0 2985 4937; ppageno 0'>
   <div class='ocr_carea' id='block_1_1' title="bbox 657 427 2079 482">
    <p class='ocr_par' dir='ltr' id='par_1_1' title="bbox 657 427 2079 482">
     <span class='ocr_line' id='line_1_1' title="bbox 657 427 2079 482; baseline -0.007 0"><span class='ocrx_word' id='word_1_1' title='bbox 657 435 734 482; x_wconf 76' lang='lat' dir='ltr'>M.</span> <span class='ocrx_word' id='word_1_2' title='bbox 782 433 952 482; x_wconf 70' lang='lat' dir='ltr'>vn..</span> <span class='ocrx_word' id='word_1_3' title='bbox 1000 430 1418 481; x_wconf 72' lang='lat' dir='ltr'>MARTIAMS</span> <span class='ocrx_word' id='word_1_4' title='bbox 1467 427 2079 478; x_wconf 71' lang='lat' dir='ltr'>EPlGR.1.113.V11.</span> 
     </span>
    </p>
   </div>
   <div class='ocr_carea' id='block_1_2' title="bbox 261 574 1345 2420">
    <p class='ocr_par' dir='ltr' id='par_1_2' title="bbox 292 574 1325 937">
     <span class='ocr_line' id='line_1_2' title="bbox 349 574 1325 644; baseline -0.006 -13"><span class='ocrx_word' id='word_1_5' title='bbox 349 586 375 632; x_wconf 86' lang='grc'><strong>5</strong></span> <span class='ocrx_word' id='word_1_6' title='bbox 411 580 615 644; x_wconf 68' lang='lat' dir='ltr'>Cupiunt</span> <span class='ocrx_word' id='word_1_7' title='bbox 651 594 773 642; x_wconf 69' lang='grc' dir='ltr'>οισι,</span> <span class='ocrx_word' id='word_1_8' title='bbox 812 577 918 641; x_wconf 54' lang='grc' dir='ltr'>ξω]</span> <span class='ocrx_word' id='word_1_9' title='bbox 968 574 1325 627; x_wconf 65' lang='lat' dir='ltr'>clancularius</span> 
     </span>
     <span class='ocr_line' id='line_1_3' title="bbox 297 651 1325 724; baseline -0.007 -16"><span class='ocrx_word' id='word_1_10' title='bbox 297 659 462 724; x_wconf 81' lang='lat' dir='ltr'>aliquis</span> <span class='ocrx_word' id='word_1_11' title='bbox 496 657 676 708; x_wconf 59' lang='lat' dir='ltr'>Poeta!</span> <span class='ocrx_word' id='word_1_12' title='bbox 698 654 898 706; x_wconf 76' lang='lat' dir='ltr'>famosa</span> <span class='ocrx_word' id='word_1_13' title='bbox 918 654 1154 720; x_wconf 65' lang='lat' dir='ltr'>quiedam</span> <span class='ocrx_word' id='word_1_14' title='bbox 1172 660 1231 703; x_wconf 91' lang='lat' dir='ltr'>et</span> <span class='ocrx_word' id='word_1_15' title='bbox 1252 651 1325 700; x_wconf 85' lang='lat' dir='ltr'>vi-</span> 
     </span>
     <span class='ocr_line' id='line_1_4' title="bbox 295 729 1328 795; baseline -0.007 -11"><span class='ocrx_word' id='word_1_16' title='bbox 295 738 479 785; x_wconf 87' lang='lat' dir='ltr'>rulenta</span> <span class='ocrx_word' id='word_1_17' title='bbox 491 734 737 787; x_wconf 84' lang='lat' dir='ltr'>Carmina</span> <span class='ocrx_word' id='word_1_18' title='bbox 756 731 853 782; x_wconf 90' lang='lat' dir='ltr'>sub</span> <span class='ocrx_word' id='word_1_19' title='bbox 869 744 1091 795; x_wconf 85' lang='lat' dir='ltr'>persona</span> <span class='ocrx_word' id='word_1_20' title='bbox 1111 729 1328 778; x_wconf 86' lang='lat' dir='ltr'>Martia-</span> 
     </span>
     <span class='ocr_line' id='line_1_5' title="bbox 293 807 1329 873; baseline -0.005 -14"><span class='ocrx_word' id='word_1_21' title='bbox 293 812 347 860; x_wconf 83' lang='lat' dir='ltr'>lis</span> <span class='ocrx_word' id='word_1_22' title='bbox 378 809 625 860; x_wconf 86' lang='lat' dir='ltr'>ediderat.</span> <span class='ocrx_word' id='word_1_23' title='bbox 689 807 1076 873; x_wconf 76' lang='lat' dir='ltr'>Epigrammata</span> <span class='ocrx_word' id='word_1_24' title='bbox 1098 809 1148 857; x_wconf 82' lang='grc'>8.</span> <span class='ocrx_word' id='word_1_25' title='bbox 1170 811 1228 854; x_wconf 88' lang='lat' dir='ltr'>et</span> <span class='ocrx_word' id='word_1_26' title='bbox 1247 807 1329 853; x_wconf 81' lang='grc'>88.</span> 
     </span>
     <span class='ocr_line' id='line_1_6' title="bbox 292 887 506 937; baseline 0.009 -2"><span class='ocrx_word' id='word_1_27' title='bbox 292 887 411 936; x_wconf 89' lang='lat' dir='ltr'>libro</span> <span class='ocrx_word' id='word_1_28' title='bbox 431 890 506 937; x_wconf 92' lang='grc'>10.</span> 
     </span>
    </p>

    <p class='ocr_par' dir='ltr' id='par_1_3' title="bbox 292 957 1335 1338">
     <span class='ocr_line' id='line_1_7' title="bbox 348 957 1332 1028; baseline -0.006 -15"><span class='ocrx_word' id='word_1_29' title='bbox 348 967 378 1012; x_wconf 87' lang='grc'><strong>6</strong></span> <span class='ocrx_word' id='word_1_30' title='bbox 407 961 679 1028; x_wconf 72' lang='lat' dir='ltr'>Lycambeo,</span> <span class='ocrx_word' id='word_1_31' title='bbox 690 959 799 1024; x_wconf 56' lang='grc' dir='ltr'>ξω]</span> <span class='ocrx_word' id='word_1_32' title='bbox 819 959 1065 1010; x_wconf 88' lang='lat' dir='ltr'>Mordaci</span> <span class='ocrx_word' id='word_1_33' title='bbox 1078 965 1133 1009; x_wconf 91' lang='lat' dir='ltr'>et</span> <span class='ocrx_word' id='word_1_34' title='bbox 1151 957 1332 1011; x_wconf 86' lang='lat' dir='ltr'>rabido</span> 
     </span>
     <span class='ocr_line' id='line_1_8' title="bbox 292 1034 1331 1105; baseline -0.006 -17"><span class='ocrx_word' id='word_1_35' title='bbox 292 1040 463 1101; x_wconf 88' lang='lat' dir='ltr'>iambo,</span> <span class='ocrx_word' id='word_1_36' title='bbox 508 1039 648 1105; x_wconf 88' lang='lat' dir='ltr'>quali</span> <span class='ocrx_word' id='word_1_37' title='bbox 709 1046 936 1089; x_wconf 84' lang='lat' dir='ltr'>armatus</span> <span class='ocrx_word' id='word_1_38' title='bbox 983 1034 1331 1085; x_wconf 75' lang='lat' dir='ltr'>Archilochus</span> 
     </span>
     <span class='ocr_line' id='line_1_9' title="bbox 292 1112 1334 1181; baseline -0.009 -12"><span class='ocrx_word' id='word_1_39' title='bbox 292 1117 569 1181; x_wconf 81' lang='lat' dir='ltr'>Lycamben</span> <span class='ocrx_word' id='word_1_40' title='bbox 622 1130 879 1177; x_wconf 86' lang='lat' dir='ltr'>socerum,</span> <span class='ocrx_word' id='word_1_41' title='bbox 911 1112 1049 1180; x_wconf 81' lang='lat' dir='ltr'>quod</span> <span class='ocrx_word' id='word_1_42' title='bbox 1092 1126 1334 1176; x_wconf 87' lang='lat' dir='ltr'>sponsam</span> 
     </span>
     <span class='ocr_line' id='line_1_10' title="bbox 292 1187 1335 1260; baseline -0.006 -16"><span class='ocrx_word' id='word_1_43' title='bbox 292 1195 380 1244; x_wconf 76' lang='lat' dir='ltr'>sibi</span> <span class='ocrx_word' id='word_1_44' title='bbox 410 1202 648 1260; x_wconf 74' lang='lat' dir='ltr'>negasset</span> <span class='ocrx_word' id='word_1_45' title='bbox 686 1191 865 1255; x_wconf 82' lang='lat' dir='ltr'>filiam,</span> <span class='ocrx_word' id='word_1_46' title='bbox 895 1191 960 1241; x_wconf 87' lang='lat' dir='ltr'>ad</span> <span class='ocrx_word' id='word_1_47' title='bbox 1000 1187 1335 1254; x_wconf 79' lang='lat' dir='ltr'><strong>suspendium</strong></span> 
     </span>
     <span class='ocr_line' id='line_1_11' title="bbox 293 1273 471 1338; baseline 0.011 -17"><span class='ocrx_word' id='word_1_48' title='bbox 293 1273 471 1338; x_wconf 83' lang='lat' dir='ltr'>adegit.</span> 
     </span>
    </p>

    <p class='ocr_par' dir='ltr' id='par_1_4' title="bbox 347 1342 1335 1411">
     <span class='ocr_line' id='line_1_12' title="bbox 347 1342 1335 1411; baseline -0.007 -13"><span class='ocrx_word' id='word_1_49' title='bbox 347 1353 377 1398; x_wconf 88' lang='grc'><strong>8</strong></span> <span class='ocrx_word' id='word_1_50' title='bbox 412 1349 505 1407; x_wconf 77' lang='lat' dir='ltr'>Qui</span> <span class='ocrx_word' id='word_1_51' title='bbox 527 1346 712 1410; x_wconf 65' lang='lat' dir='ltr'>phebi,</span> <span class='ocrx_word' id='word_1_52' title='bbox 731 1346 835 1411; x_wconf 59' lang='lat' dir='ltr'>Bm]</span> <span class='ocrx_word' id='word_1_53' title='bbox 869 1345 994 1395; x_wconf 87' lang='lat' dir='ltr'>Non</span> <span class='ocrx_word' id='word_1_54' title='bbox 1016 1342 1129 1394; x_wconf 87' lang='lat' dir='ltr'>ausi</span> <span class='ocrx_word' id='word_1_55' title='bbox 1150 1355 1335 1393; x_wconf 89' lang='lat' dir='ltr'>nomen</span> 
     </span>
    </p>

    <p class='ocr_par' dir='ltr' id='par_1_5' title="bbox 261 1423 1344 2031">
     <span class='ocr_line' id='line_1_13' title="bbox 290 1423 688 1489; baseline -0.005 -16"><span class='ocrx_word' id='word_1_56' title='bbox 290 1438 423 1474; x_wconf 79' lang='lat' dir='ltr'>suum</span> <span class='ocrx_word' id='word_1_57' title='bbox 448 1423 688 1489; x_wconf 82' lang='lat' dir='ltr'>prodere.</span> 
     </span>
     <span class='ocr_line' id='line_1_14' title="bbox 310 1493 1338 1562; baseline -0.011 -9"><span class='ocrx_word' id='word_1_58' title='bbox 310 1550 314 1553; x_wconf 86' lang='lat'>.</span> <span class='ocrx_word' id='word_1_59' title='bbox 349 1507 407 1551; x_wconf 87' lang='grc'><strong>10</strong></span> <span class='ocrx_word' id='word_1_60' title='bbox 438 1502 539 1553; x_wconf 81' lang='lat' dir='ltr'>Per</span> <span class='ocrx_word' id='word_1_61' title='bbox 573 1500 772 1562; x_wconf 73' lang='lat' dir='ltr'>genium</span> <span class='ocrx_word' id='word_1_62' title='bbox 814 1496 1003 1561; x_wconf 73' lang='lat' dir='ltr'>Fama]</span> <span class='ocrx_word' id='word_1_63' title='bbox 1055 1495 1147 1545; x_wconf 87' lang='lat' dir='ltr'>Me</span> <span class='ocrx_word' id='word_1_64' title='bbox 1192 1493 1338 1543; x_wconf 89' lang='lat' dir='ltr'>iuno-</span> 
     </span>
     <span class='ocr_line' id='line_1_15' title="bbox 290 1571 1340 1635; baseline -0.011 -5"><span class='ocrx_word' id='word_1_65' title='bbox 290 1594 430 1630; x_wconf 88' lang='lat' dir='ltr'>cnum</span> <span class='ocrx_word' id='word_1_66' title='bbox 466 1592 582 1629; x_wconf 89' lang='lat' dir='ltr'>esse</span> <span class='ocrx_word' id='word_1_67' title='bbox 622 1593 655 1627; x_wconf 86' lang='lat' dir='ltr'>a</span> <span class='ocrx_word' id='word_1_68' title='bbox 688 1572 1068 1635; x_wconf 76' lang='lat' dir='ltr'>maledicentia,</span> <span class='ocrx_word' id='word_1_69' title='bbox 1095 1571 1221 1635; x_wconf 86' lang='lat' dir='ltr'>juro</span> <span class='ocrx_word' id='word_1_70' title='bbox 1244 1583 1340 1634; x_wconf 87' lang='lat' dir='ltr'>per</span> 
     </span>
     <span class='ocr_line' id='line_1_16' title="bbox 261 1644 1341 1715; baseline -0.013 -7"><span class='ocrx_word' id='word_1_71' title='bbox 261 1657 263 1660; x_wconf 72' lang='grc'>’</span> <span class='ocrx_word' id='word_1_72' title='bbox 289 1658 461 1707; x_wconf 83' lang='lat' dir='ltr'>famam</span> <span class='ocrx_word' id='word_1_73' title='bbox 482 1654 703 1707; x_wconf 88' lang='lat' dir='ltr'>nominis</span> <span class='ocrx_word' id='word_1_74' title='bbox 726 1653 847 1715; x_wconf 87' lang='lat' dir='ltr'>mei,</span> <span class='ocrx_word' id='word_1_75' title='bbox 869 1658 925 1701; x_wconf 85' lang='lat' dir='ltr'>et</span> <span class='ocrx_word' id='word_1_76' title='bbox 949 1664 1045 1714; x_wconf 90' lang='lat' dir='ltr'>per</span> <span class='ocrx_word' id='word_1_77' title='bbox 1080 1655 1227 1698; x_wconf 90' lang='lat' dir='ltr'>tuum</span> <span class='ocrx_word' id='word_1_78' title='bbox 1262 1644 1341 1695; x_wconf 81' lang='lat' dir='ltr'>fa·</span> 
     </span>
     <span class='ocr_line' id='line_1_17' title="bbox 293 1725 1341 1800; baseline -0.012 -13"><span class='ocrx_word' id='word_1_79' title='bbox 293 1742 479 1800; x_wconf 85' lang='lat' dir='ltr'>vorem,</span> <span class='ocrx_word' id='word_1_80' title='bbox 500 1737 668 1785; x_wconf 86' lang='lat' dir='ltr'>lector</span> <span class='ocrx_word' id='word_1_81' title='bbox 686 1730 925 1783; x_wconf 82' lang='lat' dir='ltr'>candide.</span> <span class='ocrx_word' id='word_1_82' title='bbox 980 1727 1182 1778; x_wconf 84' lang='lat' dir='ltr'>Genius</span> <span class='ocrx_word' id='word_1_83' title='bbox 1205 1725 1341 1775; x_wconf 89' lang='lat' dir='ltr'>enim</span> 
     </span>
     <span class='ocr_line' id='line_1_18' title="bbox 288 1803 1344 1876; baseline -0.015 -11"><span class='ocrx_word' id='word_1_84' title='bbox 288 1822 362 1864; x_wconf 81' lang='lat' dir='ltr'>est</span> <span class='ocrx_word' id='word_1_85' title='bbox 407 1814 480 1869; x_wconf 88' lang='lat' dir='ltr'>rei</span> <span class='ocrx_word' id='word_1_86' title='bbox 532 1812 888 1876; x_wconf 84' lang='lat' dir='ltr'>cujuscunque</span> <span class='ocrx_word' id='word_1_87' title='bbox 928 1803 1118 1870; x_wconf 86' lang='lat' dir='ltr'>gratia,</span> <span class='ocrx_word' id='word_1_88' title='bbox 1147 1803 1344 1864; x_wconf 86' lang='lat' dir='ltr'>Venus,</span> 
     </span>
     <span class='ocr_line' id='line_1_19' title="bbox 287 1882 1339 1956; baseline -0.011 -15"><span class='ocrx_word' id='word_1_89' title='bbox 287 1892 441 1956; x_wconf 86' lang='lat' dir='ltr'>lepos.</span> <span class='ocrx_word' id='word_1_90' title='bbox 476 1891 815 1954; x_wconf 75' lang='lat' dir='ltr'><strong>Epigramma</strong></span> <span class='ocrx_word' id='word_1_91' title='bbox 832 1889 912 1935; x_wconf 92' lang='grc'>60.</span> <span class='ocrx_word' id='word_1_92' title='bbox 937 1882 1029 1933; x_wconf 86' lang='lat' dir='ltr'>lib.</span> <span class='ocrx_word' id='word_1_93' title='bbox 1052 1886 1103 1931; x_wconf 82' lang='lat'>6.</span> <span class='ocrx_word' id='word_1_94' title='bbox 1175 1883 1339 1931; x_wconf 74' lang='lat' dir='ltr'>cnsta-</span> 
     </span>
     <span class='ocr_line' id='line_1_20' title="bbox 288 1959 1312 2031; baseline -0.012 -14"><span class='ocrx_word' id='word_1_95' title='bbox 288 1967 506 2031; x_wconf 71' lang='lat' dir='ltr'>liquue</span> <span class='ocrx_word' id='word_1_96' title='bbox 523 1964 745 2030; x_wconf 73' lang='lat' dir='ltr'>gregem]</span> <span class='ocrx_word' id='word_1_97' title='bbox 790 1963 1059 2016; x_wconf 85' lang='lat' dir='ltr'>Musarum</span> <span class='ocrx_word' id='word_1_98' title='bbox 1082 1959 1312 2009; x_wconf 89' lang='lat' dir='ltr'>chorum.</span> 
     </span>
    </p>

    <p class='ocr_par' dir='ltr' id='par_1_6' title="bbox 293 2035 1343 2189">
     <span class='ocr_line' id='line_1_21' title="bbox 346 2035 1343 2096; baseline -0.011 1"><span class='ocrx_word' id='word_1_99' title='bbox 346 2047 503 2096; x_wconf 75' lang='lat' dir='ltr'>Eme.</span> <span class='ocrx_word' id='word_1_100' title='bbox 543 2058 677 2095; x_wconf 81' lang='lat'>1111.</span> <span class='ocrx_word' id='word_1_101' title='bbox 730 2039 868 2090; x_wconf 90' lang='lat' dir='ltr'>Vide</span> <span class='ocrx_word' id='word_1_102' title='bbox 911 2052 1190 2088; x_wconf 87' lang='lat' dir='ltr'>consonum</span> <span class='ocrx_word' id='word_1_103' title='bbox 1224 2035 1343 2086; x_wconf 84' lang='lat' dir='ltr'>huic</span> 
     </span>
     <span class='ocr_line' id='line_1_22' title="bbox 293 2120 933 2189; baseline -0.008 -15"><span class='ocrx_word' id='word_1_104' title='bbox 293 2124 617 2189; x_wconf 73' lang='lat' dir='ltr'><strong>Epigramma</strong></span> <span class='ocrx_word' id='word_1_105' title='bbox 630 2125 715 2172; x_wconf 91' lang='grc'>62.</span> <span class='ocrx_word' id='word_1_106' title='bbox 733 2120 867 2170; x_wconf 88' lang='lat' dir='ltr'>libro</span> <span class='ocrx_word' id='word_1_107' title='bbox 883 2122 933 2169; x_wconf 79' lang='lat'>4.</span> 
     </span>
    </p>

    <p class='ocr_par' dir='ltr' id='par_1_7' title="bbox 288 2193 1345 2420">
     <span class='ocr_line' id='line_1_23' title="bbox 348 2193 1344 2259; baseline -0.012 -6"><span class='ocrx_word' id='word_1_108' title='bbox 348 2207 374 2252; x_wconf 89' lang='lat'>1</span> <span class='ocrx_word' id='word_1_109' title='bbox 407 2201 678 2252; x_wconf 71' lang='lat' dir='ltr'>Tiburtinis</span> <span class='ocrx_word' id='word_1_110' title='bbox 709 2199 937 2248; x_wconf 73' lang='lat' dir='ltr'>albescere</span> <span class='ocrx_word' id='word_1_111' title='bbox 964 2195 1176 2259; x_wconf 74' lang='lat' dir='ltr'>collibus]</span> <span class='ocrx_word' id='word_1_112' title='bbox 1207 2193 1344 2244; x_wconf 84' lang='lat' dir='ltr'>Gru·</span> 
     </span>
     <span class='ocr_line' id='line_1_24' title="bbox 291 2271 1345 2339; baseline -0.01 -9"><span class='ocrx_word' id='word_1_113' title='bbox 291 2286 427 2330; x_wconf 86' lang='lat' dir='ltr'>terus</span> <span class='ocrx_word' id='word_1_114' title='bbox 448 2278 646 2339; x_wconf 76' lang='lat' dir='ltr'>solibus,</span> <span class='ocrx_word' id='word_1_115' title='bbox 667 2291 698 2326; x_wconf 90' lang='lat' dir='ltr'>e</span> <span class='ocrx_word' id='word_1_116' title='bbox 720 2276 826 2325; x_wconf 80' lang='grc' dir='ltr'><strong>Μι.</strong></span> <span class='ocrx_word' id='word_1_117' title='bbox 839 2274 1048 2339; x_wconf 87' lang='lat' dir='ltr'>quicum</span> <span class='ocrx_word' id='word_1_118' title='bbox 1062 2271 1345 2332; x_wconf 76' lang='lat' dir='ltr'>consentit,</span> 
     </span>
     <span class='ocr_line' id='line_1_25' title="bbox 288 2346 1343 2420; baseline -0.01 -14"><span class='ocrx_word' id='word_1_119' title='bbox 288 2370 430 2420; x_wconf 87' lang='lat' dir='ltr'>quem</span> <span class='ocrx_word' id='word_1_120' title='bbox 452 2369 545 2405; x_wconf 88' lang='lat' dir='ltr'>nos</span> <span class='ocrx_word' id='word_1_121' title='bbox 568 2353 836 2416; x_wconf 80' lang='lat' dir='ltr'>egregium</span> <span class='ocrx_word' id='word_1_122' title='bbox 851 2349 1178 2401; x_wconf 86' lang='lat' dir='ltr'>contulimus.</span> <span class='ocrx_word' id='word_1_123' title='bbox 1232 2346 1343 2396; x_wconf 88' lang='lat' dir='ltr'>Nu·</span> 
     </span>
    </p>
   </div>
   <div class='ocr_carea' id='block_1_3' title="bbox 289 2418 1362 2497">
    <p class='ocr_par' dir='ltr' id='par_1_8' title="bbox 289 2418 1362 2497">
     <span class='ocr_line' id='line_1_26' title="bbox 289 2418 1362 2497; baseline -0.011 -13"><span class='ocrx_word' id='word_1_124' title='bbox 289 2447 378 2497; x_wconf 87' lang='lat' dir='ltr'>per</span> <span class='ocrx_word' id='word_1_125' title='bbox 430 2433 755 2483; x_wconf 83' lang='lat' dir='ltr'>reduxerunt</span> <span class='ocrx_word' id='word_1_126' title='bbox 804 2430 1090 2491; x_wconf 78' lang='lat' dir='ltr'>vulgatum,</span> <span class='ocrx_word' id='word_1_127' title='bbox 1139 2418 1362 2475; x_wconf 76' lang='lat' dir='ltr'>scilicet‘</span> 
     </span>
    </p>
   </div>
   <div class='ocr_carea' id='block_1_4' title="bbox 288 2500 1352 3341">
    <p class='ocr_par' dir='ltr' id='par_1_9' title="bbox 288 2500 1348 2802">
     <span class='ocr_line' id='line_1_27' title="bbox 288 2500 1346 2573; baseline -0.009 -16"><span class='ocrx_word' id='word_1_128' title='bbox 288 2509 445 2573; x_wconf 85' lang='lat' dir='ltr'>ignari</span> <span class='ocrx_word' id='word_1_129' title='bbox 483 2512 499 2540; x_wconf 88' lang='lat'>‘</span> <span class='ocrx_word' id='word_1_130' title='bbox 518 2510 661 2559; x_wconf 90' lang='lat' dir='ltr'>soles</span> <span class='ocrx_word' id='word_1_131' title='bbox 678 2506 693 2530; x_wconf 89' lang='lat'>&#39;</span> <span class='ocrx_word' id='word_1_132' title='bbox 734 2504 841 2556; x_wconf 67' lang='grc' dir='ltr'>κατ’</span> <span class='ocrx_word' id='word_1_133' title='bbox 858 2504 1028 2568; x_wconf 70' lang='grc' dir='ltr'><strong><em>ἐξοχὴν</em></strong></span> <span class='ocrx_word' id='word_1_134' title='bbox 1050 2517 1145 2566; x_wconf 91' lang='lat' dir='ltr'>pro</span> <span class='ocrx_word' id='word_1_135' title='bbox 1164 2500 1346 2564; x_wconf 85' lang='lat' dir='ltr'>aprico</span> 
     </span>
     <span class='ocr_line' id='line_1_28' title="bbox 289 2577 1348 2637; baseline -0.01 -1"><span class='ocrx_word' id='word_1_136' title='bbox 289 2593 341 2636; x_wconf 88' lang='lat' dir='ltr'>et</span> <span class='ocrx_word' id='word_1_137' title='bbox 355 2586 578 2637; x_wconf 83' lang='lat' dir='ltr'>delicato</span> <span class='ocrx_word' id='word_1_138' title='bbox 600 2584 709 2635; x_wconf 86' lang='lat' dir='ltr'>sole</span> <span class='ocrx_word' id='word_1_139' title='bbox 733 2583 850 2634; x_wconf 85' lang='lat' dir='ltr'>dici.</span> <span class='ocrx_word' id='word_1_140' title='bbox 915 2583 1097 2632; x_wconf 90' lang='lat' dir='ltr'>Florus</span> <span class='ocrx_word' id='word_1_141' title='bbox 1115 2579 1181 2627; x_wconf 88' lang='lat' dir='ltr'>de</span> <span class='ocrx_word' id='word_1_142' title='bbox 1205 2577 1348 2627; x_wconf 80' lang='lat' dir='ltr'>Han-</span> 
     </span>
     <span class='ocr_line' id='line_1_29' title="bbox 289 2653 1345 2724; baseline -0.011 -11"><span class='ocrx_word' id='word_1_143' title='bbox 289 2662 480 2713; x_wconf 90' lang='lat' dir='ltr'>nibale·</span> <span class='ocrx_word' id='word_1_144' title='bbox 514 2662 812 2712; x_wconf 79' lang='lat' dir='ltr'>‘Invictum</span> <span class='ocrx_word' id='word_1_145' title='bbox 849 2659 1090 2724; x_wconf 85' lang='lat' dir='ltr'>Alpibus,</span> <span class='ocrx_word' id='word_1_146' title='bbox 1125 2653 1345 2705; x_wconf 84' lang='lat' dir='ltr'>indomi-</span> 
     </span>
     <span class='ocr_line' id='line_1_30' title="bbox 290 2735 1348 2802; baseline -0.009 -14"><span class='ocrx_word' id='word_1_147' title='bbox 290 2745 392 2791; x_wconf 87' lang='lat' dir='ltr'>tum</span> <span class='ocrx_word' id='word_1_148' title='bbox 436 2740 614 2802; x_wconf 88' lang='lat' dir='ltr'>armis,</span> <span class='ocrx_word' id='word_1_149' title='bbox 654 2737 955 2802; x_wconf 82' lang='lat' dir='ltr'>Campaniae</span> <span class='ocrx_word' id='word_1_150' title='bbox 999 2735 1135 2785; x_wconf 86' lang='lat' dir='ltr'>soles</span> <span class='ocrx_word' id='word_1_151' title='bbox 1168 2738 1226 2781; x_wconf 87' lang='lat' dir='ltr'>et</span> <span class='ocrx_word' id='word_1_152' title='bbox 1269 2737 1348 2780; x_wconf 91' lang='lat' dir='ltr'>te·</span> 
     </span>
    </p>

    <p class='ocr_par' dir='ltr' id='par_1_10' title="bbox 290 2806 1346 2888">
     <span class='ocr_line' id='line_1_31' title="bbox 290 2806 1346 2888; baseline -0.011 -19"><span class='ocrx_word' id='word_1_153' title='bbox 290 2824 465 2888; x_wconf 81' lang='lat' dir='ltr'>pentes</span> <span class='ocrx_word' id='word_1_154' title='bbox 505 2816 742 2867; x_wconf 83' lang='lat' dir='ltr'>fontibus</span> <span class='ocrx_word' id='word_1_155' title='bbox 787 2814 933 2864; x_wconf 77' lang='lat' dir='ltr'>Baiae</span> <span class='ocrx_word' id='word_1_156' title='bbox 994 2806 1346 2873; x_wconf 59' lang='lat' dir='ltr'>subegerunt?</span> 
     </span>
    </p>

    <p class='ocr_par' dir='ltr' id='par_1_11' title="bbox 292 2884 1352 3341">
     <span class='ocr_line' id='line_1_32' title="bbox 293 2884 1348 2959; baseline -0.01 -14"><span class='ocrx_word' id='word_1_157' title='bbox 293 2894 503 2945; x_wconf 83' lang='lat' dir='ltr'>Ovidius</span> <span class='ocrx_word' id='word_1_158' title='bbox 537 2894 706 2959; x_wconf 82' lang='lat' dir='ltr'>primo</span> <span class='ocrx_word' id='word_1_159' title='bbox 745 2893 890 2942; x_wconf 86' lang='lat' dir='ltr'>Fast.</span> <span class='ocrx_word' id='word_1_160' title='bbox 944 2890 1125 2939; x_wconf 85' lang='lat' dir='ltr'>‘Tunc</span> <span class='ocrx_word' id='word_1_161' title='bbox 1171 2884 1348 2937; x_wconf 86' lang='lat' dir='ltr'>blandi</span> 
     </span>
     <span class='ocr_line' id='line_1_33' title="bbox 292 2963 1351 3037; baseline -0.009 -15"><span class='ocrx_word' id='word_1_162' title='bbox 292 2973 439 3035; x_wconf 75' lang='lat' dir='ltr'>soles,</span> <span class='ocrx_word' id='word_1_163' title='bbox 468 2974 753 3037; x_wconf 81' lang='lat' dir='ltr'>ignotaque</span> <span class='ocrx_word' id='word_1_164' title='bbox 777 2966 955 3033; x_wconf 81' lang='lat' dir='ltr'>prodit</span> <span class='ocrx_word' id='word_1_165' title='bbox 969 2965 1205 3015; x_wconf 86' lang='lat' dir='ltr'>hirundo.</span> <span class='ocrx_word' id='word_1_166' title='bbox 1210 2963 1226 2987; x_wconf 90' lang='lat'>&#39;</span> <span class='ocrx_word' id='word_1_167' title='bbox 1281 2964 1351 3012; x_wconf 90' lang='lat' dir='ltr'>Et</span> 
     </span>
     <span class='ocr_line' id='line_1_34' title="bbox 293 3046 1352 3106; baseline -0.009 -8"><span class='ocrx_word' id='word_1_168' title='bbox 293 3048 421 3098; x_wconf 87' lang='lat' dir='ltr'>libro</span> <span class='ocrx_word' id='word_1_169' title='bbox 463 3053 514 3098; x_wconf 83' lang='lat'>2.</span> <span class='ocrx_word' id='word_1_170' title='bbox 566 3046 813 3106; x_wconf 76' lang='lat' dir='ltr'>‘Solibus</span> <span class='ocrx_word' id='word_1_171' title='bbox 852 3050 908 3094; x_wconf 90' lang='lat' dir='ltr'>et</span> <span class='ocrx_word' id='word_1_172' title='bbox 939 3055 1133 3106; x_wconf 90' lang='lat' dir='ltr'>campo</span> <span class='ocrx_word' id='word_1_173' title='bbox 1169 3054 1352 3104; x_wconf 86' lang='lat' dir='ltr'>corpo·</span> 
     </span>
     <span class='ocr_line' id='line_1_35' title="bbox 294 3119 1349 3176; baseline -0.008 -2"><span class='ocrx_word' id='word_1_174' title='bbox 294 3140 350 3175; x_wconf 87' lang='lat' dir='ltr'>ra</span> <span class='ocrx_word' id='word_1_175' title='bbox 387 3127 527 3176; x_wconf 87' lang='lat' dir='ltr'>nuda</span> <span class='ocrx_word' id='word_1_176' title='bbox 581 3122 813 3175; x_wconf 87' lang='lat' dir='ltr'>dabant.’</span> <span class='ocrx_word' id='word_1_177' title='bbox 890 3121 1043 3170; x_wconf 84' lang='lat' dir='ltr'>Idem</span> <span class='ocrx_word' id='word_1_178' title='bbox 1087 3122 1168 3170; x_wconf 80' lang='grc'>18.</span> <span class='ocrx_word' id='word_1_179' title='bbox 1212 3119 1349 3168; x_wconf 76' lang='lat' dir='ltr'>Met.=</span> 
     </span>
     <span class='ocr_line' id='line_1_36' title="bbox 292 3195 1352 3265; baseline -0.014 -8"><span class='ocrx_word' id='word_1_180' title='bbox 292 3207 307 3234; x_wconf 90' lang='lat'>‘</span> <span class='ocrx_word' id='word_1_181' title='bbox 326 3205 527 3256; x_wconf 84' lang='lat' dir='ltr'>Solibus</span> <span class='ocrx_word' id='word_1_182' title='bbox 553 3202 803 3265; x_wconf 88' lang='lat' dir='ltr'>hibernis,</span> <span class='ocrx_word' id='word_1_183' title='bbox 825 3199 1011 3249; x_wconf 65' lang='lat' dir='ltr'>aestiva</span> <span class='ocrx_word' id='word_1_184' title='bbox 1032 3195 1229 3260; x_wconf 85' lang='lat' dir='ltr'>gratior</span> <span class='ocrx_word' id='word_1_185' title='bbox 1259 3205 1352 3243; x_wconf 89' lang='lat' dir='ltr'>un-</span> 
     </span>
     <span class='ocr_line' id='line_1_37' title="bbox 295 3265 1352 3341; baseline -0.01 -11"><span class='ocrx_word' id='word_1_186' title='bbox 295 3281 400 3332; x_wconf 55' lang='lat' dir='ltr'>da!</span> <span class='ocrx_word' id='word_1_187' title='bbox 424 3284 629 3333; x_wconf 86' lang='lat' dir='ltr'>Noster</span> <span class='ocrx_word' id='word_1_188' title='bbox 645 3279 779 3328; x_wconf 84' lang='lat' dir='ltr'>libro</span> <span class='ocrx_word' id='word_1_189' title='bbox 798 3282 847 3328; x_wconf 91' lang='grc'>6.</span> <span class='ocrx_word' id='word_1_190' title='bbox 869 3278 969 3341; x_wconf 85' lang='lat' dir='ltr'>Ep.</span> <span class='ocrx_word' id='word_1_191' title='bbox 988 3278 1073 3325; x_wconf 76' lang='grc'>48.</span> <span class='ocrx_word' id='word_1_192' title='bbox 1128 3273 1144 3301; x_wconf 89' lang='lat'>‘</span> <span class='ocrx_word' id='word_1_193' title='bbox 1161 3265 1352 3321; x_wconf 86' lang='lat' dir='ltr'>Baiani</span> 
     </span>
    </p>
   </div>
   <div class='ocr_carea' id='block_1_5' title="bbox 297 3350 1354 3561">
    <p class='ocr_par' dir='ltr' id='par_1_12' title="bbox 297 3350 1354 3560">
     <span class='ocr_line' id='line_1_38' title="bbox 297 3350 1352 3416; baseline -0.007 -9"><span class='ocrx_word' id='word_1_194' title='bbox 297 3361 464 3409; x_wconf 61' lang='lat' dir='ltr'>soles)</span> <span class='ocrx_word' id='word_1_195' title='bbox 518 3360 591 3408; x_wconf 87' lang='lat' dir='ltr'>Et</span> <span class='ocrx_word' id='word_1_196' title='bbox 635 3356 767 3406; x_wconf 82' lang='lat' dir='ltr'>libro</span> <span class='ocrx_word' id='word_1_197' title='bbox 793 3360 898 3405; x_wconf 82' lang='lat'><strong>·10.</strong></span> <span class='ocrx_word' id='word_1_198' title='bbox 941 3355 1043 3416; x_wconf 82' lang='lat' dir='ltr'>Ep.</span> <span class='ocrx_word' id='word_1_199' title='bbox 1114 3356 1199 3403; x_wconf 81' lang='lat'>51.</span> <span class='ocrx_word' id='word_1_200' title='bbox 1264 3350 1352 3400; x_wconf 90' lang='lat'>‘0</span> 
     </span>
     <span class='ocr_line' id='line_1_39' title="bbox 299 3426 1354 3496; baseline -0.009 -13"><span class='ocrx_word' id='word_1_201' title='bbox 299 3437 456 3485; x_wconf 80' lang='lat' dir='ltr'>soles!</span> <span class='ocrx_word' id='word_1_202' title='bbox 527 3451 560 3485; x_wconf 94' lang='lat' dir='ltr'>o</span> <span class='ocrx_word' id='word_1_203' title='bbox 633 3432 867 3484; x_wconf 85' lang='lat' dir='ltr'>tunicata</span> <span class='ocrx_word' id='word_1_204' title='bbox 931 3426 1117 3496; x_wconf 58' lang='lat' dir='ltr'>quies!</span> <span class='ocrx_word' id='word_1_205' title='bbox 1224 3426 1354 3484; x_wconf 56' lang='grc' dir='ltr'>(ἔπιε</span> 
     </span>
     <span class='ocr_line' id='line_1_40' title="bbox 302 3526 403 3561; baseline 0 -2"><span class='ocrx_word' id='word_1_206' title='bbox 302 3526 403 3561; x_wconf 71' lang='grc' dir='ltr'><strong>που.</strong></span> 
     </span>
    </p>
   </div>
   <div class='ocr_carea' id='block_1_6' title="bbox 294 3527 1363 4408">
    <p class='ocr_par' dir='ltr' id='par_1_13' title="bbox 297 3527 1359 3868">
     <span class='ocr_line' id='line_1_41' title="bbox 343 3527 1356 3645; baseline -0.011 -8"><span class='ocrx_word' id='word_1_207' title='bbox 343 3592 373 3636; x_wconf 72' lang='grc'><strong>3</strong></span> <span class='ocrx_word' id='word_1_208' title='bbox 394 3588 526 3645; x_wconf 74' lang='lat' dir='ltr'>Quia</span> <span class='ocrx_word' id='word_1_209' title='bbox 545 3584 738 3636; x_wconf 71' lang='lat' dir='ltr'>Rbus-is</span> <span class='ocrx_word' id='word_1_210' title='bbox 750 3584 844 3635; x_wconf 73' lang='lat' dir='ltr'>alti</span> <span class='ocrx_word' id='word_1_211' title='bbox 854 3581 1017 3645; x_wconf 74' lang='lat' dir='ltr'>Aura]</span> <span class='ocrx_word' id='word_1_212' title='bbox 1037 3527 1191 3630; x_wconf 85' lang='lat' dir='ltr'>Silius</span> <span class='ocrx_word' id='word_1_213' title='bbox 1208 3578 1356 3629; x_wconf 86' lang='lat' dir='ltr'>Itali·</span> 
     </span>
     <span class='ocr_line' id='line_1_42' title="bbox 297 3653 1360 3714; baseline -0.011 -1"><span class='ocrx_word' id='word_1_214' title='bbox 297 3665 490 3714; x_wconf 78' lang='lat' dir='ltr'>cuslib.</span> <span class='ocrx_word' id='word_1_215' title='bbox 511 3668 593 3713; x_wconf 91' lang='grc'>12.</span> <span class='ocrx_word' id='word_1_216' title='bbox 619 3662 754 3712; x_wconf 80' lang='lat' dir='ltr'>Pun.</span> <span class='ocrx_word' id='word_1_217' title='bbox 785 3659 989 3711; x_wconf 78' lang='lat' dir='ltr'>‘Quale</span> <span class='ocrx_word' id='word_1_218' title='bbox 1029 3653 1210 3706; x_wconf 87' lang='lat' dir='ltr'>micat</span> <span class='ocrx_word' id='word_1_219' title='bbox 1230 3668 1360 3703; x_wconf 85' lang='lat' dir='ltr'>sem</span> 
     </span>
     <span class='ocr_line' id='line_1_43' title="bbox 300 3734 1359 3806; baseline -0.007 -18"><span class='ocrx_word' id='word_1_220' title='bbox 300 3755 488 3806; x_wconf 84' lang='lat' dir='ltr'>perque</span> <span class='ocrx_word' id='word_1_221' title='bbox 509 3747 714 3790; x_wconf 85' lang='lat' dir='ltr'>novum</span> <span class='ocrx_word' id='word_1_222' title='bbox 720 3744 823 3799; x_wconf 86' lang='lat' dir='ltr'>est,</span> <span class='ocrx_word' id='word_1_223' title='bbox 844 3735 983 3801; x_wconf 86' lang='lat' dir='ltr'>quod</span> <span class='ocrx_word' id='word_1_224' title='bbox 998 3734 1207 3784; x_wconf 81' lang='lat' dir='ltr'>Tiburis</span> <span class='ocrx_word' id='word_1_225' title='bbox 1232 3747 1359 3782; x_wconf 84' lang='lat' dir='ltr'>aura</span> 
     </span>
     <span class='ocr_line' id='line_1_44' title="bbox 299 3815 1032 3868; baseline -0.001 -4"><span class='ocrx_word' id='word_1_226' title='bbox 299 3818 474 3868; x_wconf 86' lang='lat' dir='ltr'>Pascit</span> <span class='ocrx_word' id='word_1_227' title='bbox 496 3817 645 3867; x_wconf 88' lang='lat' dir='ltr'>ebur.</span> <span class='ocrx_word' id='word_1_228' title='bbox 644 3815 659 3838; x_wconf 87' lang='lat'><em>&#39;</em></span> <span class='ocrx_word' id='word_1_229' title='bbox 714 3816 1032 3864; x_wconf 73' lang='lat' dir='ltr'>Gronovius.</span> 
     </span>
    </p>

    <p class='ocr_par' dir='ltr' id='par_1_14' title="bbox 301 3890 1359 4408">
     <span class='ocr_line' id='line_1_45' title="bbox 362 3890 1359 3968; baseline -0.009 -22"><span class='ocrx_word' id='word_1_230' title='bbox 362 3897 523 3946; x_wconf 69' lang='lat' dir='ltr'>Eme.</span> <span class='ocrx_word' id='word_1_231' title='bbox 543 3908 664 3945; x_wconf 61' lang='grc' dir='ltr'>ιιι.</span> <span class='ocrx_word' id='word_1_232' title='bbox 698 3899 724 3944; x_wconf 95' lang='grc'><strong>1</strong></span> <span class='ocrx_word' id='word_1_233' title='bbox 748 3890 1050 3955; x_wconf 37' lang='lat' dir='ltr'>Secund-Q]</span> <span class='ocrx_word' id='word_1_234' title='bbox 1073 3890 1359 3968; x_wconf 85' lang='lat' dir='ltr'>Parcarum</span> 
     </span>
     <span class='ocr_line' id='line_1_46' title="bbox 301 3965 1359 4034; baseline -0.004 -14"><span class='ocrx_word' id='word_1_235' title='bbox 301 3972 500 4023; x_wconf 84' lang='lat' dir='ltr'>scilicet</span> <span class='ocrx_word' id='word_1_236' title='bbox 540 3972 811 4034; x_wconf 84' lang='lat' dir='ltr'>malarum,</span> <span class='ocrx_word' id='word_1_237' title='bbox 840 3976 901 4019; x_wconf 89' lang='lat' dir='ltr'>ut</span> <span class='ocrx_word' id='word_1_238' title='bbox 954 3967 1138 4032; x_wconf 79' lang='lat' dir='ltr'>Epigr.</span> <span class='ocrx_word' id='word_1_239' title='bbox 1157 3965 1266 4017; x_wconf 91' lang='grc'>62</span> <span class='ocrx_word' id='word_1_240' title='bbox 1298 3968 1359 4016; x_wconf 89' lang='lat' dir='ltr'>li-</span> 
     </span>
     <span class='ocr_line' id='line_1_47' title="bbox 302 4049 1363 4220; baseline -0.007 -43"><span class='ocrx_word' id='word_1_241' title='bbox 302 4049 393 4176; x_wconf 59' lang='lat'>¹³¹³</span> <span class='ocrx_word' id='word_1_242' title='bbox 415 4055 667 4189; x_wconf 45' lang='grc' dir='ltr'>ἷζοναυίι,</span> <span class='ocrx_word' id='word_1_243' title='bbox 707 4124 813 4189; x_wconf 56' lang='grc' dir='ltr'>ξω]</span> <span class='ocrx_word' id='word_1_244' title='bbox 847 4126 1022 4175; x_wconf 83' lang='lat' dir='ltr'>Carm.</span> <span class='ocrx_word' id='word_1_245' title='bbox 1041 4127 1092 4173; x_wconf 87' lang='grc'>2.</span> <span class='ocrx_word' id='word_1_246' title='bbox 1114 4127 1170 4220; x_wconf 84' lang='lat' dir='ltr'>et</span> <span class='ocrx_word' id='word_1_247' title='bbox 1192 4124 1240 4172; x_wconf 92' lang='grc'>8.</span> <span class='ocrx_word' id='word_1_248' title='bbox 1263 4121 1363 4171; x_wconf 82' lang='lat' dir='ltr'>Ca-</span> 
     </span>
     <span class='ocr_line' id='line_1_48' title="bbox 294 4204 1363 4408; baseline -0.008 -75.931"><span class='ocrx_word' id='word_1_249' title='bbox 294 4204 619 4408; x_wconf 50' lang='grc' dir='ltr'>ἶῗὲἰιεεϋίι,</span> <span class='ocrx_word' id='word_1_250' title='bbox 659 4278 769 4345; x_wconf 59' lang='lat'>⁸50]</span> <span class='ocrx_word' id='word_1_251' title='bbox 813 4276 950 4329; x_wconf 83' lang='lat' dir='ltr'>Vide</span> <span class='ocrx_word' id='word_1_252' title='bbox 996 4286 1052 4328; x_wconf 86' lang='lat' dir='ltr'>et</span> <span class='ocrx_word' id='word_1_253' title='bbox 1092 4276 1272 4341; x_wconf 87' lang='lat' dir='ltr'>Epigr.</span> <span class='ocrx_word' id='word_1_254' title='bbox 1312 4277 1363 4325; x_wconf 84' lang='lat'>8.</span> 
     </span>
    </p>

    <p class='ocr_par' dir='ltr' id='par_1_15' title="bbox 326 4363 502 4408">
     <span class='ocr_line' id='line_1_49' title="bbox 326 4363 502 4408; baseline 0.013 -2"><span class='ocrx_word' id='word_1_255' title='bbox 326 4374 340 4406; x_wconf 86' lang='grc' dir='ltr'>ι</span> <span class='ocrx_word' id='word_1_256' title='bbox 374 4371 432 4408; x_wconf 84' lang='lat' dir='ltr'>ro</span> <span class='ocrx_word' id='word_1_257' title='bbox 454 4363 502 4408; x_wconf 90' lang='lat'>1.</span> 
     </span>
    </p>
   </div>
   <div class='ocr_carea' id='block_1_7' title="bbox 2294 405 2469 473">
    <p class='ocr_par' dir='ltr' id='par_1_16' title="bbox 2294 405 2469 473">
     <span class='ocr_line' id='line_1_50' title="bbox 2294 405 2469 473; baseline -0.011 0"><span class='ocrx_word' id='word_1_258' title='bbox 2294 405 2469 473; x_wconf 78' lang='lat'><strong>1279</strong></span> 
     </span>
    </p>
   </div>
   <div class='ocr_carea' id='block_1_8' title="bbox 1401 565 2500 3261">
    <p class='ocr_par' dir='ltr' id='par_1_17' title="bbox 1401 565 2467 791">
     <span class='ocr_line' id='line_1_51' title="bbox 1463 565 2467 637; baseline -0.007 -14"><span class='ocrx_word' id='word_1_259' title='bbox 1463 579 1494 623; x_wconf 85' lang='grc'><strong>5</strong></span> <span class='ocrx_word' id='word_1_260' title='bbox 1533 574 1665 630; x_wconf 80' lang='lat' dir='ltr'>Quas</span> <span class='ocrx_word' id='word_1_261' title='bbox 1691 569 1861 637; x_wconf 58' lang='lat' dir='ltr'>fletu]</span> <span class='ocrx_word' id='word_1_262' title='bbox 1892 568 2019 619; x_wconf 90' lang='lat' dir='ltr'>Scil.</span> <span class='ocrx_word' id='word_1_263' title='bbox 2043 565 2270 618; x_wconf 76' lang='lat' dir='ltr'>delitias.</span> <span class='ocrx_word' id='word_1_264' title='bbox 2319 565 2467 616; x_wconf 82' lang='lat' dir='ltr'>Male</span> 
     </span>
     <span class='ocr_line' id='line_1_52' title="bbox 1402 642 2472 715; baseline -0.009 -15"><span class='ocrx_word' id='word_1_265' title='bbox 1402 650 1490 701; x_wconf 89' lang='lat' dir='ltr'>alii</span> <span class='ocrx_word' id='word_1_266' title='bbox 1526 652 1630 715; x_wconf 87' lang='lat' dir='ltr'>leg.</span> <span class='ocrx_word' id='word_1_267' title='bbox 1654 665 1794 714; x_wconf 80' lang='lat' dir='ltr'>quam</span> <span class='ocrx_word' id='word_1_268' title='bbox 1815 648 1999 713; x_wconf 77' lang='lat' dir='ltr'>flevit.-</span> <span class='ocrx_word' id='word_1_269' title='bbox 2032 658 2202 709; x_wconf 82' lang='lat' dir='ltr'>neque</span> <span class='ocrx_word' id='word_1_270' title='bbox 2232 642 2369 694; x_wconf 88' lang='lat' dir='ltr'>enim</span> <span class='ocrx_word' id='word_1_271' title='bbox 2384 657 2472 693; x_wconf 86' lang='lat' dir='ltr'>--re</span> 
     </span>
     <span class='ocr_line' id='line_1_53' title="bbox 1401 719 2227 791; baseline -0.009 -15"><span class='ocrx_word' id='word_1_272' title='bbox 1401 725 1531 777; x_wconf 85' lang='lat' dir='ltr'>ferri</span> <span class='ocrx_word' id='word_1_273' title='bbox 1555 732 1729 791; x_wconf 86' lang='lat' dir='ltr'>potest</span> <span class='ocrx_word' id='word_1_274' title='bbox 1753 726 1818 775; x_wconf 89' lang='lat' dir='ltr'>ad</span> <span class='ocrx_word' id='word_1_275' title='bbox 1858 726 1874 754; x_wconf 90' lang='lat'>‘</span> <span class='ocrx_word' id='word_1_276' title='bbox 1896 719 2227 774; x_wconf 84' lang='lat' dir='ltr'>columbam.</span> 
     </span>
    </p>

    <p class='ocr_par' dir='ltr' id='par_1_18' title="bbox 1404 796 2473 1007">
     <span class='ocr_line' id='line_1_54' title="bbox 1466 796 2473 870; baseline -0.009 -16"><span class='ocrx_word' id='word_1_277' title='bbox 1466 809 1501 854; x_wconf 99' lang='grc'><strong>6</strong></span> <span class='ocrx_word' id='word_1_278' title='bbox 1536 803 1700 870; x_wconf 74' lang='lat' dir='ltr'>Elysio</span> <span class='ocrx_word' id='word_1_279' title='bbox 1739 803 1902 865; x_wconf 69' lang='lat' dir='ltr'>nigra,</span> <span class='ocrx_word' id='word_1_280' title='bbox 1936 798 2047 865; x_wconf 52' lang='grc' dir='ltr'>ξω]</span> <span class='ocrx_word' id='word_1_281' title='bbox 2079 796 2328 848; x_wconf 66' lang='lat' dir='ltr'>poetice·</span> <span class='ocrx_word' id='word_1_282' title='bbox 2364 811 2473 846; x_wconf 84' lang='lat' dir='ltr'>om·</span> 
     </span>
     <span class='ocr_line' id='line_1_55' title="bbox 1404 869 2473 938; baseline -0.009 -8"><span class='ocrx_word' id='word_1_283' title='bbox 1404 881 1547 930; x_wconf 88' lang='lat' dir='ltr'>nium</span> <span class='ocrx_word' id='word_1_284' title='bbox 1563 880 1699 930; x_wconf 86' lang='lat' dir='ltr'>enim</span> <span class='ocrx_word' id='word_1_285' title='bbox 1714 893 1883 929; x_wconf 87' lang='lat' dir='ltr'>rerum</span> <span class='ocrx_word' id='word_1_286' title='bbox 1898 876 2106 927; x_wconf 82' lang='lat' dir='ltr'>umbras</span> <span class='ocrx_word' id='word_1_287' title='bbox 2121 871 2259 938; x_wconf 86' lang='lat' dir='ltr'>apud</span> <span class='ocrx_word' id='word_1_288' title='bbox 2276 869 2473 922; x_wconf 89' lang='lat' dir='ltr'>inferos</span> 
     </span>
     <span class='ocr_line' id='line_1_56' title="bbox 1404 957 1744 1007; baseline -0.012 0"><span class='ocrx_word' id='word_1_289' title='bbox 1404 957 1589 1007; x_wconf 80' lang='lat' dir='ltr'>volunt</span> <span class='ocrx_word' id='word_1_290' title='bbox 1611 969 1744 1006; x_wconf 73' lang='lat' dir='ltr'>esse.</span> 
     </span>
    </p>

    <p class='ocr_par' dir='ltr' id='par_1_19' title="bbox 1406 1024 2477 1317">
     <span class='ocr_line' id='line_1_57' title="bbox 1470 1024 2473 1091; baseline -0.01 -8"><span class='ocrx_word' id='word_1_291' title='bbox 1470 1034 1634 1084; x_wconf 74' lang='lat' dir='ltr'>Eme.</span> <span class='ocrx_word' id='word_1_292' title='bbox 1657 1046 1754 1082; x_wconf 84' lang='lat' dir='ltr'>xv.</span> <span class='ocrx_word' id='word_1_293' title='bbox 1789 1035 1815 1080; x_wconf 95' lang='grc'><strong>1</strong></span> <span class='ocrx_word' id='word_1_294' title='bbox 1845 1031 1972 1080; x_wconf 78' lang='lat' dir='ltr'>Puer</span> <span class='ocrx_word' id='word_1_295' title='bbox 1989 1028 2067 1078; x_wconf 72' lang='lat' dir='ltr'>llic</span> <span class='ocrx_word' id='word_1_296' title='bbox 2088 1026 2283 1091; x_wconf 78' lang='lat' dir='ltr'>nitidis]</span> <span class='ocrx_word' id='word_1_297' title='bbox 2321 1024 2473 1088; x_wconf 88' lang='lat' dir='ltr'>Argi·</span> 
     </span>
     <span class='ocr_line' id='line_1_58' title="bbox 1406 1105 2477 1173; baseline -0.008 -10"><span class='ocrx_word' id='word_1_298' title='bbox 1406 1128 1503 1163; x_wconf 88' lang='lat' dir='ltr'>uus</span> <span class='ocrx_word' id='word_1_299' title='bbox 1516 1114 1733 1165; x_wconf 84' lang='lat' dir='ltr'>scilicet.</span> <span class='ocrx_word' id='word_1_300' title='bbox 1755 1106 1971 1163; x_wconf 65' lang='grc' dir='ltr'>ΑῠείειίίΓ</span> <span class='ocrx_word' id='word_1_301' title='bbox 1982 1108 2254 1173; x_wconf 73' lang='lat' dir='ltr'>Ianthidos]</span> <span class='ocrx_word' id='word_1_302' title='bbox 2268 1107 2371 1160; x_wconf 79' lang='lat' dir='ltr'>Qui</span> <span class='ocrx_word' id='word_1_303' title='bbox 2385 1105 2477 1155; x_wconf 89' lang='lat' dir='ltr'>ab·</span> 
     </span>
     <span class='ocr_line' id='line_1_59' title="bbox 1408 1178 2477 1255; baseline -0.006 -17"><span class='ocrx_word' id='word_1_304' title='bbox 1408 1190 1695 1255; x_wconf 85' lang='lat' dir='ltr'>stinet,qui</span> <span class='ocrx_word' id='word_1_305' title='bbox 1737 1188 1953 1254; x_wconf 84' lang='lat' dir='ltr'>refugit.</span> <span class='ocrx_word' id='word_1_306' title='bbox 2026 1187 2204 1252; x_wconf 83' lang='lat' dir='ltr'>Undis]</span> <span class='ocrx_word' id='word_1_307' title='bbox 2235 1178 2403 1236; x_wconf 84' lang='lat' dir='ltr'>Fonte</span> <span class='ocrx_word' id='word_1_308' title='bbox 2421 1184 2477 1232; x_wconf 87' lang='lat' dir='ltr'>in</span> 
     </span>
     <span class='ocr_line' id='line_1_60' title="bbox 1408 1266 1839 1317; baseline 0 -2"><span class='ocrx_word' id='word_1_309' title='bbox 1408 1266 1610 1316; x_wconf 79' lang='lat' dir='ltr'>oedibus</span> <span class='ocrx_word' id='word_1_310' title='bbox 1636 1267 1839 1317; x_wconf 68' lang='lat' dir='ltr'>Stellae.</span> 
     </span>
    </p>

    <p class='ocr_par' dir='ltr' id='par_1_20' title="bbox 1410 1337 2495 2868">
     <span class='ocr_line' id='line_1_61' title="bbox 1471 1337 2479 1406; baseline -0.006 -13"><span class='ocrx_word' id='word_1_311' title='bbox 1471 1348 1506 1393; x_wconf 89' lang='grc'><strong>2</strong></span> <span class='ocrx_word' id='word_1_312' title='bbox 1541 1345 1608 1393; x_wconf 80' lang='lat' dir='ltr'>Et</span> <span class='ocrx_word' id='word_1_313' title='bbox 1629 1343 1772 1406; x_wconf 79' lang='lat' dir='ltr'>fugit</span> <span class='ocrx_word' id='word_1_314' title='bbox 1810 1346 1873 1392; x_wconf 80' lang='lat' dir='ltr'>ad</span> <span class='ocrx_word' id='word_1_315' title='bbox 1894 1342 2131 1392; x_wconf 80' lang='lat' dir='ltr'>dominam</span> <span class='ocrx_word' id='word_1_316' title='bbox 2154 1338 2344 1402; x_wconf 79' lang='lat' dir='ltr'>Naida]</span> <span class='ocrx_word' id='word_1_317' title='bbox 2379 1337 2479 1388; x_wconf 84' lang='lat' dir='ltr'>Ar·</span> 
     </span>
     <span class='ocr_line' id='line_1_62' title="bbox 1410 1416 2480 1485; baseline -0.002 -15"><span class='ocrx_word' id='word_1_318' title='bbox 1410 1421 1521 1485; x_wconf 88' lang='lat' dir='ltr'>gini</span> <span class='ocrx_word' id='word_1_319' title='bbox 1554 1419 1780 1484; x_wconf 85' lang='lat' dir='ltr'>effigiem</span> <span class='ocrx_word' id='word_1_320' title='bbox 1813 1419 2044 1483; x_wconf 81' lang='lat' dir='ltr'>intellige</span> <span class='ocrx_word' id='word_1_321' title='bbox 2066 1419 2290 1483; x_wconf 82' lang='lat' dir='ltr'>positam</span> <span class='ocrx_word' id='word_1_322' title='bbox 2314 1416 2367 1466; x_wconf 88' lang='lat' dir='ltr'>in</span> <span class='ocrx_word' id='word_1_323' title='bbox 2390 1430 2480 1468; x_wconf 79' lang='lat' dir='ltr'>ne-</span> 
     </span>
     <span class='ocr_line' id='line_1_63' title="bbox 1411 1488 2482 1561; baseline -0.006 -15"><span class='ocrx_word' id='word_1_324' title='bbox 1411 1510 1556 1547; x_wconf 84' lang='lat' dir='ltr'>more</span> <span class='ocrx_word' id='word_1_325' title='bbox 1580 1504 1796 1561; x_wconf 84' lang='lat' dir='ltr'>propter</span> <span class='ocrx_word' id='word_1_326' title='bbox 1817 1494 2035 1558; x_wconf 85' lang='lat' dir='ltr'>fontem,</span> <span class='ocrx_word' id='word_1_327' title='bbox 2050 1509 2203 1559; x_wconf 89' lang='lat' dir='ltr'>quem</span> <span class='ocrx_word' id='word_1_328' title='bbox 2224 1494 2393 1543; x_wconf 87' lang='lat' dir='ltr'>Stella</span> <span class='ocrx_word' id='word_1_329' title='bbox 2415 1488 2482 1541; x_wconf 83' lang='lat' dir='ltr'>ab</span> 
     </span>
     <span class='ocr_line' id='line_1_64' title="bbox 1414 1572 2485 1636; baseline -0.005 -13"><span class='ocrx_word' id='word_1_330' title='bbox 1414 1573 1593 1623; x_wconf 83' lang='lat' dir='ltr'>uxoris</span> <span class='ocrx_word' id='word_1_331' title='bbox 1614 1574 1931 1623; x_wconf 79' lang='lat' dir='ltr'>Violantillae</span> <span class='ocrx_word' id='word_1_332' title='bbox 1955 1573 2162 1633; x_wconf 89' lang='lat' dir='ltr'>nomine</span> <span class='ocrx_word' id='word_1_333' title='bbox 2185 1572 2485 1636; x_wconf 81' lang='lat' dir='ltr'>appellave-</span> 
     </span>
     <span class='ocr_line' id='line_1_65' title="bbox 1414 1649 2484 1713; baseline -0.006 -13"><span class='ocrx_word' id='word_1_334' title='bbox 1414 1653 1496 1700; x_wconf 85' lang='lat' dir='ltr'>rat</span> <span class='ocrx_word' id='word_1_335' title='bbox 1515 1650 1757 1700; x_wconf 85' lang='lat' dir='ltr'>Ianthida</span> <span class='ocrx_word' id='word_1_336' title='bbox 1778 1667 1791 1698; x_wconf 88' lang='lat'><strong>:</strong></span> <span class='ocrx_word' id='word_1_337' title='bbox 1828 1649 1919 1699; x_wconf 90' lang='lat' dir='ltr'>sed</span> <span class='ocrx_word' id='word_1_338' title='bbox 1942 1649 2020 1698; x_wconf 84' lang='lat' dir='ltr'>ita</span> <span class='ocrx_word' id='word_1_339' title='bbox 2039 1654 2280 1713; x_wconf 89' lang='lat' dir='ltr'>propter,</span> <span class='ocrx_word' id='word_1_340' title='bbox 2304 1653 2360 1696; x_wconf 90' lang='lat' dir='ltr'>ut</span> <span class='ocrx_word' id='word_1_341' title='bbox 2377 1652 2484 1695; x_wconf 55' lang='lat' dir='ltr'>mo*</span> 
     </span>
     <span class='ocr_line' id='line_1_66' title="bbox 1415 1721 2483 1776; baseline -0.006 0"><span class='ocrx_word' id='word_1_342' title='bbox 1415 1726 1605 1776; x_wconf 86' lang='lat' dir='ltr'>dicum·</span> <span class='ocrx_word' id='word_1_343' title='bbox 1621 1727 1950 1776; x_wconf 79' lang='lat' dir='ltr'>intervallum</span> <span class='ocrx_word' id='word_1_344' title='bbox 1981 1725 2283 1775; x_wconf 86' lang='lat' dir='ltr'>interesset.</span> <span class='ocrx_word' id='word_1_345' title='bbox 2352 1721 2483 1772; x_wconf 87' lang='lat' dir='ltr'>Ideo</span> 
     </span>
     <span class='ocr_line' id='line_1_67' title="bbox 1413 1801 2485 1868; baseline -0.008 -13"><span class='ocrx_word' id='word_1_346' title='bbox 1413 1803 1564 1868; x_wconf 79' lang='lat' dir='ltr'>fingit</span> <span class='ocrx_word' id='word_1_347' title='bbox 1607 1803 1781 1853; x_wconf 65' lang='lat' dir='ltr'>Poeta</span> <span class='ocrx_word' id='word_1_348' title='bbox 1819 1815 2035 1867; x_wconf 87' lang='lat' dir='ltr'>puerum</span> <span class='ocrx_word' id='word_1_349' title='bbox 2099 1801 2174 1850; x_wconf 89' lang='lat' dir='ltr'>sic</span> <span class='ocrx_word' id='word_1_350' title='bbox 2235 1801 2485 1860; x_wconf 85' lang='lat' dir='ltr'>locatum,</span> 
     </span>
     <span class='ocr_line' id='line_1_68' title="bbox 1414 1878 2493 1944; baseline -0.005 -15"><span class='ocrx_word' id='word_1_351' title='bbox 1414 1880 1562 1944; x_wconf 87' lang='lat' dir='ltr'>quasi</span> <span class='ocrx_word' id='word_1_352' title='bbox 1581 1885 1850 1929; x_wconf 79' lang='lat' dir='ltr'>vereretur</span> <span class='ocrx_word' id='word_1_353' title='bbox 1881 1884 2058 1929; x_wconf 82' lang='lat' dir='ltr'>casum</span> <span class='ocrx_word' id='word_1_354' title='bbox 2082 1878 2273 1941; x_wconf 78' lang='lat' dir='ltr'>Hylae3</span> <span class='ocrx_word' id='word_1_355' title='bbox 2309 1889 2493 1941; x_wconf 78' lang='lat' dir='ltr'>quem,</span> 
     </span>
     <span class='ocr_line' id='line_1_69' title="bbox 1417 1953 2487 2022; baseline -0.005 -16"><span class='ocrx_word' id='word_1_356' title='bbox 1417 1971 1574 2020; x_wconf 86' lang='lat' dir='ltr'><strong>quum</strong></span> <span class='ocrx_word' id='word_1_357' title='bbox 1593 1957 2066 2022; x_wconf 79' lang='lat' dir='ltr'>appropinquasset</span> <span class='ocrx_word' id='word_1_358' title='bbox 2083 1953 2295 2009; x_wconf 84' lang='lat' dir='ltr'>nimium</span> <span class='ocrx_word' id='word_1_359' title='bbox 2316 1965 2487 2017; x_wconf 80' lang='lat' dir='ltr'>aquoe,</span> 
     </span>
     <span class='ocr_line' id='line_1_70' title="bbox 1417 2025 2492 2097; baseline -0.007 -14"><span class='ocrx_word' id='word_1_360' title='bbox 1417 2032 1876 2097; x_wconf 83' lang='lat' dir='ltr'>Nympharapuit.</span> <span class='ocrx_word' id='word_1_361' title='bbox 1930 2031 2099 2096; x_wconf 86' lang='lat' dir='ltr'>quue</span> <span class='ocrx_word' id='word_1_362' title='bbox 2139 2038 2248 2079; x_wconf 89' lang='lat' dir='ltr'>tum</span> <span class='ocrx_word' id='word_1_363' title='bbox 2278 2025 2492 2092; x_wconf 73' lang='lat' dir='ltr'>expre&#39;s&#39;-</span> 
     </span>
     <span class='ocr_line' id='line_1_71' title="bbox 1417 2104 2493 2174; baseline -0.004 -15"><span class='ocrx_word' id='word_1_364' title='bbox 1417 2111 1521 2160; x_wconf 81' lang='lat' dir='ltr'>sit:</span> <span class='ocrx_word' id='word_1_365' title='bbox 1575 2111 1682 2159; x_wconf 87' lang='lat' dir='ltr'>‘Et</span> <span class='ocrx_word' id='word_1_366' title='bbox 1729 2107 1926 2174; x_wconf 84' lang='lat' dir='ltr'>fugitat</span> <span class='ocrx_word' id='word_1_367' title='bbox 1972 2107 2230 2157; x_wconf 89' lang='lat' dir='ltr'>dominam</span> <span class='ocrx_word' id='word_1_368' title='bbox 2288 2104 2493 2156; x_wconf 83' lang='lat' dir='ltr'>Naida.’</span> 
     </span>
     <span class='ocr_line' id='line_1_72' title="bbox 1419 2182 2488 2250; baseline -0.003 -14"><span class='ocrx_word' id='word_1_369' title='bbox 1419 2186 1668 2250; x_wconf 82' lang='lat' dir='ltr'>Fugitare</span> <span class='ocrx_word' id='word_1_370' title='bbox 1711 2185 1938 2248; x_wconf 89' lang='lat' dir='ltr'>videtur,</span> <span class='ocrx_word' id='word_1_371' title='bbox 1969 2185 2090 2234; x_wconf 88' lang='lat' dir='ltr'>dum</span> <span class='ocrx_word' id='word_1_372' title='bbox 2131 2182 2355 2245; x_wconf 85' lang='lat' dir='ltr'>absistit,</span> <span class='ocrx_word' id='word_1_373' title='bbox 2387 2190 2488 2233; x_wconf 80' lang='lat' dir='ltr'>nec</span> 
     </span>
     <span class='ocr_line' id='line_1_73' title="bbox 1416 2262 2490 2327; baseline -0.007 -13"><span class='ocrx_word' id='word_1_374' title='bbox 1416 2265 1578 2314; x_wconf 86' lang='lat' dir='ltr'>audet</span> <span class='ocrx_word' id='word_1_375' title='bbox 1599 2263 2037 2327; x_wconf 86' lang='lat' dir='ltr'>adpropinquare.</span> <span class='ocrx_word' id='word_1_376' title='bbox 2093 2262 2315 2310; x_wconf 81' lang='lat' dir='ltr'>Fontem</span> <span class='ocrx_word' id='word_1_377' title='bbox 2331 2262 2490 2307; x_wconf 84' lang='lat' dir='ltr'>vocat</span> 
     </span>
     <span class='ocr_line' id='line_1_74' title="bbox 1417 2334 2491 2403; baseline -0.009 -12"><span class='ocrx_word' id='word_1_378' title='bbox 1417 2341 1597 2391; x_wconf 84' lang='lat' dir='ltr'>Naida</span> <span class='ocrx_word' id='word_1_379' title='bbox 1623 2340 1902 2402; x_wconf 87' lang='lat' dir='ltr'>dominam,</span> <span class='ocrx_word' id='word_1_380' title='bbox 1919 2338 2043 2403; x_wconf 87' lang='lat' dir='ltr'>quia</span> <span class='ocrx_word' id='word_1_381' title='bbox 2060 2334 2282 2400; x_wconf 85' lang='lat' dir='ltr'>gerebat</span> <span class='ocrx_word' id='word_1_382' title='bbox 2304 2344 2491 2382; x_wconf 81' lang='lat' dir='ltr'>nomen</span> 
     </span>
     <span class='ocr_line' id='line_1_75' title="bbox 1422 2411 2495 2483; baseline -0.007 -16"><span class='ocrx_word' id='word_1_383' title='bbox 1422 2418 1648 2468; x_wconf 80' lang='lat' dir='ltr'>dominae</span> <span class='ocrx_word' id='word_1_384' title='bbox 1705 2415 1912 2483; x_wconf 82' lang='lat' dir='ltr'>Argiui,</span> <span class='ocrx_word' id='word_1_385' title='bbox 1938 2414 2133 2474; x_wconf 55' lang='lat' dir='ltr'>,uxoris</span> <span class='ocrx_word' id='word_1_386' title='bbox 2172 2411 2495 2477; x_wconf 82' lang='lat' dir='ltr'>Stellae,&#39;qui</span> 
     </span>
     <span class='ocr_line' id='line_1_76' title="bbox 1420 2489 2491 2560; baseline -0.007 -15"><span class='ocrx_word' id='word_1_387' title='bbox 1420 2497 1534 2560; x_wconf 83' lang='lat' dir='ltr'>ejus</span> <span class='ocrx_word' id='word_1_388' title='bbox 1552 2495 1808 2557; x_wconf 85' lang='lat' dir='ltr'>dominus.</span> <span class='ocrx_word' id='word_1_389' title='bbox 1870 2493 2159 2543; x_wconf 75' lang='lat' dir='ltr'>Gronovius.</span> <span class='ocrx_word' id='word_1_390' title='bbox 2230 2489 2491 2541; x_wconf 77' lang='lat' dir='ltr'>Dominum</span> 
     </span>
     <span class='ocr_line' id='line_1_77' title="bbox 1422 2564 2493 2634; baseline -0.008 -12"><span class='ocrx_word' id='word_1_391' title='bbox 1422 2570 1642 2634; x_wconf 77' lang='grc' dir='ltr'>Ναίαάα]</span> <span class='ocrx_word' id='word_1_392' title='bbox 1699 2570 1863 2634; x_wconf 87' lang='lat' dir='ltr'>Cujus</span> <span class='ocrx_word' id='word_1_393' title='bbox 1933 2568 2229 2632; x_wconf 83' lang='lat' dir='ltr'>Nympham</span> <span class='ocrx_word' id='word_1_394' title='bbox 2283 2564 2493 2614; x_wconf 83' lang='lat' dir='ltr'>dixerat</span> 
     </span>
     <span class='ocr_line' id='line_1_78' title="bbox 1424 2641 2494 2710; baseline -0.01 -10"><span class='ocrx_word' id='word_1_395' title='bbox 1424 2665 1541 2700; x_wconf 85' lang='lat' dir='ltr'>esse</span> <span class='ocrx_word' id='word_1_396' title='bbox 1579 2647 1837 2710; x_wconf 81' lang='lat' dir='ltr'>Ianthida,</span> <span class='ocrx_word' id='word_1_397' title='bbox 1872 2645 2195 2709; x_wconf 87' lang='lat' dir='ltr'>Epigramm.</span> <span class='ocrx_word' id='word_1_398' title='bbox 2222 2645 2305 2691; x_wconf 88' lang='grc'>50.</span> <span class='ocrx_word' id='word_1_399' title='bbox 2330 2641 2420 2691; x_wconf 89' lang='lat' dir='ltr'>lib.</span> <span class='ocrx_word' id='word_1_400' title='bbox 2439 2644 2494 2689; x_wconf 64' lang='grc' dir='ltr'><strong>τ’.</strong></span> 
     </span>
     <span class='ocr_line' id='line_1_79' title="bbox 1426 2722 2495 2794; baseline -0.01 -15"><span class='ocrx_word' id='word_1_401' title='bbox 1426 2729 1608 2794; x_wconf 74' lang='lat' dir='ltr'>Hylas]</span> <span class='ocrx_word' id='word_1_402' title='bbox 1640 2726 1754 2776; x_wconf 88' lang='lat' dir='ltr'>Lib.</span> <span class='ocrx_word' id='word_1_403' title='bbox 1795 2729 1844 2774; x_wconf 94' lang='grc'>6.</span> <span class='ocrx_word' id='word_1_404' title='bbox 1880 2722 2317 2789; x_wconf 40' lang='lat' dir='ltr'>EpigrammsGS.</span> <span class='ocrx_word' id='word_1_405' title='bbox 2361 2729 2495 2768; x_wconf 83' lang='lat' dir='ltr'>vers.</span> 
     </span>
     <span class='ocr_line' id='line_1_80' title="bbox 1429 2797 2489 2868; baseline -0.011 -13"><span class='ocrx_word' id='word_1_406' title='bbox 1429 2810 1477 2855; x_wconf 88' lang='grc'>8.</span> <span class='ocrx_word' id='word_1_407' title='bbox 1502 2812 1556 2854; x_wconf 89' lang='lat' dir='ltr'>et</span> <span class='ocrx_word' id='word_1_408' title='bbox 1575 2803 1758 2868; x_wconf 84' lang='lat' dir='ltr'>Epigr.</span> <span class='ocrx_word' id='word_1_409' title='bbox 1777 2806 1861 2852; x_wconf 82' lang='grc'>48.</span> <span class='ocrx_word' id='word_1_410' title='bbox 1887 2800 1978 2849; x_wconf 90' lang='lat' dir='ltr'>lib.</span> <span class='ocrx_word' id='word_1_411' title='bbox 2003 2805 2053 2849; x_wconf 92' lang='grc'>5.</span> <span class='ocrx_word' id='word_1_412' title='bbox 2078 2812 2214 2846; x_wconf 84' lang='lat' dir='ltr'>vers.</span> <span class='ocrx_word' id='word_1_413' title='bbox 2248 2797 2298 2846; x_wconf 71' lang='grc'><strong>5.</strong></span> <span class='ocrx_word' id='word_1_414' title='bbox 2482 2811 2489 2822; x_wconf 61' lang='grc'><strong><em>’</em></strong></span> 
     </span>
    </p>

    <p class='ocr_par' dir='ltr' id='par_1_21' title="bbox 1427 2871 2498 3261">
     <span class='ocr_line' id='line_1_81' title="bbox 1490 2871 2495 2942; baseline -0.01 -12"><span class='ocrx_word' id='word_1_415' title='bbox 1490 2885 1522 2930; x_wconf 83' lang='grc'><strong>8</strong></span> <span class='ocrx_word' id='word_1_416' title='bbox 1559 2882 1605 2930; x_wconf 88' lang='grc' dir='ltr'><em>Ο</em></span> <span class='ocrx_word' id='word_1_417' title='bbox 1640 2879 1771 2940; x_wconf 82' lang='lat' dir='ltr'>bene,</span> <span class='ocrx_word' id='word_1_418' title='bbox 1810 2876 1919 2942; x_wconf 60' lang='lat' dir='ltr'>esa]</span> <span class='ocrx_word' id='word_1_419' title='bbox 1978 2874 2028 2924; x_wconf 92' lang='grc' dir='ltr'>Ο</span> <span class='ocrx_word' id='word_1_420' title='bbox 2063 2874 2199 2923; x_wconf 89' lang='lat' dir='ltr'>bene</span> <span class='ocrx_word' id='word_1_421' title='bbox 2250 2871 2347 2922; x_wconf 89' lang='lat' dir='ltr'>tibi</span> <span class='ocrx_word' id='word_1_422' title='bbox 2391 2878 2495 2935; x_wconf 83' lang='lat' dir='ltr'>est,</span> 
     </span>
     <span class='ocr_line' id='line_1_82' title="bbox 1427 2948 2498 3023; baseline -0.008 -17"><span class='ocrx_word' id='word_1_423' title='bbox 1427 2958 1561 3023; x_wconf 90' lang='lat' dir='ltr'>quod</span> <span class='ocrx_word' id='word_1_424' title='bbox 1589 2956 1823 3023; x_wconf 84' lang='lat' dir='ltr'>proximo</span> <span class='ocrx_word' id='word_1_425' title='bbox 1861 2966 2072 3003; x_wconf 86' lang='lat' dir='ltr'>nemore</span> <span class='ocrx_word' id='word_1_426' title='bbox 2096 2951 2268 3000; x_wconf 85' lang='lat' dir='ltr'>cultus</span> <span class='ocrx_word' id='word_1_427' title='bbox 2294 2948 2498 2998; x_wconf 83' lang='lat' dir='ltr'>Hercu-</span> 
     </span>
     <span class='ocr_line' id='line_1_83' title="bbox 1428 3028 2496 3098; baseline -0.011 -12"><span class='ocrx_word' id='word_1_428' title='bbox 1428 3038 1506 3086; x_wconf 87' lang='lat' dir='ltr'>les</span> <span class='ocrx_word' id='word_1_429' title='bbox 1543 3034 1644 3085; x_wconf 87' lang='lat' dir='ltr'>tibi</span> <span class='ocrx_word' id='word_1_430' title='bbox 1686 3032 1930 3098; x_wconf 81' lang='lat' dir='ltr'>praesidio</span> <span class='ocrx_word' id='word_1_431' title='bbox 1966 3034 2051 3080; x_wconf 84' lang='lat' dir='ltr'>est</span> <span class='ocrx_word' id='word_1_432' title='bbox 2092 3036 2148 3078; x_wconf 96' lang='lat' dir='ltr'>et</span> <span class='ocrx_word' id='word_1_433' title='bbox 2188 3028 2391 3088; x_wconf 84' lang='lat' dir='ltr'>tutelae,</span> <span class='ocrx_word' id='word_1_434' title='bbox 2429 3039 2496 3075; x_wconf 87' lang='lat' dir='ltr'>ne</span> 
     </span>
     <span class='ocr_line' id='line_1_84' title="bbox 1429 3104 2499 3188; baseline -0.013 -21"><span class='ocrx_word' id='word_1_435' title='bbox 1429 3116 1675 3188; x_wconf 88' lang='lat' dir='ltr'>rapiaris</span> <span class='ocrx_word' id='word_1_436' title='bbox 1694 3129 1725 3164; x_wconf 87' lang='lat' dir='ltr'>a</span> <span class='ocrx_word' id='word_1_437' title='bbox 1775 3111 2033 3177; x_wconf 80' lang='lat' dir='ltr'>Nymphis</span> <span class='ocrx_word' id='word_1_438' title='bbox 2072 3116 2135 3159; x_wconf 90' lang='lat' dir='ltr'>te</span> <span class='ocrx_word' id='word_1_439' title='bbox 2182 3104 2499 3157; x_wconf 82' lang='lat' dir='ltr'>amantibus.</span> 
     </span>
     <span class='ocr_line' id='line_1_85' title="bbox 1431 3177 2500 3261; baseline -0.016 -15"><span class='ocrx_word' id='word_1_440' title='bbox 1431 3196 1614 3261; x_wconf 86' lang='lat' dir='ltr'>Epigr.</span> <span class='ocrx_word' id='word_1_441' title='bbox 1633 3177 1712 3243; x_wconf 83' lang='grc'>50.</span> <span class='ocrx_word' id='word_1_442' title='bbox 1737 3189 1894 3241; x_wconf 87' lang='lat' dir='ltr'>infra.</span> <span class='ocrx_word' id='word_1_443' title='bbox 1927 3188 2010 3238; x_wconf 90' lang='lat' dir='ltr'>‘O</span> <span class='ocrx_word' id='word_1_444' title='bbox 2036 3186 2175 3238; x_wconf 89' lang='lat' dir='ltr'>bene</span> <span class='ocrx_word' id='word_1_445' title='bbox 2195 3182 2372 3250; x_wconf 56' lang='lat' dir='ltr'>quod}</span> <span class='ocrx_word' id='word_1_446' title='bbox 2393 3181 2500 3231; x_wconf 68' lang='lat' dir='ltr'>usi-s</span> 
     </span>
    </p>
   </div>
   <div class='ocr_carea' id='block_1_9' title="bbox 1430 3260 2500 3403">
    <p class='ocr_par' dir='ltr' id='par_1_22' title="bbox 1430 3260 2500 3403">
     <span class='ocr_line' id='line_1_86' title="bbox 1430 3260 2498 3335; baseline -0.015 -12"><span class='ocrx_word' id='word_1_447' title='bbox 1430 3279 1545 3323; x_wconf 89' lang='lat' dir='ltr'>tata</span> <span class='ocrx_word' id='word_1_448' title='bbox 1565 3268 1734 3335; x_wconf 72' lang='grc' dir='ltr'>φράσις</span> <span class='ocrx_word' id='word_1_449' title='bbox 1765 3274 1821 3317; x_wconf 94' lang='lat' dir='ltr'>et</span> <span class='ocrx_word' id='word_1_450' title='bbox 1855 3267 2080 3329; x_wconf 77' lang='lat' dir='ltr'>elegans.</span> <span class='ocrx_word' id='word_1_451' title='bbox 2148 3262 2308 3313; x_wconf 88' lang='lat' dir='ltr'>Ovid.</span> <span class='ocrx_word' id='word_1_452' title='bbox 2349 3260 2498 3322; x_wconf 80' lang='lat' dir='ltr'>Eleg.</span> 
     </span>
     <span class='ocr_line' id='line_1_87' title="bbox 1431 3335 2500 3403; baseline -0.016 -4"><span class='ocrx_word' id='word_1_453' title='bbox 1431 3355 1481 3400; x_wconf 88' lang='grc'>2.</span> <span class='ocrx_word' id='word_1_454' title='bbox 1526 3348 1620 3397; x_wconf 89' lang='lat' dir='ltr'>lib.</span> <span class='ocrx_word' id='word_1_455' title='bbox 1655 3351 1703 3395; x_wconf 92' lang='grc'>1.</span> <span class='ocrx_word' id='word_1_456' title='bbox 1740 3345 1906 3393; x_wconf 87' lang='lat' dir='ltr'>Trist.</span> <span class='ocrx_word' id='word_1_457' title='bbox 1937 3341 2027 3391; x_wconf 88' lang='lat' dir='ltr'>‘O</span> <span class='ocrx_word' id='word_1_458' title='bbox 2059 3338 2214 3401; x_wconf 89' lang='lat' dir='ltr'>bene,</span> <span class='ocrx_word' id='word_1_459' title='bbox 2234 3335 2371 3403; x_wconf 87' lang='lat' dir='ltr'>qnod</span> <span class='ocrx_word' id='word_1_460' title='bbox 2395 3347 2500 3393; x_wconf 82' lang='lat' dir='ltr'>non</span> 
     </span>
    </p>
   </div>
   <div class='ocr_carea' id='block_1_10' title="bbox 1401 3409 2502 3479">
    <p class='ocr_par' dir='ltr' id='par_1_23' title="bbox 1401 3409 2502 3479">
     <span class='ocr_line' id='line_1_88' title="bbox 1401 3409 2502 3479; baseline -0.015 -3"><span class='ocrx_word' id='word_1_461' title='bbox 1401 3449 1408 3452; x_wconf 51' lang='grc'><strong>’</strong></span> <span class='ocrx_word' id='word_1_462' title='bbox 1433 3440 1546 3475; x_wconf 88' lang='lat' dir='ltr'>sum</span> <span class='ocrx_word' id='word_1_463' title='bbox 1569 3435 1769 3472; x_wconf 89' lang='lat' dir='ltr'>mecum</span> <span class='ocrx_word' id='word_1_464' title='bbox 1789 3414 2144 3469; x_wconf 84' lang='lat' dir='ltr'>conscendere</span> <span class='ocrx_word' id='word_1_465' title='bbox 2159 3427 2361 3479; x_wconf 86' lang='lat' dir='ltr'>passus.</span> <span class='ocrx_word' id='word_1_466' title='bbox 2364 3409 2502 3459; x_wconf 79' lang='lat' dir='ltr'>’Sic</span> 
     </span>
    </p>
   </div>
   <div class='ocr_carea' id='block_1_11' title="bbox 1437 3491 2077 3557">
    <p class='ocr_par' dir='ltr' id='par_1_24' title="bbox 1437 3491 2077 3557">
     <span class='ocr_line' id='line_1_89' title="bbox 1437 3491 2077 3557; baseline -0.014 -5"><span class='ocrx_word' id='word_1_467' title='bbox 1437 3501 1644 3552; x_wconf 83' lang='lat' dir='ltr'>Graecis</span> <span class='ocrx_word' id='word_1_468' title='bbox 1661 3498 1725 3548; x_wconf 76' lang='grc' dir='ltr'>ὥς</span> <span class='ocrx_word' id='word_1_469' title='bbox 1756 3496 1965 3557; x_wconf 73' lang='grc' dir='ltr'><strong>εὐτυχῶς</strong></span> <span class='ocrx_word' id='word_1_470' title='bbox 1985 3491 2077 3543; x_wconf 60' lang='lat' dir='ltr'>bn.</span> 
     </span>
    </p>
   </div>
   <div class='ocr_carea' id='block_1_12' title="bbox 1475 3568 2576 3637">
    <p class='ocr_par' dir='ltr' id='par_1_25' title="bbox 1475 3568 2576 3637">
     <span class='ocr_line' id='line_1_90' title="bbox 1475 3568 2576 3637; baseline -0.016 -9"><span class='ocrx_word' id='word_1_471' title='bbox 1475 3573 1530 3627; x_wconf 77' lang='grc'>’5</span> <span class='ocrx_word' id='word_1_472' title='bbox 1565 3578 1790 3637; x_wconf 79' lang='lat' dir='ltr'>Securus,</span> <span class='ocrx_word' id='word_1_473' title='bbox 1831 3571 1941 3637; x_wconf 54' lang='grc' dir='ltr'>εἷα]</span> <span class='ocrx_word' id='word_1_474' title='bbox 1996 3570 2120 3619; x_wconf 89' lang='lat' dir='ltr'>Sine</span> <span class='ocrx_word' id='word_1_475' title='bbox 2163 3573 2307 3615; x_wconf 90' lang='lat' dir='ltr'>metu</span> <span class='ocrx_word' id='word_1_476' title='bbox 2350 3569 2502 3628; x_wconf 89' lang='lat' dir='ltr'>potes</span> <span class='ocrx_word' id='word_1_477' title='bbox 2572 3568 2576 3572; x_wconf 87' lang='grc'><strong>’</strong></span> 
     </span>
    </p>
   </div>
   <div class='ocr_carea' id='block_1_13' title="bbox 1433 3647 2511 4405">
    <p class='ocr_par' dir='ltr' id='par_1_26' title="bbox 1433 3647 2508 4029">
     <span class='ocr_line' id='line_1_91' title="bbox 1433 3647 2503 3707; baseline -0.019 -2"><span class='ocrx_word' id='word_1_478' title='bbox 1433 3669 1502 3705; x_wconf 82' lang='lat' dir='ltr'>ex</span> <span class='ocrx_word' id='word_1_479' title='bbox 1540 3655 1636 3703; x_wconf 89' lang='lat' dir='ltr'>hoc</span> <span class='ocrx_word' id='word_1_480' title='bbox 1678 3650 1824 3700; x_wconf 84' lang='lat' dir='ltr'>fonte</span> <span class='ocrx_word' id='word_1_481' title='bbox 1854 3647 2062 3698; x_wconf 87' lang='lat' dir='ltr'>haurire</span> <span class='ocrx_word' id='word_1_482' title='bbox 2107 3655 2312 3707; x_wconf 77' lang='lat' dir='ltr'>aquam,</span> <span class='ocrx_word' id='word_1_483' title='bbox 2346 3649 2503 3703; x_wconf 87' lang='lat' dir='ltr'>quam</span> 
     </span>
     <span class='ocr_line' id='line_1_92' title="bbox 1434 3713 2508 3787; baseline -0.019 -4"><span class='ocrx_word' id='word_1_484' title='bbox 1434 3731 1715 3783; x_wconf 79' lang='lat' dir='ltr'>ministres.</span> <span class='ocrx_word' id='word_1_485' title='bbox 1764 3726 1965 3777; x_wconf 77' lang='lat' dir='ltr'>Ianthis</span> <span class='ocrx_word' id='word_1_486' title='bbox 1980 3719 2209 3787; x_wconf 84' lang='lat' dir='ltr'>nympha</span> <span class='ocrx_word' id='word_1_487' title='bbox 2223 3718 2376 3780; x_wconf 85' lang='lat' dir='ltr'>hujus</span> <span class='ocrx_word' id='word_1_488' title='bbox 2392 3713 2508 3764; x_wconf 78' lang='lat' dir='ltr'>fon·-</span> 
     </span>
     <span class='ocr_line' id='line_1_93' title="bbox 1434 3793 2506 3870; baseline -0.018 -11"><span class='ocrx_word' id='word_1_489' title='bbox 1434 3810 1508 3859; x_wconf 87' lang='lat' dir='ltr'>tis</span> <span class='ocrx_word' id='word_1_490' title='bbox 1529 3822 1632 3858; x_wconf 87' lang='lat' dir='ltr'>non</span> <span class='ocrx_word' id='word_1_491' title='bbox 1654 3795 1828 3870; x_wconf 77' lang='lat' dir='ltr'>rapiat</span> <span class='ocrx_word' id='word_1_492' title='bbox 1849 3812 1920 3867; x_wconf 87' lang='lat' dir='ltr'>te,</span> <span class='ocrx_word' id='word_1_493' title='bbox 1939 3808 1999 3851; x_wconf 88' lang='lat' dir='ltr'>ut</span> <span class='ocrx_word' id='word_1_494' title='bbox 2024 3799 2216 3863; x_wconf 83' lang='lat' dir='ltr'>Hylam</span> <span class='ocrx_word' id='word_1_495' title='bbox 2249 3793 2506 3861; x_wconf 80' lang='lat' dir='ltr'>quondam</span> 
     </span>
     <span class='ocr_line' id='line_1_94' title="bbox 1437 3867 2508 3951; baseline -0.018 -15"><span class='ocrx_word' id='word_1_496' title='bbox 1437 3885 1679 3951; x_wconf 62' lang='lat' dir='ltr'>nymphae</span> <span class='ocrx_word' id='word_1_497' title='bbox 1719 3880 1786 3931; x_wconf 86' lang='lat' dir='ltr'>fl.</span> <span class='ocrx_word' id='word_1_498' title='bbox 1818 3877 2050 3930; x_wconf 79' lang='lat' dir='ltr'>Ascanii.</span> <span class='ocrx_word' id='word_1_499' title='bbox 2118 3875 2259 3924; x_wconf 79' lang='lat' dir='ltr'>Cave</span> <span class='ocrx_word' id='word_1_500' title='bbox 2306 3870 2404 3921; x_wconf 88' lang='lat' dir='ltr'>tibi</span> <span class='ocrx_word' id='word_1_501' title='bbox 2438 3867 2508 3918; x_wconf 88' lang='lat' dir='ltr'>ab</span> 
     </span>
     <span class='ocr_line' id='line_1_95' title="bbox 1437 3962 2499 4029; baseline -0.017 -16"><span class='ocrx_word' id='word_1_502' title='bbox 1437 3965 1576 4029; x_wconf 83' lang='lat' dir='ltr'>ipso,</span> <span class='ocrx_word' id='word_1_503' title='bbox 1596 3962 1781 4013; x_wconf 86' lang='lat' dir='ltr'>Stella.</span> <span class='ocrx_word' id='word_1_504' title='bbox 2496 3975 2499 3980; x_wconf 94' lang='lat'>-</span> 
     </span>
    </p>

    <p class='ocr_par' dir='ltr' id='par_1_27' title="bbox 1440 4019 2511 4405">
     <span class='ocr_line' id='line_1_96' title="bbox 1505 4019 2506 4092; baseline -0.016 -1"><span class='ocrx_word' id='word_1_505' title='bbox 1505 4043 1667 4092; x_wconf 73' lang='lat' dir='ltr'>Eme.</span> <span class='ocrx_word' id='word_1_506' title='bbox 1704 4050 1827 4087; x_wconf 83' lang='lat' dir='ltr'>xv1.</span> <span class='ocrx_word' id='word_1_507' title='bbox 1884 4031 2084 4085; x_wconf 87' lang='lat' dir='ltr'>Callida</span> <span class='ocrx_word' id='word_1_508' title='bbox 2128 4019 2506 4081; x_wconf 72' lang='lat' dir='ltr'>emendicatioi</span> 
     </span>
     <span class='ocr_line' id='line_1_97' title="bbox 1440 4099 2510 4177; baseline -0.015 -10"><span class='ocrx_word' id='word_1_509' title='bbox 1440 4118 1564 4169; x_wconf 87' lang='lat' dir='ltr'>dum</span> <span class='ocrx_word' id='word_1_510' title='bbox 1596 4113 1788 4177; x_wconf 84' lang='lat' dir='ltr'>inopiae</span> <span class='ocrx_word' id='word_1_511' title='bbox 1829 4125 1936 4160; x_wconf 84' lang='lat' dir='ltr'>suae</span> <span class='ocrx_word' id='word_1_512' title='bbox 1973 4107 2177 4158; x_wconf 85' lang='lat' dir='ltr'>unicum</span> <span class='ocrx_word' id='word_1_513' title='bbox 2223 4099 2510 4153; x_wconf 74' lang='lat' dir='ltr'>remedium</span> 
     </span>
     <span class='ocr_line' id='line_1_98' title="bbox 1441 4180 2511 4246; baseline -0.017 0"><span class='ocrx_word' id='word_1_514' title='bbox 1441 4196 1571 4246; x_wconf 82' lang='lat' dir='ltr'>di&#39;cit</span> <span class='ocrx_word' id='word_1_515' title='bbox 1602 4206 1718 4242; x_wconf 83' lang='lat' dir='ltr'>esse</span> <span class='ocrx_word' id='word_1_516' title='bbox 1740 4186 2094 4239; x_wconf 86' lang='lat' dir='ltr'>venditionem</span> <span class='ocrx_word' id='word_1_517' title='bbox 2117 4187 2388 4234; x_wconf 71' lang='lat' dir='ltr'>munerum</span> <span class='ocrx_word' id='word_1_518' title='bbox 2409 4180 2511 4229; x_wconf 85' lang='lat' dir='ltr'>sibi</span> 
     </span>
     <span class='ocr_line' id='line_1_99' title="bbox 1442 4254 2511 4333; baseline -0.017 -11"><span class='ocrx_word' id='word_1_519' title='bbox 1442 4287 1476 4322; x_wconf 82' lang='lat' dir='ltr'>a</span> <span class='ocrx_word' id='word_1_520' title='bbox 1499 4268 1701 4333; x_wconf 87' lang='lat' dir='ltr'>Regulo</span> <span class='ocrx_word' id='word_1_521' title='bbox 1732 4265 2019 4326; x_wconf 86' lang='lat' dir='ltr'>missorum,</span> <span class='ocrx_word' id='word_1_522' title='bbox 2043 4275 2191 4328; x_wconf 85' lang='lat' dir='ltr'>quae</span> <span class='ocrx_word' id='word_1_523' title='bbox 2175 4266 2326 4309; x_wconf 84' lang='lat' dir='ltr'>norat</span> <span class='ocrx_word' id='word_1_524' title='bbox 2346 4254 2511 4307; x_wconf 89' lang='lat' dir='ltr'>domi-</span> 
     </span>
     <span class='ocr_line' id='line_1_100' title="bbox 1442 4336 2511 4405; baseline -0.016 -6"><span class='ocrx_word' id='word_1_525' title='bbox 1442 4361 1567 4399; x_wconf 84' lang='grc' dir='ltr'>ιιιιιιι</span> <span class='ocrx_word' id='word_1_526' title='bbox 1609 4358 1710 4396; x_wconf 82' lang='lat' dir='ltr'>non</span> <span class='ocrx_word' id='word_1_527' title='bbox 1748 4341 2159 4405; x_wconf 84' lang='lat' dir='ltr'>redempturum,</span> <span class='ocrx_word' id='word_1_528' title='bbox 2199 4336 2511 4386; x_wconf 71' lang='lat' dir='ltr'>donaturum</span> 
     </span>
    </p>
   </div>
  </div>
 </body>
</html>
