2985 4937
537 415 709 490 1364

534 584 792 635 dubitatio
824 588 920 634 est.
955 579 1110 633 'Nec
1139 576 1305 632 minus
1340 581 1595 632 credibile

1186 432 1194 440 ⁸
1243 437 1458 486 No‘rAE
1506 434 1909 484 VARmRuM
1963 433 2043 482 IN

1671 580 1834 630 oculis
1856 579 2015 630 facies
2030 580 2238 630 honesti
2255 579 2574 642 cerneretur,
2592 581 2717 631 miri·
2782 635 2785 652 1

536 662 862 711 Formianum
910 675 1013 709 non
1057 658 1215 709 fuisse
1273 660 1383 709 sine
1427 659 1595 708 vinea.
1666 657 1799 708 ficos
1842 658 1919 707 sui
1966 672 2168 707 amores
2212 659 2525 708 excitaret.’
2563 659 2719 709 Plato.

533 724 822 788 Horatius:
858 738 875 765 ‘
899 738 1024 786 Mea
1056 751 1153 786 nec
1186 737 1419 786 Falernae
1443 736 1597 784 Tem-

529 823 726 878 perant
749 814 901 875 vites„
933 828 1102 878 neque
1135 813 1393 862 Formiani
1427 812 1598 860 Pocu-

522 894 584 941 la
606 892 803 942 colles.’
837 893 907 942 Et
928 893 1082 941 alibi:
1120 893 1135 921 ‘
1161 893 1277 940 Nec
1307 891 1597 953 Laestrygo-

524 972 616 1021 nia
651 971 887 1021 Bacchus
921 972 974 1030 in
1010 971 1255 1033 amphora
1288 968 1598 1031 Languescit

529 1049 687 1099 mihi!
726 1050 935 1099 Gronov.
951 1047 1221 1109 Janitores]
1247 1044 1403 1106 Aliis,
1428 1045 1598 1093 vinito-

523 1136 628 1174 res:
666 1125 755 1174 sed
779 1125 920 1174 nulla
955 1124 1036 1173 hic
1069 1121 1264 1172 mentio
1289 1123 1472 1171 vineae.
1506 1124 1597 1171 Ja-

525 1202 709 1251 nitores
730 1209 906 1250 autem
924 1201 1081 1250 etiam
1101 1200 1153 1248 in
1173 1198 1306 1247 villis
1332 1205 1385 1247 et
1407 1207 1596 1261 praeto-

530 1277 622 1326 riis
666 1275 847 1338 fuisse,
897 1276 1038 1324 nulla
1082 1273 1336 1324 dubitatio
1377 1281 1491 1362 est3
1539 1283 1597 1323 ut

527 1352 668 1401 servi
693 1353 964 1403 atrienses.
1337 1365 1344 1372 ·
1487 1371 1492 1374 ·

593 1433 659 1477 29
692 1429 913 1477 Dominis
944 1433 1172 1492 parantur
1200 1429 1314 1490 ista,
1348 1430 1456 1492 ξω]
1484 1425 1596 1476 Do-

533 1506 659 1553 mini
695 1520 834 1567 raro,
869 1503 1065 1566 furtim,
1092 1512 1147 1554 et
1185 1519 1279 1568 per
1311 1505 1489 1562 otium,
1522 1505 1595 1553 ci-

529 1584 661 1633 vicis
682 1585 826 1648 quasi
850 1583 1016 1632 emissi
1044 1584 1282 1642 vinculis,
1301 1582 1391 1632 has
1413 1584 1596 1646 volup-

531 1666 672 1709 tates
696 1668 951 1724 carpuut:
990 1674 1103 1720 vos,
1126 1675 1157 1709 o
1175 1660 1352 1721 villici,
1375 1672 1600 1722 semper,

524 1735 714 1800 libere,
734 1743 789 1786 et
814 1736 878 1785 ad
903 1737 1203 1785 satietatem
1226 1737 1290 1784 iis
1314 1734 1564 1785 fruimini.

593 1814 752 1864 Erro.
776 1826 942 1863 xxxr.
979 1815 1042 1862 In
1069 1815 1300 1877 gulosum
1326 1819 1380 1862 et
1412 1811 1598 1875 ganeo-

527 1903 645 1937 nem
668 1890 767 1939 hoc
806 1890 1077 1954 scriptum,
1100 1904 1201 1953 quo
1236 1896 1382 1938 notat
1400 1889 1457 1937 in
1483 1889 1599 1937 Cal·

527 1964 730 2014 liodoro
751 1965 925 2014 luxum
951 1971 1006 2013 et
1028 1965 1199 2027 gulam
1218 1966 1577 2014 Romanorum.

541 2043 545 2048 ’
597 2047 622 2092 l
658 2043 887 2105 Addixti,
922 2033 1029 2108 ᾇτ’]
1093 2042 1404 2092 Vendidisti.
1451 2043 1597 2094 Suet.

523 2119 579 2167 in
607 2119 743 2169 Caes.
768 2122 782 2147 ‘
804 2121 1026 2169 Nummo
1055 2119 1291 2184 addixit‚’
1314 2120 1366 2168 id
1391 2128 1487 2183 est,
1509 2135 1598 2169 ve-

525 2210 647 2243 num
686 2196 855 2246 dedit.
923 2198 994 2247 Et
1034 2196 1236 2245 addicti
1278 2195 1599 2245 vocabantur

524 2272 759 2323 homines
778 2274 1103 2338 obaerati‚qui
1122 2282 1177 2323 et
1190 2274 1312 2323 nexi
1332 2269 1600 2336 dicuntur,

515 2348 616 2411 'qui
643 2349 703 2398 L.
731 2353 810 2397 12.
834 2350 1124 2399 tabularum
1162 2348 1227 2399 ob
1266 2365 1337 2398 aes
1372 2349 1599 2398 alienum

527 2423 876 2476 creditoribus
902 2427 955 2476 in
987 2425 1355 2490 temporariam
1378 2425 1600 2475 servitu·

526 2508 636 2550 tem
681 2500 1075 2564 addicebantur,
1098 2518 1224 2566 quos
1260 2502 1438 2551 Graeci
1472 2502 1596 2562 ἀγώ-

517 2577 712 2642 ·γίμους,
744 2580 798 2629 id
833 2588 910 2629 est
933 2580 1407 2640 καταδεδικασμένους
1451 2579 1599 2628 dixe'·

528 2665 672 2719 runt,
705 2672 835 2723 qnos
879 2657 1127 2707 creditori
1165 2657 1358 2707 ducere
1387 2656 1598 2706 domum

511 2744 565 2784 ἰ
603 2743 833 2797 praetore
874 2733 1292 2799 permittebatur.
1360 2735 1597 2784 Badera-i.

511 2811 700 2876 ‘Hei-e]
747 2813 897 2862 Heri.
945 2814 1367 2877 Epigramm.44.
1407 2813 1499 2862 lib.
1545 2818 1595 2863 1.

526 2903 662 2939 vers.
684 2893 729 2939 1.
780 2888 1066 2951 Trecentis]
1097 2888 1203 2938 Alii
1218 2890 1449 2951 ducentis,
1470 2903 1595 2954 qua-

524 2966 767 3030 draginta
791 2968 902 3015 scil.
925 2966 1150 3015 florenis.

594 3046 627 3091 2
663 3041 842 3105 Semel]
896 3044 977 3091 Ex
1016 3043 1187 3106 pretio
1223 3042 1360 3092 servi
1396 3056 1592 3092 venun-

508 3119 658 3171 uati.

590 3200 623 3245 4
659 3195 818 3245 Coenoe
836 3211 1023 3261 pompa,
1042 3192 1150 3263 afa]
1201 3196 1378 3246 Coenae
1401 3201 1449 3247 3.
1473 3194 1596 3247 sunt

493 3281 735 3337 ·partes;
771 3282 1061 3336 antecoeua,
1100 3282 1270 3324 coenae‘
1295 3282 1457 3338 caput
1497 3272 1592 3324 seu

512 3360 731 3414 pompa,
754 3356 810 3400 et
835 3351 1079 3402 secundae
1102 3344 1294 3402 mensae'
1320 3367 1408 3402 seu
1433 3350 1588 3403 bella-

521 3440 616 3475 ria.

585 3508 615 3550 5
654 3503 939 3555 Exclamare
979 3507 1118 3570 libet]
1153 3508 1515 3572 Epiphonema
1556 3524 1589 3559 a

520 3581 598 3628 rei
621 3577 947 3645 indignitate.
1006 3585 1119 3632 Non
1141 3591 1211 3633 est
1247 3585 1347 3648 hic]
1391 3586 1508 3635 Hoc
1531 3586 1586 3636 in

507 3658 608 3706 ‘eos
634 3659 898 3719 convenit,
920 3661 1005 3723 qni
1040 3661 1240 3710 tributa
1262 3663 1442 3725 populi
1467 3677 1586 3711 vec·

505 3734 796 3800 'tigaliaque
831 3737 883 3785 in
904 3739 1082 3787 luxum
1122 3747 1178 3788 et
1214 3753 1457 3802 pompam
1499 3736 1586 3789 ab'-

518 3821 744 3864 sumunt.
810 3815 940 3864 Rad.

581 3890 1308 3942 Errc.xxx11.Nobilitavit
1338 3890 1439 3941 hoc
1462 3891 1585 3955 Epi-

499 3972 800 4026 ·grammate
845 3966 1132 4017 Antonium
1179 3969 1323 4018 illum
1374 3969 1584 4033 Tolosa·

503 4054 663 4103 ·num;
698 4051 753 4091 et
794 4048 1026 4108 corporis
1061 4038 1289 4133 effigiem
1330 4052 1386 4094 et
1415 4045 1582 4094 animi

427 4180 430 4183 Α
514 4117 737 4167 virtutes
761 4123 1035 4183 expressit.

505 4218 510 4221 -
578 4200 610 4242 4
648 4194 863 4259 Primus]
917 4198 1254 4262 Cognomen3
1290 4197 1370 4248 M.
1412 4196 1580 4247 Anto-

513 4269 626 4318 nius
649 4269 872 4322 Primus.
914 4274 1080 4339 Supra
1098 4277 1276 4339 Epigr.
1301 4280 1383 4325 23.

576 4353 605 4396 5
643 4350 740 4397 Are
761 4349 943 4400 utinam
973 4367 1139 4414 rueres,
1161 4352 1267 4416 &axj
1299 4355 1314 4380 ⁴
1340 4350 1495 4404 Quod
1534 4352 1578 4400 si

1670 735 1968 798 Spectabile
1991 736 2089 784 boc
2112 744 2169 784 et
2192 735 2447 786 imitabile
2481 736 2720 801 picturam

1671 813 1917 864 laudandi
1939 815 2225 877 exemplar.

1736 890 2260 940 Eric.xxx1n.Ut
2299 889 2509 940 suorum
2544 890 2721 941 Carmi-

1670 980 1791 1015 num
1804 975 2093 1030 'patronum
2114 967 2326 1017 invocat
2340 965 2562 1017 Paulum
2580 967 2662 1018 lib.
2677 971 2704 1016 7
2716 1000 2729 1015 .

1672 1044 1851 1108 Epigr.
1887 1045 1971 1095 72.
2007 1045 2082 1093 sic
2127 1051 2276 1108 rogat
2304 1044 2391 1094 hic
2420 1044 2724 1105 'Munatium,

1671 1121 1777 1182 vel,
1805 1126 1863 1169 ut
1885 1121 1971 1169 alii
2006 1121 2206 1184 legunt,
2229 1120 2559 1183 Numacium,
2583 1127 2637 1169 ιιι
2656 1121 2724 1168 in-

1670 1198 1841 1250 fames‘
1869 1205 2065 1264 versus,
2102 1215 2194 1250 sno
2239 1201 2444 1251 nomine
2483 1203 2722 1265 vulgatos,
2762 1233 2765 1234 γ

1671 1290 1790 1327 suos
1813 1292 1926 1327 esse
1942 1285 2119 1341 neget.
2179 1278 2308 1327 Rau.

1739 1357 1765 1402 1
1801 1354 2095 1417 Simplicior]
2131 1354 2353 1403 Sabinos
2374 1361 2533 1405 vocat
2550 1354 2724 1417 simpli·

1671 1446 1771 1493 ses,
1795 1427 1851 1480 id'
1872 1433 1971 1495 est,
1992 1439 2186 1491 rectos,
2209 1430 2478 1480 candidos.
2524 1425 2724 1493 Sabinis]

1658 1509 1721 1559 ·A
1753 1509 1940 1574 quibus
1973 1523 2069 1573 per
2100 1508 2338 1559 ludorum
2378 1509 2605 1572 speciem
2638 1510 2727 1558 cir·

1672 1587 1985 1649 cumventis,
2022 1585 2239 1636 Romani
2272 1583 2513 1635 foeminas
2557 1600 2727 1650 rapue-

1666 1668 1814 1712 runt.
2244 1674 2287 1682 ¹·
2346 1675 2357 1686 ³
2504 1671 2510 1682 ·

1736 1744 1767 1788 2
1806 1740 2082 1803 Cecropium
2116 1739 2293 1803 senem]
2328 1736 2618 1800 Socratem,
2650 1736 2728 1801 qui

1671 1815 1918 1866 Juvenali
1958 1820 1973 1845 ‘
1995 1829 2154 1864 senex
2198 1815 2429 1864 vicinus*
2447 1811 2728 1878 Hymetto!

1674 1888 1780 1939 Alii
1805 1883 2084 1954 Epicurum
2110 1890 2429 1954 intelligunt.

1737 1972 1769 2016 ³
1803 1969 1889 2018 Sic
1927 1969 2017 2017 tibi
2049 1971 2153 2018 con'
2210 1969 2296 2030 eri,
2318 1968 2424 2031 ζα]
2459 1968 2618 2020 Hand
2648 1967 2729 2016 du·

1672 2042 1759 2093 bie
1780 2035 2013 2093 consoceri
2034 1982 2438 2133 'rec'restituit
2462 2045 2727 2096 Gruterus.

1660 2119 1935 2184 Alterum,
1968 2117 2217 2187 quicquid
2250 2121 2571 2184 explicetur,
2603 2121 2731 2184 inep-

1658 2204 1784 2247 ἰιιιιι
1818 2205 1957 2248 est.
1996 2199 2101 2247 Sed
2139 2212 2237 2247 nec
2262 2197 2424 2261 illud,
2454 2199 2509 2248 in
2543 2198 2727 2248 ae‘dibus

1664 2276 1852 2339 ‘generi
1889 2284 1946 2326 et
1983 2276 2171 2338 soceri,
2208 2279 2309 2325 διο.
2372 2275 2635 2342 Nihil·bic
2669 2274 2729 2323 de

1674 2352 1872 2402 aedibus
1919 2353 2169 2403 utriusve.
2249 2353 2584 2403 “consoceri
2638 2353 2729 2402 cla·

1672 2443 1758 2479 ros
1799 2429 2029 2479 reti-nere
2064 2430 2291 2480 Penates
2309 2428 2326 2452 ’
2349 2436 2452 2492 est,
2477 2427 2727 2480 consoceri

1674 2506 1771 2566 tui,
1806 2506 1995 2554 nobilis
2032 2505 2145 2569 viri,
2165 2505 2396 2554 retinere
2431 2503 2726 2555 affinitatem

1657 2588 1728 2630 ‘et
1760 2578 2210 2644 necessitudinem,
2239 2582 2573 2631 matrimonio
2603 2587 2727 2630 natae

1671 2664 1777 2707 tuae
1813 2672 1929 2707 cum
1966 2658 2074 2707 filio
2111 2658 2245 2722 ejns,
2270 2663 2374 2707 ‘nec
2402 2658 2621 2707 alterius
2649 2661 2728 2705 aut

1673 2743 2008 2801 utrorumque
2031 2746 2218 2798 morte,
2238 2735 2359 2784 dum
2380 2743 2439 2784 tu
2464 2737 2623 2796 vives,
2638 2748 2725 2782 nec

1672 2820 1909 2882 unquam*
1938 2817 2079 2865 inter
2124 2817 2264 2880 ipsos
2300 2829 2421 2878 ,per
2457 2815 2724 2865 divortium

1658 2892 1950 2958 sdirempto.
1982 2902 1985 2907 '
2015 2893 2295 2943 Suetonius
2341 2893 2406 2941 de
2439 2892 2585 2943 Julio
2620 2896 2727 2954 post

1673 2976 1893 3019 mortem
1925 2968 2045 3018 filiae
2080 2970 2222 3032 ejus:
2259 2970 2275 2996 ‘
2299 2968 2383 3017 Ad
2418 2967 2724 3017 retinendam

1672 3055 1844 3097 antem
1891 3048 2130 3111 Pompeii
2183 3046 2624 3096 necessitudinem
2671 3057 2726 3091 ac

1669 3126 2010 3188 voluntatem,
2055 3126 2332 3176 Octaviam
2394 3124 2581 3173 sororis
2629 3135 2724 3171 snae

1671 3198 1905 3268 neptem,
1926 3218 2043 3267 qnae
2067 3203 2128 3252 C.
2143 3201 2397 3251 Marcello
2413 3207 2582 3264 nupta
2603 3203 2725 3258 erat,

1670 3280 1972 3329 conditione
2012 3279 2063 3329 ei
2099 3280 2302 3341 detulit,
2339 3279 2543 3343 sibique
2575 3277 2723 3326 filiam

1669 3359 1783 3421 ejus
1806 3360 1859 3408 in
1893 3356 2276 3408 matrimonium
2310 3356 2484 3422 petit.’
2552 3356 2722 3405 Grono-

1667 3436 1789 3485 vius.
1859 3437 1943 3486 Sic
1961 3437 2054 3486 tibi
2070 3451 2175 3485 cum
2193 3436 2358 3491 soceri}
2378 3433 2489 3497 dc]
2523 3434 2606 3483 Sic
2634 3430 2723 3480 tibi

1667 3520 1815 3563 casta
1831 3514 2008 3562 Venus
2042 3513 2134 3562 det
2169 3512 2399 3562 retinere
2436 3513 2605 3560 claros
2631 3509 2725 3558 Pe·

1667 3598 1816 3639 nates
1837 3591 2003 3639 soceri
2026 3604 2142 3639 cum
2167 3588 2423 3653 perpetua
2441 3586 2561 3637 face
2578 3592 2723 3646 netae,

1669 3668 1842 3716 uxoris
1876 3667 2085 3716 scilicet
2116 3674 2238 3716 tuoe.
2291 3662 2400 3714 Alii
2434 3664 2537 3726 leg.
2577 3676 2721 3711 conso·

1665 3744 1763 3792 ceri
1777 3744 1957 3792 claros.-
1979 3750 2142 3792 recte.
2165 3741 2284 3791 Hoc
2308 3746 2418 3788 est:
2440 3739 2621 3787 Venus
2637 3733 2721 3784 tibi

1666 3819 1980 3869 connubium
2003 3825 2138 3867 natae
2166 3827 2293 3878 tuae,
2316 3830 2432 3865 cum
2464 3810 2720 3863 consoceri

1662 3895 1772 3945 filio
1812 3896 2018 3957 initum,
2038 3894 2092 3943 in
2130 3892 2328 3942 aedibus
2366 3890 2543 3956 generi
2575 3895 2630 3937 et
2648 3901 2718 3936 so·

1644 3972 1791 4032 ceri,
1816 3969 2083 4020 'aeternum
2121 3968 2315 4029 firmet,
2347 3973 2405 4015 ut
2443 3961 2719 4014 concordes

1663 4062 1822 4111 gener
1859 4055 1915 4097 et
1958 4061 2137 4106 nurus,
2174 4041 2539 4104 consocerique
2581 4036 2717 4087 simul

1646 4126 1866 4174 vivatis.
1934 4124 2198 4172 Consocer
2221 4127 2320 4180 est,
2334 4130 2560 4183 quorum
2592 4115 2715 4163 alter

1658 4202 1819 4252 filium
1857 4202 2069 4251 alterius
2102 4199 2224 4249 filiae
2257 4198 2310 4247 in
2346 4192 2715 4245 matrimonium

1662 4279 1825 4329 dedit.
1882 4279 2013 4327 Rau.

1725 4361 1754 4404 5
1797 4356 1864 4405 Ut
1885 4361 1957 4419 tu,
1984 4352 2095 4417 esa]
2142 4352 2217 4402 Ut
2256 4358 2332 4415 tu,
2367 4351 2464 4401 dcc.
2504 4361 2538 4395 a
2574 4343 2712 4397 nobis
