2985 4937
695 398 773 446 Μ.
824 395 992 446 VM..-
1040 397 1461 447 MAR'rlAms
1511 399 1761 448 EPIGR.
1808 401 1951 450 LIB.
1999 404 2079 450 11.

296 570 303 583 ·
340 539 505 597 Eme.
529 554 641 591 nvr.
677 546 704 591 1
743 541 993 603 Gentibus,
1006 542 1109 606 ξω]
1142 540 1350 592 Acerba

277 617 458 673 allusio
478 617 535 666 in
552 617 783 681 Gallum,
797 617 934 669 forte
952 615 1129 681 Liby'ae
1144 618 1347 667 Praeto-

276 709 399 756 tem,
439 696 594 760 cujus
615 712 748 751 uxor
788 697 989 747 moecba
1009 703 1160 747 erat:
1196 695 1348 760 fingit

277 780 447 823 autem
516 782 754 826 notatam
826 776 1062 827 avaritiae
1131 776 1345 826 crimine

273 847 450 913 fuisse,
472 858 535 901 et
557 853 846 917 respondet
877 853 926 903 ei
950 852 1086 903 falso
1117 853 1171 903 id
1207 855 1342 909 acci-

275 925 451 989 disse3
512 929 639 993 quia
699 945 802 979 non
852 945 1010 981 avara
1057 932 1355 984 alienarum.

272 1017 426 1065 opum
463 1002 654 1068 fuerit,
694 1006 788 1055 sed
813 1008 982 1070 potius
1006 1008 1084 1057 sui
1108 1008 1341 1072 corporis

274 1081 508 1145 prodiga.
602 1084 800 1135 Tenuit
844 1083 982 1135 forte
1034 1085 1116 1136 bic
1158 1085 1340 1135 Gallus

273 1167 464 1221 praetor
488 1161 738 1223 Libyam.

294 1268 299 1275 -
331 1241 363 1285 3
414 1237 516 1286 Sed
554 1252 706 1298 msera,
745 1239 851 1303 ξιτ]
907 1241 1096 1289 Fertur
1127 1254 1341 1290 munera

271 1313 513 1377 accipere
541 1330 573 1362 a
597 1315 1026 1378 provincialibus,
1050 1322 1109 1367 ut
1148 1323 1202 1366 te
1227 1331 1342 1369 cor·

272 1398 517 1453 rumpat:
580 1391 682 1440 imo
720 1392 810 1442 dat
843 1392 947 1457 (sui
981 1394 1205 1456 copiam,
1258 1393 1341 1442 vel

249 1464 599 1532 wnereedem)
631 1475 691 1518 ut
706 1467 823 1533 ipsa
841 1468 1024 1526 abillis
1045 1484 1342 1534 corrumpa-
1391 1510 1398 1517 .

271 1548 367 1592 tur.

280 1659 285 1665 .
330 1623 495 1672 Eme.
518 1635 664 1677 nvn.
702 1624 946 1688 Iufictum
972 1624 1194 1689 divitem]
1228 1624 1342 1675 Ser.

269 1697 344 1750 De
361 1699 701 1764 Micropsyclao
724 1703 889 1753 divite.
955 1703 1056 1753 Ms.
1077 1702 1231 1753 Bodl.
1266 1704 1345 1753 De

269 1781 433 1829 ornato
459 1776 617 1837 soris.
686 1778 793 1828 Hic
832 1780 1149 1830 describitur
1189 1781 1356 1829 homo.

271 1851 478 1917 ἀλαζὼν,
499 1855 595 1918 qui
630 1870 786 1919 quum
810 1857 976 1906 videri
996 1858 1122 1906 velit
1157 1857 1345 1921 opibus

271 1928 534 1993 diffluere,
573 1945 758 1982 revera
792 1940 962 1983 tamen
983 1941 1221 1998 egestate
1255 1950 1343 1984 ex·

272 2011 433 2055 trema
468 2007 702 2059 laboret.
765 2010 1074 2075 Hujusmodi
1114 2012 1344 2062 homines

272 2082 935 2150 πωχαλάζοναςοίεςειιιιει·
945 2088 1121 2139 Graeci
1138 2097 1345 2151 vocant,

276 2158 442 2210 Latini
463 2163 480 2188 ‘
498 2158 764 2224 pauperes
778 2163 1117 2216 ambitiosos.’
1135 2166 1344 2216 Herald.

336 2240 361 2285 1
400 2238 532 2300 Hie,
550 2252 685 2300 quem
702 2238 900 2303 videtis]
932 2241 1238 2305 Descriptio
1261 2250 1345 2293 est

272 2312 490 2365 hominis
528 2312 855 2377 effeminati,
907 2332 1060 2382 quem
1113 2321 1347 2384 τρυφερὸν

276 2390 459 2441 Groeci·
487 2390 696 2453 dicunt,
736 2395 817 2443 vel
852 2402 999 2443 certe
1039 2395 1255 2447 delicias
1289 2404 1348 2447 et

273 2470 569 2531 mollitiem,
605 2471 693 2535 qui
733 2479 816 2521 est
854 2474 1062 2524 morbus
1083 2475 1343 2525 bominum

275 2545 575 2611 beatorum,
637 2550 956 2604 mentientis.
1046 2552 1145 2602 His
1187 2553 1347 2616 igitur

273 2623 449 2673 verbis
471 2623 725 2687 exprimit
745 2625 883 2689 quod
915 2627 1186 2691 eleganter
1207 2629 1346 2679 dice·

274 2697 362 2752 hat
384 2700 675 2754 Anacreon
694 2703 854 2758 σαῦλα
871 2702 1065 2760 βαίνειν.
1134 2707 1270 2756 Nam
1296 2707 1347 2758 id

277 2777 451 2840 ipsum
487 2785 594 2840 est,
617 2780 881 2841 gressibus
908 2782 1081 2843 lentis,
1103 2783 1264 2848 vagis,
1285 2799 1357 2834 ac.

282 2855 532 2912 varicatis
572 2855 831 2910 incedere.
921 2859 1162 2910 Incessus
1201 2877 1350 2927 ergo,

277 2946 429 2995 quem
453 2934 538 2983 bic
579 2933 822 2999 designat
859 2937 1138 3000 Martialis,
1170 2947 1252 2989 est
1270 2942 1348 2989 in-

276 3023 446 3062 cessus
482 3011 972 3078 ὴοωίιιὶετρυφεροῦ,
1005 3024 1061 3066 et
1082 3017 1234 3067 simul
1268 3033 1356 3068 su-

281 3088 451 3150 perbi,
492 3094 597 3137 aut
620 3089 707 3153 qui
729 3090 1032 3153 magnificus
1069 3100 1125 3142 et
1161 3100 1346 3157 potens

282 3164 443 3222 videri
474 3166 648 3227 velit3
705 3167 842 3231 quod
879 3168 1140 3220 hominum
1185 3186 1347 3235 genus

280 3240 605 3294 ‘fluctuatim
639 3244 922 3296 incedere’
961 3245 1233 3312 eleganter
1271 3251 1348 3299 di-

282 3320 355 3371 cit
375 3320 651 3385 Afranius,
671 3322 724 3371 id
754 3330 855 3387 est,
876 3324 892 3351 ‘
917 3325 1179 3391 gressibus
1206 3328 1347 3391 vagis

281 3396 516 3450 lentum-⁹
551 3400 760 3453 Heruld.
825 3406 927 3454 Vel
940 3404 1357 3467 vag-is,iucertis,-

283 3473 376 3525 hoc
409 3485 515 3542 est,
543 3483 743 3530 temere
760 3495 898 3531 nunc
912 3483 1016 3530 hue
1053 3495 1190 3530 nune
1222 3481 1346 3529 illuc

284 3553 535 3614 graditur.
567 3556 701 3605 Rud.
760 3556 1037 3620 Gressibus]
1086 3557 1213 3608 Cum
1235 3572 1349 3620 gra·

281 3628 442 3681 nitate
461 3638 522 3681 et
535 3634 816 3696 majestate
831 3634 1166 3698 spatiantem.

332 3712 375 3756 ,2
406 3708 842 3772 Amethystinatus,
863 3710 972 3774 ξε.)
1003 3711 1249 3760 violacea
1274 3709 1348 3758 in·

288 3779 434 3834 dutus
463 3790 630 3833 veste.
675 3785 839 3848 epigr.
868 3790 950 3835 97.
985 3787 1019 3836 l.
1061 3791 1108 3836 1.
1140 3801 1276 3836 vers.
1301 3792 1350 3838 7.

287 3857 370 3907 alii
394 3860 463 3909 ad
502 3875 755 3924 gemmam
795 3862 849 3910 in
876 3863 1066 3913 annulo
1100 3863 1351 3914 referunt.

286 3934 447 4001 Secoet]
486 3937 827 4004 obambulat.
892 3940 1046 3994 Quod
1081 3942 1237 3993 etiam
1266 3948 1350 3991 est

286 4011 501 4064 hominis
529 4018 757 4081 τρυφεροῦ
774 4057 777 4064 .
795 4023 855 4066 et
871 4015 1133 4068 fortunam
1154 4017 1348 4068 immo-

288 4088 431 4146 neate
483 4091 945 4155 ferentisz4liabes
985 4094 1119 4144 enim
1162 4094 1252 4146 hic
1294 4101 1350 4143 et

1424 549 1564 605 sunt,
1621 559 1749 609 quas
1788 545 2147 608 γυναικομίμους
2184 549 2500 613 appellabat.

1425 620 1726 685 Sophocles,
1750 630 1853 673 tam
1876 632 2092 688 propter
2130 627 2317 676 coloris
2345 626 2486 677 ⁴flori-

1423 696 1665 761 ditatem,
1702 715 1853 764 quam
1875 701 2164 751 laxitatem.
2235 703 2492 754 Homines

1422 772 1595 822 autem
1624 775 1933 837 istiusmodi,
1957 786 2015 827 ut
2036 780 2316 831 vanitatem
2340 796 2487 830 suam

1420 850 1585 913 magis
1611 852 1958 916 publicarent,
1983 854 2093 903 loca
2117 854 2494 921 publica‚quae·.

1418 926 1625 978 rebant.
1646 929 1852 981 Her-ald.
1913 931 2085 995 Septa]
2121 933 2291 996 Supra
2314 935 2494 998 epigr.-

1420 1006 1501 1052 14.
1518 1017 1654 1053 vers.
1677 1010 1727 1055 4.
2487 1056 2492 1063 .

1482 1084 1512 1128 3
1550 1082 1701 1136 Quem
1732 1098 1841 1146 nou,
1876 1084 1984 1147 ξω]
2031 1084 2134 1136 Qui
2165 1085 2484 1141 lacernarum

1417 1158 1634 1219 mollitie
1650 1159 1820 1222 ipsum
1839 1159 2081 1211 Publium
2104 1167 2330 1223 superat.
2365 1163 2489 1227 Vel,

1417 1243 1477 1282 ιιι
1495 1234 1732 1285 Raderus
1755 1239 1992 1300 exponit,
2013 1239 2117 1293 Qui
2142 1239 2488 1305 haberaeque

1420 1313 1567 1361 tritas
1600 1320 1657 1363 et
1688 1314 1818 1364 viles
1855 1326 2025 1367 vestes
2065 1331 2126 1365 ac
2165 1316 2382 1366 Publius
2429 1324 2487 1367 et

1419 1388 1644 1450 Codrus.

1448 1471 1517 1516 ,4
1560 1467 1738 1531 Alphe,
1769 1468 1874 1532 ξω]
1936 1470 2194 1534 Princeps
2238 1470 2491 1522 delicato·

1418 1560 1553 1607 rum,
1574 1546 1659 1610 qui
1679 1546 1899 1610 penulas
1924 1555 2153 1609 sumunt,
2177 1562 2206 1596 a
2226 1564 2368 1599 more
2393 1564 2492 1603 nu·

1420 1622 1658 1685 merandi
1713 1638 1814 1686 per¹
1870 1623 2052 1674 literas
2089 1623 2487 1689 Alphabeticas.

1419 1698 1507 1747 Sic
1529 1699 1901 1750 Eratosthenes
1933 1701 2231 1764 appellatus
2248 1704 2374 1760 βῆτα
2394 1706 2490 1752 τῶν

1418 1772 1822 1837 φιλοσοφούντων.
1861 1828 1866 1831 ,
1888 1776 2294 1835 Scioservorum
2328 1780 2489 1831 etiam

1420 1860 1476 1902 et
1499 1851 1718 1902 militum
1739 1851 1900 1911 fuisse
1936 1853 2171 1917 penulas,
2203 1855 2295 1903 sed
2332 1854 2494 1919 rufas,

1420 1929 1735 1991 Canusinam
1755 1930 2030 1981 lautiorum
2045 1945 2165 1980 vero
2185 1946 2492 1995 purpureas,

1419 2012 1481 2055 ut
1504 2006 1824 2069 plebeiorum
1866 2007 2069 2071 pullas3
2103 2007 2241 2056 unde
2280 2007 2368 2056 alii
2403 2023 2493 2057 ex·

1419 2091 1638 2146 ponunt,
1680 2084 1928 2149 princeps
1980 2099 2302 2149 pauperum:
2370 2086 2489 2138 vide
2562 2101 2578 2118 ·

1417 2161 1584 2225 epigr.
1601 2165 1685 2211 26.
1711 2162 1745 2210 l.
1770 2166 1821 2212 ὅ.

1469 2244 1501 2288 5
1530 2236 1985 2301 Togatussequitur]
2010 2240 2270 2289 Clientum
2285 2247 2502 2304 togato·-

1418 2331 1551 2366 rum.
1645 2315 1934 2380 Capillatus]
1990 2316 2315 2367 cirratorum
2362 2333 2489 2381 pne.

1417 2409 1594 2446 rorum
1625 2395 1897 2461 nobilium,
1915 2395 2102 2465 quibus
2127 2395 2367 2444 alebatur
2402 2410 2491 2445 co-

1419 2490 1521 2524 ma.
1563 2491 1647 2539 ep.
1684 2480 1769 2525 62.
1813 2477 1850 2525 l.
1892 2479 1970 2526 10.
2033 2475 2491 2538 Paedagogiorum,

1413 2567 1580 2615 peges.

1440 2669 1445 2678 .
1484 2632 1518 2677 6
1558 2629 1825 2691 Recensque
1855 2629 1971 2678 sellu
1991 2626 2240 2690 linteisque
2261 2627 2498 2689 lorisque]

1421 2705 1511 2760 Sic
1526 2703 1561 2755 J
1567 2718 1724 2754 uven.
1742 2709 1788 2754 1.
1805 2708 1886 2753 32.
1905 2705 1920 2731 ‘
1931 2717 2065 2752 nova
2075 2717 2193 2752 eum
2206 2702 2502 2754 veniatlec·.

1421 2782 1531 2830 tica
1547 2780 1814 2832 Mathonis
1833 2779 1866 2841 ;’
1902 2779 2004 2829 etsi
2024 2779 2165 2828 aliud
2184 2780 2313 2829 sella
2328 2795 2359 2827 a
2383 2780 2491 2829 lec·

1421 2858 1548 2920 tica,
1585 2857 1651 2908 de
1684 2856 1870 2921 quibus
1890 2862 1947 2906 ut
1970 2863 2027 2905 et
2048 2856 2224 2906 linteis
2242 2855 2350 2905 sive
2364 2855 2494 2910 velis

1422 2934 1608 2997 quibus
1663 2933 1997 2997 tegebantur,
2041 2932 2108 2982 de
2158 2932 2381 2982 vinculis
2435 2940 2494 2983 et

1422 3012 1627 3075 stuppis
1682 3011 1867 3076 quibus
1912 3008 2315 3072 colligabantur,
2368 3008 2491 3066 vide

1421 3089 1654 3153 Lipsium
1679 3093 1726 3139 1.
1765 3089 2074 3148 Elector-um¹
2100 3101 2216 3150 cap.
2255 3091 2332 3135 19.
2387 3086 2492 3149 ,Siq

1420 3168 1702 3218 Salmasius
1724 3167 1861 3216 bunc
1886 3167 2054 3216 locum
2076 3164 2355 3228 legendum
2367 3179 2491 3214 cen-

1420 3252 1502 3302 set
1527 3261 1540 3293 t
1595 3248 1609 3273 ‘
1632 3243 2017 3308 Oppigneravit
2042 3243 2201 3292 vmodo
2234 3239 2385 3291 modo
2421 3242 2488 3292 ad

1424 3322 1573 3370 Cladi
1596 3334 1822 3369 mensam
1848 3320 1950 3369 Vix
1973 3327 2093 3371 octo
2116 3319 2305 3368 mensis
2329 3334 2490 3376 annu·

1422 3399 1547 3461 lum,
1583 3397 1730 3454 ‚unde
1769 3396 2037 3448 coenaret?
2121 3397 2314 3447 Cladus
2351 3398 2490 3445 enim

1421 3489 1608 3530 nomen
1634 3475 1899 3538 proprium
1921 3474 2215 3538 trapezitae,
2249 3481 2306 3523 et
2337 3473 2490 3523 Grae-

1422 3567 1541 3606 cum
1563 3560 1648 3602 est
1679 3550 1870 3602 κλάδος.

1487 3627 1907 3691 1.Claudii,„8s0.]
1958 3627 2278 3691 Collybistae,
2316 3632 2491 3689 trape-

1422 3707 1561 3768 zitae,
1576 3706 1919 3761 foeneratoris.

1488 3789 1521 3832 8
1551 3783 1934 3846 Amadum,85c.]
1967 3781 2121 3835 Quod
2141 3789 2393 3832 extremae
2411 3788 2502 3830 est,

1424 3861 1771 3923 paupertatis,
1793 3867 1931 3909 teste
1963 3858 2206 3917 Juvenal.
2233 3862 2312 3907 11.
2337 3863 2418 3907 42.

1489 3940 1650 3992 Erre.
1690 3951 1858 3992 nv111.
1895 3942 1921 3986 1
1949 3938 2182 3998 Pexatus,
2205 3936 2310 4000 rim]
2355 3935 2500 3991 Ges-r:

1422 4023 1736 4078 tanstogam
1757 4020 2022 4070 ‚recentem
2039 4019 2103 4063 et
2124 4014 2375 4063 villosam.
2479 4057 2484 4068 ,

1476 4098 1519 4148 2
1552 4093 1669 4142 Meu
1697 4090 1834 4154 sunt]
1891 4091 2011 4141 Non
2047 4090 2394 4153 conductitia,
2417 4094 2500 4140 ιιι,

292 4170 448 4219 vestis
481 4170 806 4221 insolentiam
848 4177 904 4219 et
945 4169 1346 4219 ostentationem
1419 4178 1512 4222 tua
1535 4183 1684 4232 pexa.

296 4244 346 4294 in
381 4248 495 4297 loco
547 4247 774 4310 publico.
856 4245 1120 4310 Ejusmodi
1178 4253 1347 4296 vestes
1486 4247 1645 4295 Eme.
1668 4256 1784 4295 nix.
1822 4247 1847 4291 1
1876 4243 2008 4296 Mica
2036 4240 2309 4305 vocsr‚{5‘c.]
2347 4242 2492 4291 Diae-

420 4330 587 4394 Delph.
612 4336 662 4382 et
688 4331 799 4381 Var.
822 4330 949 4379 Clas.
1305 4328 1524 4379 Martini.
2246 4328 2278 4372 4
2313 4323 2358 4369 D
