2985 4937
459 443 634 509 1252

454 602 698 663 Veneris,
720 604 975 671 missaque
992 606 1288 657 mulieribus
1308 622 1523 658 munera

458 696 489 731 a
530 682 727 731 maritis
764 688 820 732 et
855 684 1186 737 amatoribus.
1251 686 1386 735 vide
1433 686 1519 736 tit.

455 756 843 822 Apophoretou,
864 759 955 810 lib.
979 764 1061 811 14.
1389 769 1395 777 '

454 910 648 961 venalis
687 912 798 962 Sat.
818 918 868 962 9.
955 916 971 942 ‘
997 916 1216 967 Munera
1264 915 1518 967 foemineis

455 990 653 1038 tractas
684 1000 891 1040 secreta
913 992 1194 1042 Calendis!
1261 993 1366 1044 Sed
1391 993 1518 1043 nihil
1549 992 1556 999 '

452 1064 630 1115 tritius
665 1065 716 1115 in
763 1075 874 1116 tota
914 1068 1243 1133 antiquitate.
1274 1084 1277 1089 ·
1310 1069 1518 1120 Idcirco

1163 459 1380 511 No‘rAE
1429 456 1998 534 νᾼιιιοιιυιιίιι·
2043 458 2046 463 “
2107 458 2114 463 ”

1599 614 1770 658 autem
1792 608 1947 658 docet
1965 608 2171 658 ‘amandi
2208 600 2484 673 magister.
2511 623 2577 658 ne
2601 622 2669 659 eo

1600 693 1835 749 tempore
1869 686 2152 748 puellarum
2183 691 2468 749 captentur
2489 686 2673 735 amiei-

1517 766 1524 777 ·
1599 760 1721 809 tiae:
1759 760 1882 827 quia
1919 761 2091 810 solent
2131 767 2256 810 tunc
2279 761 2530 824 temporis
2550 762 2673 824 pln-

520 839 579 885 11
601 835 894 900 Saturnalia,
914 839 1129 888 Martius
1149 839 1401 905 calendas]
1421 840 1526 891 Ju-'

1598 838 1727 888 rima
1768 853 1862 902 pro
1899 838 2021 902 jure
2066 852 2158 888 suo
2198 836 2474 902 flagitare:
2532 838 2669 889 dicit

1598 915 1768 966 euim:
1825 910 2056 979 ‘Magna
2083 909 2399 978 ‘superstitio
2444 910 2541 964 tibi
2593 917 2669 966 sit

1598 993 1786 1043 natalis
1807 993 2005 1043 amicae.
2067 992 2286 1058 Quaque
2309 992 2504 1058 aliquid
2538 991 2680 1041 dan-⁷

1599 1071 1722 1122 dum
1742 1078 1841 1131 est,
1863 1072 1953 1122 illa
1970 1065 2039 1123 sit
2062 1078 2172 1121 atra
2205 1070 2356 1120 dies.'
2405 1094 2418 1099 ⁷·
2463 1086 2464 1091 ¹

857 1515 1783 1594 EPIGRAMMATUM
1848 1518 2067 1594 LIB.
2114 1520 2257 1594 VI.

436 1742 441 1747 ,
514 1694 676 1745 Eme.
705 1709 744 1745 1.
767 1692 846 1744 Ad
865 1693 1062 1745 Julium
1080 1694 1381 1744 Martialem
1397 1694 1514 1743 mit-

451 1769 518 1821 tit
556 1765 913 1836 castigandum
950 1787 1140 1822 novum
1174 1771 1422 1834 libellum,
1452 1777 1513 1821 ut

447 1848 592 1898 exire
614 1849 865 1911 securius,
896 1854 952 1898 et
990 1849 1041 1898 in
1077 1863 1257 1900 manus
1291 1849 1512 1899 Caesaris

446 1927 621 1976 venire
641 1933 835 1990 posset.

458 2010 463 2015 ·
510 2007 543 2051 2
578 2003 846 2067 Martialis]
877 2000 963 2052 Ad
996 2017 1148 2068 quem
1185 2002 1275 2054 lib.
1301 2009 1352 2055 5.
1387 2003 1514 2068 Epi-

446 2095 661 2144 gramm.
682 2086 762 2130 21.
818 2104 821 2107 1

432 2176 435 2181 ·
511 2161 540 2206 8
576 2157 637 2207 Si
679 2159 891 2219 terseris,
929 2159 1036 2223 esa]
1083 2159 1140 2209 Si
1185 2161 1296 2210 acri
1342 2161 1513 2226 digiti,

445 2235 579 2283 auris
583 2234 792 2300 judicii
812 2251 1030 2285 censura
1044 2236 1336 2301 castigari&
1396 2237 1511 2287 Ter·

440 2310 584 2375 seris]
649 2311 736 2361 Ad
792 2313 1057 2377 spongiam
1096 2328 1222 2378 ergo
1276 2314 1509 2364 alludere

441 2387 665 2453 videtur,
702 2388 770 2438 de
802 2402 902 2455 qua
933 2404 1091 2454 supra
1126 2390 1217 2440 lib.
1239 2396 1290 2442 «1.
1328 2392 1507 2457 Epigr-

442 2467 520 2515 10.

504 2547 534 2590 5
571 2542 779 2605 Magnos
820 2544 1045 2608 Coesaris,
1083 2545 1188 2609 ξω]
1219 2547 1507 2610 Caesareas,

410 2616 518 2669 'sic
541 2619 719 2684 Epigr.
745 2625 794 2670 8.
818 2621 906 2670 lib.
924 2625 972 2670 4.
997 2636 1128 2672 vers.
1149 2627 1228 2673 lo.
1273 2624 1508 2689 Magnas]

436 2694 570 2744 Sunt
592 2698 679 2759 qui
698 2698 874 2761 legant
888 2698 1080 2761 Magni.
1149 2699 1379 2765 Cesar-is]
1395 2702 1507 2751 Do·

435 2772 655 2824 mitiani.

503 2850 662 2899 Eme.
687 2864 748 2900 ιι.
784 2855 810 2900 1
835 2851 990 2901 Lusus
1011 2858 1132 2913 erat,
1153 2853 1261 2917 δια]
1307 2853 1413 2902 Pro
1435 2854 1511 2903 lu-

439 2923 506 2974 do
525 2926 849 2977 habebantur
870 2929 1148 2979 adulteria.

502 3005 535 3051 2
583 3002 736 3052 Lusus
774 3008 825 3052 et
866 3003 1152 3069 immeritos]
1216 3007 1508 3073 Suetonius,

435 3078 454 3107 ‘
477 3077 707 3133 castrari
741 3094 906 3129 mares
944 3082 1144 3131 vetuit?
1209 3082 1510 3147 spadonum

436 3155 525 3220 qui
550 3156 687 3219 apud
709 3171 992 3220 mangones
1015 3165 1187 3221 erant,
1209 3160 1380 3224 pretia
1400 3176 1506 3211 mo·

433 3231 648 3283 <letatus
667 3226 767 3283 est.
800 3234 1049 3299 Papinius
1066 3249 1147 3287 ιν.
1166 3236 1307 3301 Sylv.
1324 3237 1389 3288 de
1406 3238 1506 3289 hoc

436 3306 610 3359 edicto
633 3308 961 3361 Domitiani.
944 3325 959 3340 ·
982 3312 998 3340 ‘
1016 3311 1122 3364 Qui
1145 3312 1333 3364 fortem
1355 3322 1508 3367 vetat

434 3383 653 3435 interire
689 3401 889 3451 sexum,
926 3388 998 3438 Et
1034 3404 1221 3441 censor
1260 3393 1505 3458 prohibet

433 3473 604 3512 mares
656 3463 860 3515 adultos
902 3465 1146 3518 Pulchrae
1193 3468 1503 3534 supplicium

433 3538 643 3589 timere
654 3533 872 3594 formae!
937 3543 1056 3594 Hoc
1076 3552 1250 3596 autem
1275 3547 1397 3597 ideo
1416 3561 1503 3597 ve-

433 3617 555 3679 tuit,
587 3617 711 3683 quia
742 3634 859 3670 cum
878 3622 1175 3672 memoriam
1193 3622 1299 3672 Titi
1320 3622 1500 3674 fratris

430 3693 553 3745 odio
585 3693 827 3760 baberet,
863 3704 923 3749 et
954 3698 996 3747 is
1021 3699 1298 3750 Eunuchos
1339 3715 1503 3751 amas

429 3776 532 3829 set,
555 3770 726 3822 hocin
745 3769 858 3837 ejus
881 3776 1248 3825 contumeliam
1268 3775 1501 3827 edictum

428 3848 855 3910 proscribendum
907 3852 1132 3902 censuit.
1196 3851 1501 3917 xiphilinus

427 3923 483 3973 iu
523 3921 846 3978 Domitiano.
911 3928 1121 3979 Her-ald.
1218 3930 1503 3980 Exsecuisse

430 4002 608 4066 mares]
656 4005 921 4057 Castrare.
989 4006 1292 4070 Exsecuisse]
1337 4008 1502 4057 Exse-¹

428 4092 572 4142 care,
614 4075 865 4140 ἐκτέμνειν.
928 4082 1019 4133 Sic
1058 4082 1499 4134 ‘circumsectus'

429 4154 647 4206 Judaeos
685 4155 826 4205 dixit
865 4156 1076 4211 Sueton.
1119 4160 1175 4209 in
1211 4160 1502 4211 Domitian.

432 4245 587 4294 quos
613 4232 1005 4285 ‘circumcisos’
1028 4238 1216 4319 vulgo
1272 4238 1503 4304 appella-

430 4305 564 4359 mus.

1657 1698 1687 1743 3
1718 1694 1964 1759 Prohibes,
2002 1696 2110 1761 ξω]
2160 1696 2377 1746 Edictis.
2442 1695 2666 1747 Suetou2

1592 1771 1795 1823 Domit.
1829 1786 1946 1837 cap.
1963 1777 2013 1825 7.
2045 1772 2304 1838 xiphilin.
2340 1773 2497 1822 Dom.
2535 1772 2663 1823 Dio.

1593 1847 1765 1899 Amm.
1808 1850 2104 1937 Marcellin.
2136 1850 2228 1902 lib.
2274 1855 2356 1900 18.
2392 1849 2586 1914 Papin.
2612 1852 2665 1900 4.

1590 1924 1737 1991 Sylv.

1656 2005 1689 2051 4
1711 2000 1828 2053 Sine
1850 2004 2205 2068 freudejubes]
2242 2004 2521 2069 Legitima,
2554 2002 2661 2054 non

1590 2092 1658 2128 ex
1681 2079 1954 2130 adulterio.

1655 2160 1687 2205 6
1714 2157 1781 2205 Et
1809 2161 1973 2221 spado,
2009 2157 2118 2223 ξω]
2152 2158 2435 2223 Eleganter
2482 2166 2662 2208 utrun

1589 2244 1692 2299 qne
1713 2236 1979 2301 conjungit
2003 2235 2188 2287 Poeta.
2248 2236 2389 2286 vide
2410 2236 2532 2288 Juv.
2550 2237 2664 2286 Sat.

1592 2313 1640 2360 1.
1663 2324 1798 2360 vers.
1833 2315 1917 2361 22.
1954 2319 2012 2362 et
2050 2312 2161 2363 Sat.
2184 2316 2246 2362 6.
2275 2326 2415 2362 vers.
2453 2314 2570 2362 357.
2603 2318 2663 2360 et

1587 2385 1768 2450 Epigr.
1787 2389 1870 2438 76.
1892 2385 1978 2437 lib.
1999 2391 2047 2437 5.
2069 2388 2208 2437 unde
2227 2387 2354 2437 huie
2363 2387 2471 2436 lux.
2652 2416 2660 2421 —

1654 2460 1813 2514 Erro.
1831 2477 1918 2514 ιιι.
1922 2463 2126 2528 Βιβλία
2139 2461 2432 2525 Domitiani]
2451 2462 2532 2512 Ex
2547 2461 2664 2513 Do-

1581 2538 1738 2594 ,mitia
1758 2528 1938 2602 uxore,
1960 2541 2111 2606 cujus
2127 2540 2361 2590 meminit
2377 2540 2523 2589 Suet.
2509 2549 2662 2605 .eap.

1587 2621 1637 2668 3.
1706 2618 1894 2682 Neque
1926 2619 2060 2668 enim
2100 2620 2277 2682 placet
2310 2619 2409 2667 hoc
2449 2617 2514 2667 de
2537 2631 2661 2667 con·

1589 2702 1752 2757 ceptu
1772 2694 1947 2758 Julian,
1980 2696 2265 2770 quemipse
2290 2701 2444 2759 pater
2479 2701 2536 2745 et
2573 2708 2664 2758 pa·

1594 2778 1739 2819 truus
1765 2771 2056 2823 abortivum
2072 2786 2185 2822 esse
2204 2765 2386 2835 voluit,
2405 2770 2628 2836 intelligi
2644 2790 2663 2834 ς

1591 2852 1651 2896 ut
1671 2846 1785 2896 vult
1806 2848 2125 2899 culdei-inus.
2455 2861 2460 2876 ·

1655 2927 1682 2972 1
1721 2923 1951 2988 Nascere]
1987 2925 2304 2976 Nascentem
2342 2938 2556 2990 puerum
2592 2925 2667 2974 al-

1586 2998 1828 3065 loquitur·
1841 3000 2031 3065 Poeta,
2068 3003 2154 3053 vel
2191 3001 2366 3067 potius
2396 3008 2577 3053 uatum
2602 3009 2660 3053 et

1592 3086 1951 3142 crescentem3
2000 3081 2138 3131 sicut
2177 3079 2395 3146 stirpem
2439 3080 2659 3132 dicimus

1587 3156 1731 3205 nasei
1748 3155 1870 3208 dum
1892 3157 2102 3210 crescit.
2125 3156 2401 3220 Dardanio]
2412 3159 2660 3223 Trojano,

1587 3245 1618 3281 ιι
1649 3232 1944 3285 Dardano.'·
1979 3236 2291 3298 Pamisum,
2326 3234 2660 3299 &ed-Imita-

1584 3308 1661 3358 tio
1692 3309 2016 3376 «Virgiliauaz
2052 3313 2068 3341 ‘
2086 3311 2259 3364 Julius
2283 3327 2314 3362 a
2347 3318 2548 3377 maguo'
2569 3313 2658 3363 de·

1583 3385 1792 3436 missum
1830 3402 2022 3438 nomen
2064 3388 2198 3440 Iulo.
2202 3388 2218 3413 ⁹
2267 3395 2315 3441 1.
2356 3383 2556 3441 AE'neid.
2565 3393 2574 3401 ‘
2599 3397 2656 3441 et

1582 3462 1601 3491 ‘
1620 3464 1789 3514 chara
1817 3465 1986 3515 Deum
2018 3461 2256 3528 soboles?
2289 3470 2392 3517 ὅτε.
2425 3468 2542 3517 haee
2565 3482 2656 3517 au-

1584 3542 1729 3589 tem‘
1750 3555 1892 3601 vera,
1894 3540 2222 3591 'Domitiani
2244 3543 2448 3593 scilieet
2470 3543 2655 3625 Deiae

1582 3617 1816 3667 Domini.
1836 3619 2018 3683 Epigr.
2038 3622 2089 3669 8.
2111 3618 2207 3668 lib.
2224 3624 2283 3669 5.
2349 3625 2356 3634 ’

1646 3698 1677 3744 3
1716 3694 1968 3760 Hebenus]
1988 3695 2270 3772 Imperium
2290 3696 2595 3748 Romanum.
2640 3702 2656 3730 ¹

1644 3773 1678 3819 4
1705 3770 1890 3834 Quique
1911 3786 2099 3835 -regas,
2129 3769 2241 3837 ξω]
2275 3771 2419 3826 Imit.
2466 3771 2653 3823 ovidi-

1580 3860 1710 3897 anaz
1747 3849 1993 3916 ‘Sospite
2031 3850 2108 3900 sic
2140 3850 2300 3900 te-sit
2335 3849 2492 3900 natus
2524 3864 2653 3915 quo-

1578 3939 1678 3991 que
1700 3940 1907 3991 sospes:
1943 3932 2000 3977 et
2027 3927 2147 3977 olim
2179 3921 2466 3992 Imperium
2499 3932 2649 3991 regat

1576 4000 1674 4053 hoc
1689 3992 2024 4054 eum'senio're
2041 4017 2204 4055 senex
2222 4003 2256 4053 ι’
2273 4004 2492 4054 2.Trist.
2509 4018 2652 4054 vers.

1581 4081 1697 4127 1⁰⁵.
1851 4087 1860 4098 ο
2487 4085 2496 4104 t

1645 4160 1675 4203 5
1711 4154 1828 4217 Ipsa
1858 4155 1949 4205 tibi
1970 4156 2127 4221 niveo,
2162 4156 2270 4221 θα]
2300 4157 2489 4209 Pareae
2508 4153 2644 4209 Dea

1583 4233 1781 4286 dabunt
1813 4237 2037 4300 patrueli
2058 4242 2162 4288 tuae
2184 4226 2344 4289 Juli'ae
2369 4236 2494 4289 fiiiae
2522 4239 2640 4295 Titi,

1577 4317 1765 4378 partes
1797 4328 1940 4366 suas·
1979 4322 2135 4381 atque
2158 4315 2303 4406 Julia
2336 4330 2434 4381 pro
2471 4329 2642 4367 amore
