2985 4937
451 336 709 478 127⁰*

455 542 609 593 quam
644 527 811 581 sulces
842 528 1079 581 duxisset
1113 529 1363 594 unguenti
1398 528 1521 580 litn-

456 607 527 667 pis
552 615 609 659 et
630 605 795 658 veluti
831 607 940 657 vias
975 606 1248 669 secuisset,
1279 604 1521 657 ‘semita-

454 688 541 740 tus
557 680 573 705 ’
605 682 760 743 dixit,
774 699 892 748 quae
914 690 1000 735 est
1017 684 1347 748 antiquorum
1362 682 1518 735 libro-

455 773 570 811 rum
613 758 906 824 scriptura:
965 767 1024 810 ut
1066 760 1223 810 mirer
1262 758 1388 826 quid
1429 759 1520 822 sit,

455 835 685 901 qnod,‚et
706 843 887 888 contra
907 838 1219 899 sententiam
1248 845 1308 888 et
1338 851 1520 891 versun

453 914 729 977 rationem,
748 915 896 964 multi
915 919 1235 976 segmentatus
1265 921 1322 966 et
1338 912 1522 968 defen·

456 988 587 1041 dant
618 996 675 1043 et
706 989 991 1044 declarent.
1048 991 1283 1042 Turneb.
1312 991 1407 1041 lib.
1437 995 1522 1041 25.

456 1084 575 1135 cap.
591 1074 680 1137 27.
713 1070 817 1121 Sed
861 1070 1100 1122 Raderus
1131 1072 1313 1122 Gontii
1345 1073 1524 1135 expla-

363 1191 371 1198 .
456 1147 719 1199 nationem
746 1148 966 1210 probat3
1001 1149 1089 1213 qui
1113 1151 1129 1177 ‘
1149 1147 1391 1199 Calvam’
1414 1150 1523 1199 isti·

459 1225 672 1273 uscalvi
706 1231 973 1289 comparat
997 1227 1180 1289 vineae,
1213 1243 1331 1293 qnae
1368 1242 1525 1292 prop-

426 1306 434 1317 ·
459 1307 544 1350 ter
566 1309 913 1364 senectutem,
936 1304 1018 1353 vel
1055 1304 1194 1354 aliud
1234 1305 1302 1355 ob
1323 1306 1527 1368 vitium,

458 1391 654 1440 pancas
688 1378 846 1428 habet
878 1380 1035 1442 vites,
1063 1388 1116 1431 et
1149 1383 1166 1412 ‘
1184 1382 1423 1431 calvata'
1443 1381 1525 1431 di-

457 1454 611 1505 citur.
677 1454 813 1505 Vide
857 1456 1111 1507 Catonem
1156 1457 1224 1507 de
1268 1473 1325 1507 re
1368 1459 1525 1508 Rust.

458 1545 575 1595 cap.
598 1535 681 1581 33.
715 1532 863 1582 Sicut
883 1549 1007 1597 ergo
1032 1535 1086 1585 in
1119 1536 1321 1585 calvata
1358 1536 1529 1599 vinea,

458 1622 578 1673 qnae
602 1611 978 1672 paucas=habet
1001 1612 1139 1662 vites
1174 1621 1228 1662 et
1250 1614 1419 1678 palos,
1443 1628 1524 1663 se·

457 1686 588 1737 mita
610 1688 754 1738 lueet
774 1687 914 1739 inter
931 1688 1164 1739 hortulos
1190 1690 1371 1739 vitium
1392 1706 1407 1749 ;
1446 1689 1525 1739 sic

459 1762 512 1812 in
535 1764 671 1813 calvi
711 1766 1067 1817 recumbentis
1108 1768 1273 1830 calva,
1306 1766 1427 1816 hinc
1469 1772 1525 1815 et

458 1839 580 1890 hinc
603 1841 669 1890 ad
694 1850 930 1906 tempora
964 1845 1230 1907 paululum
1254 1846 1414 1909 snpra
1436 1859 1526 1894 an·

461 1932 545 1974 res
568 1925 720 1969 erant
740 1926 848 1969 tres
871 1921 984 1984 pili,
1006 1921 1180 1973 media
1196 1936 1319 1971 vero
1341 1923 1528 1972 semita

460 1994 567 2045 late
590 1994 795 2046 nitebat
813 2003 1097 2061 unguento.
1161 1997 1420 2048 Gruterus
1442 2012 1528 2047 ve·

462 2084 522 2119 ro
557 2070 689 2123 dicit
725 2071 833 2136 legi
865 2073 919 2120 in
956 2073 1131 2124 Palat.
1169 2075 1366 2125 Calvam
1398 2075 1531 2124 simi.

464 2147 589 2199 lem:
654 2148 791 2199 unde
835 2149 960 2201 Jan.
993 2150 1310 2214 Rutgersius
1351 2152 1528 2216 legen·

462 2223 585 2275 dum
606 2231 785 2288 putat.
824 2228 1022 2278 calvam
1042 2227 1215 2295 Sileni.

476 2338 480 2342 »
528 2305 559 2350 3
594 2301 835 2364 Foditque
864 2303 1161 2369 tomis‚⁸5c.]
1195 2305 1299 2357 Qui
1327 2274 1536 2357 videtur

463 2374 650 2429 dentes
690 2393 914 2443 purgare
950 2382 1202 2433 lentisco:
1238 2381 1305 2431 de
1331 2397 1435 2448 quo
1465 2383 1536 2432 E·

461 2452 596 2518 pigr.
618 2457 699 2504 22.
721 2454 811 2505 lib.
838 2459 916 2507 14.

527 2536 562 2583 4
596 2533 858 2596 Mentitur,
881 2534 987 2598 ξω]
1020 2536 1263 2600 Simulat,
1285 2552 1351 2586 ne
1374 2551 1536 2601 appa·

462 2614 582 2662 reat
603 2609 897 2662 edentulus.

527 2687 689 2738 Eme.
734 2701 899 2742 LXXV.
965 2689 1211 2742 Pontiam
1254 2688 1536 2740 veneficam

464 2763 720 2827 exagitat,
739 2766 891 2828 cujus
912 2780 1129 2828 munera
1142 2781 1344 2818 veneno
1364 2767 1537 2818 tincta

464 2840 725 2903 repudiat.
750 2841 844 2893 lib.
865 2846 915 2892 2.
952 2842 1135 2906 Epigr.
1174 2847 1255 2895 34.
1294 2852 1350 2895 et
1372 2843 1461 2894 lib.
1481 2849 1535 2895 4.

464 2917 650 2981 Epigr.
670 2922 754 2969 42.

534 2997 561 3042 1
601 2994 905 3049 Quodn-amec
926 2997 1188 3060 placente]
1229 2996 1413 3060 Epigr.
1449 2999 1535 3046 76.

464 3068 557 3120 lib.
583 3074 633 3120 3.
656 3085 791 3125 vers.
818 3076 866 3126 1.

533 3150 563 3195 3
587 3148 860 3211 Buccellas,
884 3148 1034 3213 ⁸5⁴³·J‘
1049 3150 1336 3214 Buccella,'
1363 3149 1538 3215 ψωμία,

454 3228 527 3271 ἐι
549 3222 857 3287 buccellam,
875 3226 1022 3289 panis
1046 3226 1100 3275 in
1119 3227 1327 3283 modum
1350 3230 1537 3280 circuli

468 3312 561 3349 seu
575 3314 780 3352 coronae
795 3300 990 3365 factus,
1000 3318 1091 3354 sex
1103 3302 1218 3355 fere
1233 3305 1536 3358 unciarum.
1521 3322 1536 3335 ·

470 3390 505 3425 a
524 3377 713 3430 Latina
734 3393 864 3432 voce
885 3382 901 3409 ‘
917 3381 1088 3432 bucca
1103 3381 1119 3405 '
1143 3384 1230 3433 vel
1259 3384 1276 3412 ‘
1299 3383 1538 3447 buccea,’

470 3468 587 3517 qnae
610 3452 833 3516 frustum
854 3460 1004 3521 panis
1042 3461 1129 3514 vel
1147 3475 1335 3525 panem
1377 3461 1537 3523 signi-

468 3528 615 3582 ficat.
699 3534 868 3584 Vetns
912 3536 1267 3588 Glossarium:
1309 3538 1538 3590 ‘Jeutat

468 3606 745 3673 Bmmss'uss
778 3611 1051 3677 ‘Gustare,
1083 3613 1331 3671 βουκκίσαι
1348 3614 1384 3664 :⁹
1419 3614 1538 3665 hinc

471 3686 694 3742 fbuccae
712 3687 727 3710 ²
760 3696 817 3739 et
848 3692 864 3719 ‘
885 3689 1223 3754 buccellarii,'
1253 3692 1342 3757 qui
1366 3694 1539 3748 aliena

468 3763 686 3829 buccea,
704 3766 760 3818 id
779 3776 880 3830 est,
893 3769 1093 3833 quadra
1110 3770 1310 3830 vivunt,
1327 3770 1539 3832 parasiti

470 3842 581 3894 scil.
602 3850 660 3896 et
683 3843 933 3895 adneclae.
965 3845 1119 3898 Solm.
1181 3848 1407 3896 Mon-sels.

533 3921 566 3967 4
605 3920 708 3969 Nec
722 3920 1048 3985 minuma-a]
1084 3924 1199 3974 Nec
1217 3921 1396 3974 amicis
1419 3924 1537 3974 mit-

472 4003 602 4057 tam,
626 3997 788 4048 multo
822 3998 992 4048 minus
1029 4000 1141 4063 ipse
1165 4000 1332 4065 edam,
1353 4007 1414 4051 ut
1450 4002 1540 4067 qui

469 4073 626 4124 sciam
640 4079 730 4142 tua
751 4073 1028 4126 veneficia.
1051 4077 1316 4142 Epigram.
1336 4083 1415 4128 34.
1438 4080 1472 4130 l.
1489 4083 1540 4128 2.

541 4150 700 4200 Eme.
725 4164 919 4202 Lxxvr.
941 4156 968 4201 1
1005 4153 1143 4204 Sacri
1175 4155 1341 4206 lateris
1360 4153 1539 4217 custos]

472 4225 610 4288 Imp.
637 4227 930 4279 Domitiani
967 4229 1246 4295 praefectus
1284 4234 1542 4296 praetorii.

477 4303 751 4368 Martisque
772 4306 949 4370 togati]
980 4308 1325 4360 Praetorianae
1362 4311 1543 4361 cohor-

1149 386 1365 436 NOTAE
1414 384 1819 435 VARIORUM
1869 387 1947 435 {N

1595 529 1683 593 tis,
1706 545 1820 595 quse
1844 530 1898 579 in
1937 529 2063 581 urbe
2100 544 2194 581 seu
2231 529 2298 582 ad
2319 545 2494 581 muros
2517 532 2663 582 urbis

1593 613 1724 668 erat,
1740 605 2021 670 praefectus
2036 608 2117 656 vel
2135 607 2336 670 legatus
2353 607 2666 670 Domitiani,

1593 684 1681 748 qui
1704 684 1815 748 ipse
1838 684 1892 733 in
1930 684 2058 734 urbe
2091 693 2308 749 propter
2341 685 2574 748 auspicia
2608 691 2669 735 et

1592 763 1810 827 imperia
1825 762 2201 814 residensbella
2215 765 2354 827 gerit
2370 778 2467 828 per
2482 762 2668 814 duces.

1658 845 1690 890 2
1727 841 1924 891 credita
1955 840 2032 890 cui
2065 841 2256 904 summi,
2288 840 2398 904 ξω]
2431 841 2528 893 Cui
2550 843 2669 895 Do·

1595 918 1796 968 mitian.
1816 919 2153 968 commiserat
2174 919 2299 969 belli
2321 919 2509 969 Dacici
2532 934 2673 968 snm·

1598 1011 1750 1046 mam.
1785 997 1931 1045 Suet.
1954 998 2113 1047 Dom.
2133 1010 2249 1060 cap.
2271 1000 2323 1045 6.
2345 996 2512 1046 Tacit.
2534 1001 2583 1049 2.
2608 1002 2672 1045 et

1597 1076 1645 1121 3.
1670 1071 1762 1122 lib.
1786 1064 1950 1122 Hist-⁴

1664 1153 1694 1199 3
1729 1149 1937 1212 Fuscus]
1969 1148 2033 1198 In
2049 1148 2215 1198 Dacia
2229 1148 2367 1198 bello
2383 1161 2672 1213 oppressus

1598 1225 1816 1275 interiit.
1883 1226 2100 1287 Eutrop.
2141 1226 2180 1275 l.
2219 1229 2267 1275 7.
2304 1224 2430 1276 JuV.
2468 1224 2580 1274 Sat.
2620 1230 2673 1274 4.

1603 1316 1737 1351 vers.
1783 1305 1898 1351 111.
1962 1301 2100 1353 Licet
2137 1303 2241 1365 hoc,
2271 1302 2380 1366 ism]
2414 1302 2530 1351 Etsi
2553 1302 2675 1365 ipse

1599 1380 1769 1431 victus
1808 1379 2082 1441 ceciderit,
2113 1379 2226 1443 jam
2263 1387 2678 1432 tamensecurus

1600 1464 1690 1508 est,
1704 1457 1930 1506 tumulus
1951 1456 2085 1520 ejus,
2126 1457 2289 1506 Dacis
2314 1464 2495 1520 postea
2516 1457 2679 1506 victis

1567 1548 1572 1557 ’
1601 1546 1632 1580 a
1646 1532 1875 1583 Juliano.

1663 1612 1693 1656 5
1734 1607 2251 1671 Grandejugum,&c.]
2282 1606 2551 1671 Victi-jam
2564 1607 2678 1656 Da·

1599 1684 1647 1734 ci
1688 1686 1983 1734 retulerunt
2015 1683 2230 1735 inferias
2263 1684 2459 1735 umbrae
2499 1683 2680 1745 Fusci,

1599 1762 1684 1813 cui
1728 1762 1874 1827 quasi
1920 1761 2121 1812 victrici
2162 1769 2403 1811 sacratur
2446 1759 2676 1809 tumulus

1600 1853 1719 1889 cnm
1742 1839 1915 1903 agello
1939 1844 1996 1888 et
2016 1839 2136 1887 luco
2168 1837 2222 1886 in
2247 1836 2370 1900 ipsa
2400 1837 2576 1886 Dacia
2596 1851 2678 1885 re-

1602 1916 1755 1966 dacta
1770 1916 1822 1964 iu
1837 1913 2172 1965 deditionem.
2204 1914 2340 1964 Vide
2359 1914 2543 1979 Epigr.
2560 1918 2677 1964 115.

1604 2001 1659 2042 et
1686 1996 1796 2047 117.
1817 1991 1909 2042 lib.
1929 1996 1976 2042 1.

1614 2120 1618 2124 Α
1667 2070 1832 2136 Eme.
1853 2081 2083 2119 Lxxvn.
2134 2065 2254 2116 Afri
2277 2065 2673 2117 mendicitatem

1605 2162 1722 2197 cnm
1745 2160 1941 2195 summa
1964 2144 2260 2208 arrogantia
2294 2151 2352 2193 et
2389 2141 2531 2192 fastu
2556 2159 2681 2193 con-

1597 2224 1836 2288 junctam
1878 2222 2103 2272 omniurn
2141 2219 2370 2271 ludibrio
2421 2221 2677 2285 exponit:

1610 2302 1966 2367 pauperrimus
2012 2302 2150 2351 enim
2201 2308 2257 2352 et
2310 2301 2683 2351 valentissimis

1606 2379 1918 2444 hexaphoris
1953 2377 2245 2441 ferebatur,
2279 2376 2500 2443 perinde
2533 2376 2681 2442 quasi
2757 2402 2771 2417 a

1609 2457 1894 2510 ditissimus
1912 2466 2072 2522 esset,
2090 2464 2182 2509 aut
2204 2472 2362 2521 aeger.
2397 2456 2531 2507 Raa.

1676 2540 1703 2585 1
1739 2534 1869 2598 Irus]
1902 2533 2124 2584 Amaeus
2147 2533 2440 2596 mendicae,
2459 2532 2682 2583 Homer.

1611 2612 1801 2677 Odyss.
1825 2626 1872 2663 z.

1671 2694 1704 2739 2
1740 2690 2111 2753 Parthenopoeus
2133 2689 2259 2752 erat]
2295 2688 2682 2740 pulcherrimus

1596 2767 1806 2832 juvenis
1854 2781 1987 2816 nnus
2031 2782 2062 2816 e
2107 2774 2311 2830 septem
2357 2765 2579 2815 ducibus
2615 2764 2683 2813 ad

1604 2845 1810 2898 Thebas
1831 2843 2106 2908 profectis.
2172 2844 2442 2906 AEschylus
2476 2844 2528 2891 in
2559 2841 2686 2892 ἑπτὰ

1609 2921 1686 2972 ἐπὶ
1701 2921 1900 2986 Θήβαις,
1919 2928 1978 2971 et
2001 2921 2186 2985 Papia.
2206 2922 2367 2972 Theb.

1672 3005 1704 3051 3
1736 2999 2092 3063 Artemidorus]
2119 2997 2376 3049 Artemid.
2390 2997 2684 3072 Trallianus

1610 3077 1971 3147 pancratiasta
1992 3076 2201 3135 nobilis,
2233 3076 2331 3126 sub
2355 3076 2526 3139 Impp.
2559 3075 2687 3125 Gal·

1613 3159 1678 3206 ba
1698 3164 1754 3206 et
1773 3154 2011 3206 Vitellio.
2081 3153 2213 3202 Vide
2252 3168 2367 3218 quae
2402 3153 2638 3202 Sci-iver.
2656 3167 2686 3201 e

1608 3232 1886 3285 Pausaniae
1910 3232 2078 3283 Eliac.
2104 3231 2416 3295 posteriore.

1674 3314 1705 3360 4
1743 3310 1874 3365 Quid
1905 3315 1953 3359 te
1978 3310 2325 3373 Cappadocum,
2345 3305 2448 3371 ξω]
2477 3308 2587 3357 Cur
2612 3313 2691 3368 tu,

1608 3371 1897 3452 perindeac
1910 3387 2054 3435 dives
2064 3397 2223 3446 esses,
2238 3399 2414 3446 senex,
2424 3383 2509 3433 vel
2525 3395 2693 3445 aeger,

1610 3467 1829 3529 gestaris
1851 3464 2172 3528 hexaphoro,
2202 3462 2438 3511 lecticam
2463 3460 2691 3534 subeun-

1612 3541 1750 3591 tibus
1788 3556 1880 3590 sex
1902 3540 2067 3590 servis
2091 3554 2121 3590 e
2154 3537 2493 3602 Cappadocia
2526 3543 2689 3601 gente

1614 3619 1680 3674 ad
1705 3617 2017 3667 servitutem
2042 3616 2204 3665 nata?

1676 3701 1707 3744 5
1747 3692 2235 3757 waduceris,21fer]
2289 3691 2425 3740 Vide
2465 3705 2581 3755 qnae
2622 3690 2690 3740 ad

1615 3770 1798 3835 Epigr.
1820 3773 1872 3820 4.
1898 3769 1990 3819 lib.
2010 3769 2299 3832 spectacul.
2321 3782 2458 3818 vers.
2475 3771 2525 3817 3.

1678 3852 1709 3896 7
1745 3847 1860 3896 Non
1896 3847 2042 3896 aliter
2076 3850 2385 3904 monstratur,
2420 3844 2532 3909 δρα]
2584 3844 2692 3894 Pro

1611 3924 1711 3972 hac
1736 3921 1962 3971 lectione
1981 3936 2046 3969 ex
2069 3921 2222 3970 variis
2240 3920 2389 3970 bonis
2403 3919 2690 3984 libi-inpug-

1614 4006 1708 4049 nat
1729 3998 1864 4060 Ang.
1884 3997 2177 4047 Politianus
2202 4012 2320 4061 cap.
2343 4002 2427 4047 23.
2448 3998 2550 4046 hoc
2573 4010 2692 4045 sen·

1615 4090 1708 4125 su:
1747 4074 1802 4124 Si
1825 4074 2033 4139 quando
2061 4072 2214 4123 Atlas
2239 4088 2402 4123 nanus
2423 4073 2690 4139 (Juvenal.

1613 4153 1874 4216 Satyr.,8.
1915 4165 2057 4201 vers.
2091 4148 2200 4215 31.)
2241 4152 2383 4198 mulo
2418 4150 2610 4214 pumilo
2635 4153 2690 4197 et

1618 4244 1865 4294 compare
1898 4234 2098 4288 utatur,
2120 4228 2275 4291 vulgo
2306 4227 2532 4287 ridetur,
2554 4232 2612 4274 ut
2634 4231 2690 4273 et

1620 4309 1834 4366 Maurus
1859 4306 1947 4357 ubi
1981 4306 2309 4356 concolorem
2331 4304 2433 4354 sibi
2457 4303 2695 4367 elephan-
