2985 4937
518 402 692 470 1424

516 565 605 617 ubi
648 563 911 622 intestina,
952 568 1216 615 omentum
1253 577 1349 614 seu
1389 563 1575 613 humor

517 643 703 708 aliquis
724 640 981 692 deciderit
1007 641 1065 691 in
1100 646 1347 703 scrotum,
1386 645 1573 709 estque

515 719 878 782 Enterocelas‚
910 716 1212 769 SarcoceIas
1241 729 1333 766 seu
1362 714 1572 780 Hydro-

515 796 673 847 celas.

579 875 612 922 2
649 871 801 929 Qum
825 873 960 921 modo
988 868 1130 933 colei]
1159 870 1367 931 Coieus,
1394 868 1575 933 καλῶς,

517 947 723 1000 Gracis
745 953 828 998 est
849 947 1055 1012 vagina.
1121 947 1318 998 Latinis
1351 954 1434 998 est
1469 954 1573 997 tes-

516 1024 723 1087 ticulus,
763 1040 796 1074 a
828 1025 942 1074 cole
975 1030 1035 1077 ut
1067 1030 1305 1090 apparet.
1367 1023 1576 1075 Dicitur

516 1100 677 1151 etiam
709 1101 727 1130 ⁴
744 1099 971 1151 Culeusss

579 1180 613 1227 4
650 1178 913 1240 Quantam,
930 1177 1038 1242 qm]
1071 1178 1305 1228 Catullus
1325 1185 1499 1229 autem
1520 1177 1574 1229 iu

516 1252 926 1304 Venereis'hisce
939 1253 1283 1304 extendendis
1295 1254 1576 1320 Hyperbo-

514 1327 647 1380 licus
669 1337 752 1379 est
771 1336 827 1380 et
848 1330 1171 1380 immodicus.

581 1406 744 1456 Eme.
763 1419 975 1456 nxxxv.
1012 1412 1039 1457 1
1066 1406 1336 1472 Nolumus,
1354 1408 1461 1473 aym]
1486 1408 1572 1459 In·

514 1482 654 1533 vitus
673 1483 885 1548 permisi
910 1491 964 1533 te
983 1498 1154 1533 comas
1172 1484 1456 1535 detondere
1475 1501 1490 1536 z
1515 1491 1575 1535 ut

514 1558 698 1623 Epigr.
718 1562 802 1608 48.
831 1558 925 1612 lib.
946 1564 996 1610 5.
1028 1566 1082 1609 et
1103 1559 1287 1625 Epigr.
1305 1564 1387 1611 32.
1406 1560 1502 1612 lib.
1523 1565 1574 1612 1.

531 1681 536 1686 .
581 1640 615 1686 2
636 1637 908 1699 Sedjum,
927 1637 1036 1703 qm]
1055 1637 1160 1687 Sed
1184 1645 1332 1689 tonso
1355 1639 1450 1689 tibi
1470 1637 1573 1690 ful-

515 1720 644 1780 gent
656 1714 883 1765 eburnea
895 1715 1047 1779 colla,
1061 1715 1195 1765 baud
1212 1715 1454 1768 cedentia
1470 1717 1574 1767 Pe·

514 1791 643 1856 lopi,
675 1792 759 1842 cui
792 1791 1057 1841 humerum
1077 1806 1108 1841 a
1131 1790 1323 1841 Cerere
1345 1791 1575 1843 excisum

514 1868 750 1918 restituit
792 1867 1004 1933 Jupiter
1043 1884 1108 1918 ex
1150 1867 1325 1918 ebore.
1378 1869 1579 1966 Hygin.

517 1949 644 1999 Fab.
666 1952 748 1997 83.
770 1951 871 1997 &c.

578 2027 612 2074 4
653 2024 719 2073 Ut
755 2028 907 2073 totum
939 2037 1108 2085 sponsa
1135 2023 1318 2073 videret
1334 2023 1468 2089 ebur]
1499 2023 1578 2075 Ut

517 2101 870 2165 Hippodamia
902 2107 955 2150 te
996 2107 1159 2151 totum
1191 2100 1398 2151 videret
1429 2101 1580 2151 ebur·

515 2193 688 2227 neum.

581 2256 744 2305 Erro.
767 2269 1050 2306 nxxvm.
1080 2255 1274 2306 Irridet
1296 2255 1468 2306 Cottae
1488 2269 1577 2306 ex·

517 2338 735 2382 tremam
759 2332 987 2397 inopiam
1009 2331 1371 2382 dissimulanti.

578 2412 612 2458 2
630 2409 968 2473 Negligentem
981 2410 1045 2458 ad
1058 2410 1198 2474 pedes
1217 2409 1432 2475 emam]
1455 2409 1576 2460 Ser·

517 2503 635 2537 vum
658 2503 689 2536 a
712 2488 948 2551 pedibus,
978 2489 1205 2538 Turneb.
1244 2489 1335 2539 lib.
1373 2492 1421 2538 3.
1457 2503 1579 2553 cap.

517 2568 598 2614 23.
663 2564 768 2617 Qui
791 2581 823 2614 a
845 2573 995 2630 tergo
1017 2573 1073 2614 et
1097 2567 1161 2614 ad
1198 2564 1360 2629 pedes
1383 2563 1579 2614 domini

514 2643 884 2709 discumbentis
907 2650 1012 2693 stat
1044 2643 1357 2706 ministrans,
1392 2641 1578 2691 soleas·

517 2733 616 2783 que
649 2734 775 2785 quas
813 2719 1049 2769 dominus
1083 2718 1419 2770 accubiturus
1454 2733 1578 2769 exu-

514 2801 649 2859 erat,
690 2804 880 2847 servat.
946 2797 1126 2861 Epigr.
1169 2801 1252 2849 23.
1295 2796 1387 2848 lib.
1429 2800 1477 2847 3.
1519 2802 1576 2847 et

519 2873 695 2937 Epigr.
713 2877 796 2923 49.
816 2873 907 2923 lib.
924 2877 974 2924 ⁸.
998 2887 1131 2923 vers.
1154 2878 1203 2924 8.

445 2943 449 2949 ’
582 2954 612 3000 3
651 2951 750 3007 Qui
767 2951 910 3013 solas,
927 2950 1035 3015 ξω]
1084 2951 1188 3004 Qui
1212 2951 1425 3016 pauperi
1448 2951 1576 3002 Cot·

517 3032 588 3077 ta
607 3027 787 3077 unicus
807 3033 891 3078 est
912 3042 1086 3076 servus
1102 3036 1159 3078 et
1182 3043 1276 3092 pro
1294 3036 1406 3078 toto
1421 3029 1578 3079 comi-

516 3110 629 3153 tatu
651 3110 766 3153 est:
798 3104 868 3152 cll
886 3105 1047 3154 isone.
1115 3105 1255 3154 Facit
1277 3104 1486 3167 turbam]
1509 3104 1575 3156 In

518 3186 632 3230 toto
654 3179 908 3233 comitatu
928 3196 1023 3231 suo
1045 3181 1171 3231 nihil
1200 3181 1360 3232 babet
1379 3188 1577 3246 preter

517 3257 724 3308 unicum
746 3272 967 3310 servum.

529 3382 536 3389 ,
581 3340 611 3383 6
647 3335 730 3385 Ne
752 3334 921 3395 facere
951 3341 1125 3400 ponet,
1153 3336 1262 3401 qm]
1293 3336 1409 3387 Imo
1440 3351 1577 3402 prm-

514 3413 653 3465 texit
683 3415 815 3465 hanc
848 3428 1080 3466 canuam
1114 3414 1432 3466 excalceatae
1467 3429 1577 3466 sun

515 3505 725 3555 moprae.

580 3568 1071 3619 Eme.1.xxxrx.l
1098 3567 1304 3632 Nasum]
1339 3567 1579 3619 Acumen

505 3645 637 3710 joci,
655 3645 985 3708 irrisionis,et
998 3646 1311 3697 dicacitatis,
1330 3646 1516 3710 Epigr.
1523 3650 1576 3697 4.

513 3722 606 3773 lib.
642 3727 691 3774 1.
729 3738 863 3773 vers.
896 3728 947 3774 6.
987 3729 1044 3773 et
1085 3723 1266 3788 Epigr.
1295 3726 1382 3773 42.
1418 3721 1507 3773 lib.
1532 3726 1579 3772 1.

517 3814 653 3850 vers.
676 3804 755 3850 18.
777 3807 834 3849 et
852 3797 942 3850 nb
968 3802 1047 3849 13.
1068 3799 1301 3863 Epigrd

592 3879 625 3925 2
658 3876 750 3925 Nil
781 3881 977 3940 prater,
1010 3875 1119 3940 ξω]
1169 3876 1274 3929 Qui
1304 3830 1582 3942 resupinet

517 3952 730 4003 aliorum
768 3966 961 4015 coenas,
997 3951 1122 4002 dum
1153 3951 1384 4005 famelici
1417 3960 1578 4018 atque

516 4030 760 4095 pauperis
779 4029 975 4081 domini
997 4045 1167 4097 nasus,
1186 4032 1371 4084 alienu
1386 4034 1577 4085 culinas

515 4106 696 4157 nidore
713 4107 958 4159 trabitur.

581 4183 748 4234 Eme.
766 4197 855 4235 xc.
877 4189 909 4235 2
924 4186 1036 4235 Nou
1050 4200 1189 4236 aures
1206 4185 1316 4250 tibi,
1329 4186 1433 4250 isa]
1455 4187 1575 4237 Non

516 4255 727 4307 adhibes
759 4256 931 4310 focale
963 4261 1034 4310 ad
1069 4263 1374 4314 muniendas
1408 4278 1576 4326 aures,

516 4333 607 4384 sed
651 4333 720 4384 ad
764 4335 1044 4401 tegendum
1081 4339 1364 4391 calvitium.
1438 4340 1577 4392 Vide

1221 418 1437 467 No'rAE
1486 415 1890 467 vamonuu
1941 416 2021 467 IN

1649 562 1834 628 Epigr.
1853 566 1939 614 41.
1960 562 1997 613 i.
2017 564 2067 613 4.
2095 565 2153 613 et
2174 559 2358 627 Epigr.
2379 557 2496 612 142.
2516 559 2610 613 lib.
2631 564 2703 614 14.

1715 640 1877 690 Erro.
1899 652 2009 690 xcr.
2072 636 2278 703 Lepide
2299 644 2357 688 et
2386 638 2582 689 acerbe
2604 642 2706 691 taa-

1651 716 1733 780 git
1751 716 2029 767 Maronem
2060 716 2374 767 testamenti·
2388 724 2708 781 captatorem

1649 793 1949 858 deceptum.

1717 876 1743 922 1
1778 871 1876 922 Sed
1905 871 2055 936 clar-c]
2108 871 2198 922 Ita
2228 877 2289 923 ut
2326 870 2508 922 audiat
2540 884 2716 936 senex,

1649 962 1801 1014 quem
1824 954 2012 1013 captat
2038 949 2212 1000 Maro.
2277 948 2367 999 Sic
2389 949 2609 998 Persius
2629 949 2714 999 Sa·

1651 1031 1769 1090 tyra
1805 1029 1855 1076 2.
1891 1040 2024 1077 vers.
2067 1029 2117 1075 8.
2151 1025 2373 1076 ‘Votum
2405 1025 2558 1075 Maro
2594 1023 2718 1074 fecit

1650 1099 1852 1152 amico!
1930 1102 2017 1152 De
2055 1115 2199 1152 more
2242 1101 2390 1165 huius
2428 1101 2558 1166 voti,
2600 1100 2717 1152 vide

1647 1176 1759 1227 Sat.
1798 1181 1878 1227 12.
1900 1177 2025 1228 Juv.
2050 1192 2189 1227 vers.
2207 1181 2291 1228 98.
2355 1177 2474 1228 Hac
2496 1191 2720 1227 consue-

1651 1253 1832 1304 tudine
1862 1254 1941 1305 nsi
1970 1254 2308 1319 peculiariter
2328 1253 2509 1315 Galli3
2545 1261 2608 1305 ut
2629 1254 2719 1305 ob-

1649 1336 1828 1379 servat
1860 1330 2041 1379 Caesar
2092 1330 2129 1381 1.
2179 1328 2247 1380 de
2289 1330 2426 1380 Beli.
2464 1329 2718 1381 Gallum

1656 1405 1799 1458 Quin
1840 1411 1898 1457 et
1952 1411 2105 1457 erant
2146 1406 2234 1471 qui
2279 1421 2336 1456 se
2372 1406 2514 1471 ipsos
2562 1405 2717 1457 morti

1648 1480 1920 1548 offerrent,
1956 1491 2052 1536 aut
2084 1485 2222 1534 inter
2249 1499 2307 1535 se
2338 1485 2721 1549 depugnarent,

1647 1561 1769 1626 quia
1790 1568 2013 1613 mortem
2045 1570 2214 1613 morte
2240 1561 2431 1613 redimi
2450 1563 2716 1614 existima-

1648 1637 1794 1689 bant.
1874 1638 2121 1690 Ceterum
2143 1654 2200 1689 se
2219 1639 2359 1704 ipsos
2380 1640 2540 1689 etiam
2563 1653 2716 1692 vove-

1649 1713 1797 1777 bant,
1827 1713 2105 1780 aliquando
2121 1713 2278 1766 iidem
2298 1715 2418 1780 ipsi,
2441 1716 2532 1780 qui
2556 1727 2718 1778 aegro-

1649 1790 1851 1852 tabant,
1865 1791 2068 1842 sodales
2089 1791 2402 1857 AEsculapio.
2444 1793 2584 1843 Tum
2605 1794 2718 1845 haec

1648 1873 1773 1918 vota
1815 1868 2153 1932 signabantur
2180 1870 2234 1919 in
2282 1870 2444 1935 signis
2480 1872 2717 1922 Deorum

1649 1943 1927 2008 aliquando
1961 1945 2016 1995 in
2062 1947 2375 2010 porticibus,
2415 1955 2511 1999 aut
2555 1951 2717 2013 portis

1649 2021 1985 2086 templorum:
2003 2022 2157 2073 Unde
2171 2023 2187 2051 ‘
2197 2023 2415 2089 signare
2432 2026 2650 2089 votum,'
2662 2033 2719 2077 et

1648 2098 1664 2125 ‘
1677 2097 1912 2148 incerare
1931 2112 2102 2162 genua
2112 2100 2378 2164 Deorum,'
2388 2116 2503 2167 quae
2515 2102 2718 2168 pridem

1647 2174 1845 2238 Magno
1869 2176 2113 2227 Turnebo
2136 2178 2405 2241 explicata
2434 2178 2490 2228 in
2513 2179 2715 2230 Adver-

1650 2251 1819 2302 sariis.
1854 2251 2112 2302 Heu-aldus.

1713 2333 1747 2380 2
1780 2328 2141 2393 Hemicritoeu]
2170 2329 2561 2384 Semitertiana.

1715 2410 1746 2455 3
1780 2405 1842 2456 Si
1859 2405 2198 2472 Stygiam-a]
2229 2407 2285 2457 Si
2308 2409 2715 2461 convalesceret.

1719 2489 1753 2533 6
1786 2484 1865 2532 Ne
1885 2489 2045 2534 uotum
2068 2486 2235 2550 soluat,
2252 2486 2360 2550 ξω]
2410 2487 2571 2538 Prius
2594 2490 2610 2517 ‘
2631 2503 2712 2538 vo·

1650 2559 1779 2611 tum’
1797 2558 2002 2611 fecerat
2017 2578 2033 2623 3
2052 2575 2147 2626 pro
2164 2577 2269 2627 quo
2286 2563 2452 2612 haeres
2467 2565 2715 2629 scriptus,

1650 2651 1717 2686 ne
1738 2637 2134 2689 convalescente
2163 2639 2322 2689 Cotta
2353 2639 2714 2692 hereditatem

1651 2730 1770 2766 curu
1823 2716 2037 2767 victima
2089 2717 2374 2780 amitteret,
2422 2718 2537 2782 jam
2593 2719 2717 2770 facit

1651 2794 1669 2822 ‘
1687 2793 1825 2844 vota’
1847 2795 2135 2859 multasque
2154 2794 2378 2859 spondet
2401 2795 2657 2848 victimas.

1714 2871 1879 2921 Erro.
1920 2885 2083 2922 xcm.
2148 2872 2325 2937 Fingit
2348 2886 2407 2921 se
2431 2872 2715 2937 interroga·

1650 2953 1762 2999 tum
1782 2963 1816 2997 a
1835 2948 2043 3013 Prisco,
2063 2949 2229 3014 qualis
2250 2947 2457 3000 futurus
2477 2948 2659 3015 fuerit,
2673 2949 2715 3000 si

1649 3024 1740 3074 Dii
1774 3022 2094 3075 fortunatum
2118 3033 2175 3075 et
2198 3025 2412 3076 beatum
2448 3025 2718 3078 fecissent.

1650 3100 1951 3166 Respondet
1971 3102 2025 3152 id
2046 3102 2254 3168 quidem
2278 3110 2426 3154 certo
2460 3106 2714 3155 neminem

1649 3178 1927 3245 providere
1946 3195 1962 3230 ε
1997 3180 2041 3231 si
2080 3187 2258 3231 tamen
2297 3180 2432 3232 lieet
2467 3196 2537 3232 ex
2573 3182 2716 3232 vobis

1650 3255 1899 3307 divitibus
1920 3256 2239 3321 conjectare,
2274 3258 2358 3309 ieo
2387 3273 2577 3321 essem,
2598 3260 2716 3325 quia

1648 3348 1741 3385 vos
1762 3335 1893 3385 tales
1911 3335 2038 3385 estis
2056 3351 2072 3396 ς
2107 3342 2291 3386 tenues
2307 3335 2449 3386 enim
2465 3337 2715 3402 opprimi-

1652 3410 1719 3461 tis
1743 3417 1800 3461 et
1820 3410 2111 3462 devoratis:
2147 3421 2329 3478 argute
2349 3419 2408 3464 et
2427 3415 2584 3463 salse.
2619 3414 2717 3463 Re·

1649 3491 1808 3540 dev-as.
1873 3490 2048 3539 Multa
2084 3489 2229 3552 vitia,
2269 3503 2388 3555 qum
2421 3490 2638 3541 cofircet
2657 3498 2715 3540 et

1650 3565 1935 3632 supprimit
1965 3567 2137 3617 tenuis
2169 3565 2400 3628 fortuna,
2432 3569 2625 3632 ampla,
2658 3572 2715 3616 ct

1649 3643 1881 3695 sublimis
1916 3640 2298 3695 manifestabit:
2349 3645 2366 3671 ‘
2381 3645 2713 3709 magistratus

1650 3720 1904 3772 indicabit
1928 3720 2131 3773 virum?

1718 3800 1882 3850 Eme.
1923 3813 2076 3851 xcxv.
2145 3803 2172 3849 1
2211 3799 2320 3856 Qua
2344 3801 2590 3858 melium,
2604 3798 2711 3863 qm]

1652 3874 1849 3926 Eadem
1871 3876 2063 3925 techna
2082 3876 2246 3941 osculi
2269 3876 2408 3940 apud
2430 3874 2712 3939 Aristasne·

1651 3959 1778 4004 tum·
1800 3952 1973 4017 Epist.
1994 3957 2046 4003 3.
2067 3952 2200 4002 libro
2222 3957 2271 4002 1.

1714 4033 1747 4078 7
1784 4029 1991 4094 Quanto,
2004 4028 2113 4093 ξω]
2135 4027 2238 4081 Qui
2256 4029 2352 4077 hoc
2365 4042 2470 4078 non
2487 4025 2710 4078 animad-

1649 4107 1841 4170 vertit;
1874 4107 1977 4170 vel,
2014 4107 2059 4156 si
2084 4105 2490 4168 animadvertat,
2514 4104 2602 4171 qui
2624 4118 2711 4168 pa·

1651 4183 1799 4234 titur.

1664 4296 1677 4305 ,
1714 4261 1876 4310 Eme.
1924 4274 2052 4311 xcv.
2104 4259 2167 4309 Iu
2203 4259 2444 4309 aemulum
2471 4260 2709 4318 Tuccam,

1648 4337 1820 4391 omnia
1839 4337 2028 4390 Poetae
2044 4335 2219 4393 studia
2233 4335 2545 4400 imitantem,
2560 4347 2702 4401 quem
