2985 4937
742 400 822 447 M.
868 400 1043 447 vn..
1092 395 1513 448 MAR'rlAms
1568 395 1828 445 EPIGR·‘
1863 395 2005 469 [AB.
2056 397 2103 445 1.

397 546 458 593 10
485 543 666 607 Avere]
711 543 831 592 Vox
862 542 1085 592 solennis
1121 541 1393 591 matutinas

334 617 668 668 salutationis.

394 695 658 745 Emmcx.
673 697 811 745 lIssu
819 696 914 759 est]
930 696 1128 746 Laudat
1139 695 1394 745 Catellam

332 769 524 833 Publii,
583 778 792 836 tamque
839 773 1118 822 artificiose
1161 772 1395 835 depingit

332 845 494 897 Musae
508 849 845 911 penici1103ut
860 849 989 899 hanc
1004 847 1264 911 catellam,
1274 838 1397 898 v'era

330 923 525 989 Publii,
552 928 804 991 pictaque
852 928 1105 976 veriorem
1140 926 1396 990 pulchrio-

329 1015 545 1068 remque
555 1003 822 1067 judieem3
849 1012 904 1053 et
923 1018 1039 1052 cum
1063 1004 1255 1053 Catulli
1278 1016 1397 1066 pus⁶

326 1092 456 1142 sere,
480 1088 539 1130 et
553 1080 731 1129 Stellae
752 1082 1011 1143 columba,
1032 1082 1126 1130 hoc
1140 1082 1396 1144 epigram·

326 1170 427 1218 ma,
464 1173 575 1223 qua
608 1159 829 1222 argutia,
851 1174 954 1224 qua
966 1159 1225 1207 suavitate
1243 1164 1300 1207 et
1317 1172 1399 1206 ve-

326 1243 478 1284 nusta
486 1240 541 1284 te
557 1237 804 1286 contendi
819 1237 1150 1299 potest.Rud.
1191 1236 1398 1285 Nomen

325 1313 540 1362 catellae
561 1313 756 1363 Publii.
830 1315 1031 1363 Passer-e
1054 1312 1257 1376 Catulli]
1278 1313 1400 1362 Les-

326 1390 427 1441 biae
473 1406 617 1455 pass.
656 1393 808 1456 cujus
850 1393 1140 1457 nequitiam
1179 1401 1233 1442 et
1269 1405 1399 1441 rnor-

325 1474 427 1516 tem
463 1467 631 1518 canit
639 1468 893 1519 Catullus.
944 1468 1203 1534 Nequior]
1225 1468 1399 1518 Lasci-

324 1542 451 1594 vior.
1191 1583 1195 1587 .

383 1625 418 1675 2
451 1620 649 1670 Pur-ior
678 1622 855 1687 osculo]
891 1622 1205 1673 Ramiresius
1238 1620 1400 1677 artifi-

321 1695 461 1746 cium
493 1696 715 1747 Poetae
701 1713 753 1746 ιιι
775 1699 874 1749 hoc
893 1698 1118 1762 subolet,
1152 1698 1290 1763 quod
1313 1712 1400 1747 vo·

322 1772 526 1823 luerit
512 1773 800 1838 insinuare,
820 1776 997 1838 purius
1018 1789 1135 1829 esse
1155 1776 1253 1839 hoc
1275 1777 1402 1839 Epi-

323 1864 585 1913 gramma,
607 1852 783 1901 Stellae
808 1852 1088 1917 poematio,
1120 1869 1237 1919 quae
1261 1853 1402 1919 puel«

324 1926 425 1976 lam
443 1926 793 1991 depingebat.

389 2007 421 2053 7
480 2003 667 2067 Sentit,
702 2005 804 2069 ξω]
835 2005 1007 2056 Sentit
1050 2008 1141 2056 hos
1181 1964 1403 2057 affectus

327 2079 382 2130 in
403 2081 663 2144 Domino,
684 2090 844 2146 atque
877 2083 953 2132 illi
978 2084 1118 2134 tristi
1141 2083 1404 2148 condolet,

324 2158 486 2208 hilari
501 2158 698 2209 lasciva
719 2161 1131 2223 congratulatur.

389 2238 422 2283 8
470 2235 605 2283 Collo
624 2236 764 2298 nixa,
783 2236 901 2301 ξω]
917 2237 1066 2287 Collo
1090 2237 1300 2288 Domini
1313 2253 1403 2289 seu

326 2310 534 2373 gremio
554 2310 733 2360 innixa
755 2312 981 2362 dormit.
1032 2328 1061 2365 a

392 2392 427 2436 9
467 2386 704 2452 Saevitia,
723 2388 832 2454 Sym]
856 2390 1266 2455 Respirationes,
1286 2407 1405 2457 quae

332 2465 375 2515 si
409 2468 699 2519 crassiores
736 2470 861 2521 sint,
884 2479 938 2522 et
972 2472 1405 2537 vehementiores,

333 2544 518 2594 roncini
539 2547 886 2609 appellantur.
1006 2589 1011 2594 .

399 2627 465 2672 10
508 2624 724 2687 Ventris]
746 2625 1024 2690 Ejiciendi.

402 2704 463 2749 11
494 2700 680 2764 Gutta]
705 2702 958 2751 Praestitit
977 2702 1279 2752 munditiem
1304 2704 1410 2754 lec·

339 2782 415 2838 to,
449 2790 624 2840 neque
663 2778 776 2841 eJus
813 2779 1190 2829 contaminavit
1211 2787 1410 2842 stragu-

338 2852 407 2904 la.
476 2852 663 2916 Pallia]
694 2854 919 2905 Pallium
948 2856 1208 2917 hocloco,
1234 2857 1332 2906 tori
1356 2863 1412 2908 et

337 2930 468 2991 lecti
524 2931 906 2995 operimentum
950 2949 1064 2983 esse
1120 2936 1410 2984 contendit.

262 3011 271 3020 ·
341 3007 584 3058 Ruderus.
632 3007 738 3062 Sed
782 3009 1035 3060 Brodaeus
1079 3009 1231 3071 dicit,
1272 3011 1411 3075 quod

344 3083 567 3134 Romani
592 3087 705 3135 baec
725 3087 781 3137 in
802 3089 944 3137 lecto
960 3088 1261 3137 induebant.

411 3164 473 3210 13
507 3160 708 3225 Levm]
740 3161 864 3212 Alvi
896 3178 989 3213 seu
1029 3165 1212 3215 vesicae
1254 3178 1413 3214 onere

343 3237 525 3288 levari.

415 3317 479 3366 16
518 3314 685 3363 Virum
702 3315 882 3380 puella]
916 3315 1263 3366 catachresis.

418 3396 475 3441 1⁷
499 3391 646 3442 Hanc
664 3408 725 3442 ne
746 3394 852 3455 lucr,
870 3394 952 3456 δῖε.
957 3393 980 3457 ]
1000 3394 1074 3444 Ut
1096 3401 1314 3444 mortum
1331 3409 1414 3446 su·

348 3470 516 3534 persit
557 3472 824 3559 memoria,
862 3473 1068 3524 curavit
1103 3473 1323 3524 Publius
1357 3475 1416 3523 il·

348 3545 452 3595 lam
476 3546 637 3610 pingi.

421 3622 581 3672 Eme.
604 3636 718 3674 cxx.
752 3628 778 3673 1
804 3623 1039 3689 Scribere,
1052 3624 1157 3689 ξε]
1185 3627 1232 3675 E
1254 3627 1415 3676 virtu·

353 3696 491 3748 tibus
522 3699 951 3763 epigrammatum
984 3702 1152 3752 altera
1182 3709 1262 3752 est
1301 3703 1418 3752 bre-

354 3774 505 3832 vitas.
571 3775 727 3834 Hanc
747 3777 1070 3832 iri-Martiale
1097 3794 1213 3829 cum
1246 3785 1419 3830 esseut

355 3852 776 3917 quicarperent,
804 3855 1088 3919 respondet
1126 3857 1300 3905 nescio
1332 3855 1419 3905 cui

357 3929 535 3986 Veloci
569 3931 777 3992 Paetus,
816 3932 999 3982 brevia
1035 3948 1130 3982 sua
1163 3933 1418 3997 epigram·

359 4012 496 4058 meta
517 4022 632 4059 esse
656 4009 864 4073 potiora
883 4009 1022 4059 illius
1043 4010 1214 4058 nullis.

427 4086 456 4131 2
487 4084 750 4147 Bresioi-u]
804 4087 935 4138 Qum
991 4086 1151 4136 enim
1181 4086 1422 4137 breviora

362 4158 513 4208 scribi
530 4169 774 4224 possunt,
798 4177 950 4226 quam
973 4163 1148 4212 nulla?

430 4234 586 4287 Erro.
610 4250 750 4289 cxu.
785 4242 811 4287 1
841 4240 962 4296 Cum
984 4238 1220 4303 tiliam]
1241 4205 1425 4291 Mitte·

2361 382 2534 459 1133

1468 537 1563 588 bat
1592 537 1855 589 Martialis
1892 510 2315 602 Epigrammaton
2351 540 2536 591 librum

1364 640 1369 647 ι
1471 615 1540 664 ad
1563 616 1817 679 Regulum
1856 624 1920 665 et
1945 616 2287 665 simul-thuris
2309 616 2448 667 forte
2476 619 2536 667 li·
2589 638 2592 645 ·

1470 690 1680 741 bellam.
1715 697 1895 755 posset
1917 692 2031 757 quis
2068 692 2204 742 dona
2230 694 2406 743 mirari
2431 702 2537 744 tam

1468 770 1701 833 humilia,
1734 778 1840 825 tam
1874 772 2126 835 opulento
2167 772 2296 822 viro.
2362 774 2535 823 Excu-

1470 853 1554 896 sat
1598 846 1858 897 Martialis
1898 862 2166 898 munerum
2209 848 2542 913 tenuitatem,

1470 922 1754 972 eorundem
1789 922 2193 988 significatione:
2231 924 2378 974 liber>
2395 940 2539 975 nam·

1472 1014 1575 1064 que
1619 999 1890 1063 sapientiae
1918 1001 2152 1052 studioso
2187 1001 2325 1050 mitti
2361 1000 2544 1065 debet,

1472 1077 1593 1129 thus
1617 1093 1739 1128 vere
1759 1080 1848 1143 pio
1871 1086 1928 1130 et
1961 1080 2103 1129 Deos
2125 1080 2333 1141 colenti,
2355 1079 2540 1144 quibus

1470 1169 1612 1218 saepe
1633 1156 1787 1211 thure
1809 1155 2105 1207 faciendum
2128 1163 2225 1207 est.
2261 1156 2392 1206 Cum
2414 1170 2539 1219 ergo

1472 1232 1708 1293 Regulus
1748 1232 2021 1296 sapientiae
2057 1233 2195 1282 fama
2231 1241 2290 1283 et
2327 1233 2543 1297 pietatis

1472 1310 1717 1372 opinione
1739 1311 1909 1359 clarus
1931 1318 2088 1373 esset,
2109 1311 2421 1362 conveniens
2442 1310 2546 1362 fuit

1472 1388 1587 1437 haec
1628 1403 1844 1438 munera
1884 1403 1948 1439 ea
1990 1390 2146 1440 mitti.
2197 1391 2387 1440 Runtir.
2457 1392 2543 1441 Ne

1473 1477 1601 1527 ergo
1622 1478 1838 1514 munera
1858 1466 2036 1516 mittas
2056 1480 2464 1530 supervacanea,
2487 1473 2547 1517 ut

1475 1539 1701 1590 foeminae
1757 1555 1940 1604 arma,
1980 1543 2179 1592 rustico
2219 1543 2397 1604 libros,
2440 1547 2544 1594 &c-
2621 1610 2624 1615 λ

1475 1621 1737 1685 praecepit
1768 1621 1985 1673 Seneca.
2035 1622 2139 1671 Hic
2163 1622 2331 1672 Poeta
2351 1622 2546 1688 (missis

1476 1698 1546 1747 ad
1600 1697 1784 1761 Regul.
1838 1698 2252 1762 epigrammaton
2307 1697 2442 1749 libro
2491 1705 2549 1748 et·

1477 1773 1643 1825 thuris
1659 1773 1796 1825 forte
1813 1772 1973 1839 libra)
1992 1774 2550 1840 muneribus-pompam

1476 1850 1627 1900 addit
1677 1851 2042 1901 convenientia
2104 1866 2376 1901 munerum
2431 1865 2551 1901 cum

1476 1927 1612 1991 ejus,
1634 1928 1718 1977 cui
1738 1928 1927 1979 dautur
1943 1928 2238 1978 eruditione
2254 1935 2310 1978 et
2328 1928 2549 1994 pietate.

1478 2004 1575 2054 sed
1605 2004 1671 2053 de
1709 2005 1807 2055 hoc
1838 2006 2039 2070 Regulo
2078 2005 2196 2056 vide
2231 2006 2373 2055 Plin.
2394 2007 2551 2070 epist.

1478 2084 1663 2133 ultima
1687 2083 1723 2134 1.
1742 2088 1792 2136 2.
1809 2086 1919 2135 etl.
1939 2088 1990 2134 6.
2021 2085 2175 2149 epist.
2195 2089 2246 2134 2.
2297 2084 2551 2143 Persam

1478 2164 1530 2211 et
1549 2174 1664 2210 curu
1681 2161 1917 2224 Deorum]
1940 2163 2113 2211 Velim
2133 2151 2287 2224 scire,
2309 2161 2398 2210 ubi
2413 2162 2551 2212 Scri·

1481 2237 1677 2299 verius,
1693 2252 1783 2300 par
1802 2253 1917 2287 euro
1939 2244 1987 2288 et
2007 2238 2151 2299 fama
2184 2239 2409 2289 laborm.
2444 2239 2550 2289 Ne·

1481 2326 1584 2377 que
1609 2314 1747 2365 enim
1769 2316 1824 2364 in
1841 2314 2022 2364 ordine
2048 2317 2304 2365 Notarnm
2329 2315 2393 2364 ad
2418 2314 2554 2364 hunc

1481 2390 1649 2440 locum
1674 2391 1871 2442 inveni.
1937 2392 2040 2442 Sed
2064 2392 2109 2441 si
2133 2398 2373 2442 auctores
2395 2391 2557 2441 habet

1483 2468 1709 2531 scriptos
1729 2471 1937 2519 codices
1959 2484 2024 2519 ea
2044 2470 2224 2532 lectio,
2241 2468 2377 2519 haud
2392 2467 2554 2518 dubie

1484 2546 1757 2610 probanda
1778 2555 1877 2598 est.
1946 2548 2085 2597 Nam
2117 2547 2354 2618 Regulus
2374 2546 2476 2595 iste
2496 2555 2553 2597 et

1483 2623 1744 2674 scribebat
1767 2626 1931 2674 multa
1951 2634 2007 2674 et
2026 2623 2288 2673 faventem
2311 2623 2555 2686 eloquen-

1487 2701 1574 2752 tiae
1599 2716 1707 2752 suae
1726 2700 1914 2751 famam
1931 2701 2174 2751 habebat.
2207 2727 2210 2732 Δ
2237 2699 2449 2750 Justum
2472 2705 2560 2767 eut¹

1487 2787 1660 2828 autem
1704 2788 1761 2829 ut
1804 2778 1985 2828 ‘cura'
2031 2776 2318 2843 praecedat,
2345 2775 2361 2802 ‘
2386 2774 2555 2824 fama’

1487 2864 1752 2921 sequatur.
1793 2885 1796 2891 -
1839 2858 1854 2885 ‘
1886 2857 2089 2920 Sophiae
2153 2852 2389 2905 labores’
2436 2859 2559 2902 sunt

1487 2940 1826 2982 monumenta
1847 2933 2059 2997 ingenii.
2095 2933 2247 2982 Gron.
2547 2969 2552 2972 ,

1553 3014 1584 3058 2
1621 3009 1726 3058 Nec
1761 3010 1914 3058 minor
1955 3011 2061 3074 ipsa
2094 3008 2199 3072 tao]
2233 3009 2491 3058 Gruterus
2526 3021 2557 3057 e

1395 3115 1403 3134 ι
1491 3085 1694 3136 duobus
1724 3087 1936 3150 scriptis
1960 3094 2129 3148 notat,
2150 3101 2251 3148 sno,
2285 3095 2340 3135 et
2374 3084 2561 3134 merito

1490 3163 1692 3227 probat.
1756 3163 1861 3213 Sed
1886 3162 2254 3227 explicandum
2291 3168 2389 3211 est.
2455 3147 2561 3211 ‘Re-

1489 3239 1662 3290 fertur
1684 3240 1749 3290 ad
1777 3241 2045 3305 pietatem,
2067 3255 2166 3289 non
2185 3239 2255 3298 ad
2283 3238 2560 3301 Regulum.

1497 3316 1743 3380 ‘Ingenio
1777 3315 1901 3381 suo,'
1938 3315 2077 3381 quod
2112 3317 2225 3379 ipsa
2262 3313 2562 3377 occupavit,

1492 3393 1817 3458 obtinetque.
1883 3394 1972 3443 Sic
2009 3393 2063 3442 in
2100 3392 2239 3441 libro
2273 3392 2560 3455 Spectacu-

1494 3469 1693 3519 lorumz
1728 3472 1743 3498 ‘
1767 3472 1918 3519 Nunc
1953 3484 2047 3519 sua
2084 3469 2352 3518 Caesareos
2374 3473 2563 3516 exorat

1491 3545 1677 3610 praeda
1713 3545 1928 3595 leones!
1992 3546 2062 3594 Et
2094 3545 2191 3594 hoc
2228 3544 2360 3592 libro
2382 3543 2563 3605 Epigr.
2641 3569 2644 3572 -

1491 3627 1576 3674 79.
1608 3622 1809 3687 ‘Inque
1843 3636 1960 3671 suos
1982 3622 2154 3671 vultus
2182 3625 2421 3682 serperet
2450 3626 2566 3674 atra

1492 3702 1604 3750 lues
1625 3699 1662 3749 ι’

1494 3790 1681 3840 corpus
1703 3777 1980 3824 invaserat.
2049 3774 2264 3822 Frustra
2286 3771 2405 3820 ille:
2440 3771 2564 3820 ‘In-

1494 3868 1597 3919 que
1630 3853 1784 3916 ipsos.
1792 3852 1804 3873 '
1870 3853 1953 3902 Sic
1978 3850 2115 3914 apud
2141 3849 2420 3899 Ovidium.
2406 3864 2419 3877 ·
2460 3850 2567 3899 ‘Et

1496 3930 1691 3985 crimen
1733 3944 1831 3978 vox
1870 3937 1950 3978 est
1989 3926 2216 3977 inficiata
2248 3928 2431 3975 suum)
2497 3927 2567 3976 Et

1497 4006 1757 4058 Statium:
1810 4009 2074 4084 ‘mentem
2120 4018 2213 4054 sua
2266 4017 2366 4052 non
2422 4004 2568 4067 capit

1500 4083 1667 4133 aetasl
1704 4084 1855 4133 Idem.
1923 4083 1946 4088 ”
2161 4109 2168 4116 ·

1567 4163 1726 4214 Eme.
1750 4174 1913 4210 cxur.
1949 4166 1978 4211 1
2000 4163 2118 4209 Cum
2139 4166 2187 4210 te
2208 4175 2317 4222 non,
2335 4158 2444 4223 ἐμ]
2460 4121 2566 4208 Ur-

1502 4236 1637 4289 bana
1687 4236 1954 4300 cujusdam
2008 4237 2177 4287 Prisci
2234 4235 2567 4301 reprehensio

1718 3700 1773 3749 id
1814 3705 1914 3759 est,
1958 3698 2073 3762 ejus
2123 3697 2360 3757 hominis,
2417 3696 2565 3758 cujus
2645 3713 2652 3720 ·
