2985 4937
417 373 599 438 1120
636 391 652 399 ‘

419 542 478 585 et
511 534 760 599 Virgilius
792 533 943 596 dixit,
964 531 1132 582 ‘Vina
1147 546 1335 582 novum
1370 529 1491 581 fun·

418 594 539 660 ‹larn'
555 611 775 661 calathis
798 609 1007 659 Arvisia
1029 609 1250 659 nectar!
1293 611 1490 659 Verum

417 685 643 751 praefero
678 685 737 735 τὸ
778 687 965 751 cyathis
1001 693 1178 737 nostro
1228 686 1494 751 usitatius,

416 762 550 815 locis
568 762 720 813 modo
737 763 930 813 citatis.

481 842 514 889 4
552 839 620 887 Et
657 839 789 902 qaia,
825 837 936 902 ξω]
988 839 1060 888 Ει
1092 838 1335 903 quonlam
1367 837 1497 887 nihil

420 916 599 965 valent
631 916 832 966 numeri
862 924 919 966 et
947 916 1208 966 invocatio
1238 922 1298 966 ut
1323 915 1497 966 adsint

418 995 623 1057 amicae,
651 1000 711 1043 ιιι
745 994 939 1044 Somne
959 993 1098 1045 veni.
1161 994 1356 1043 Verum
1375 992 1496 1043 ideo

418 1072 664 1135 poculum
702 1069 849 1120 istud
888 1079 946 1120 et
986 1070 1236 1120 Somnum
1284 1069 1506 1119 videtur

420 1155 697 1214 exoptare,
712 1148 835 1214 quia
851 1163 956 1198 nox
971 1147 1128 1210 longa
1151 1147 1337 1213 quibus
1354 1162 1497 1197 men·

419 1227 551 1276 titur
572 1226 741 1276 amica
761 1232 850 1276 aut
873 1231 1135 1289 speratur.
1199 1226 1270 1274 Et
1303 1225 1387 1274 vel
1406 1239 1498 1275 eos

421 1301 632 1352 deridet
656 1300 743 1365 qni
776 1301 1030 1365 potando,
1055 1300 1355 1358 scortando,
1379 1299 1500 1350 dor·

418 1377 629 1428 miendo
650 1377 869 1427 inertem
888 1377 1168 1426 traducunt
1184 1376 1344 1426 vitam
1365 1392 1382 1438 3
1416 1377 1502 1426 vel

423 1456 610 1506 alludit
652 1456 718 1506 ad
757 1457 1023 1520 poculum,
1056 1454 1195 1520 quod
1242 1454 1502 1505 Mercurii

414 1530 632 1583 'nomine
650 1537 963 1596 conceptum
985 1532 1288 1582 sumebatur
1308 1531 1361 1580 in
1376 1545 1500 1581 con-

403 1609 574 1660 «viriis
598 1608 839 1660 ultimum
870 1608 937 1659 ad
961 1607 1343 1659 conciliandum
1362 1622 1497 1657 som-

423 1698 569 1746 num,
606 1698 725 1734 cum
763 1684 866 1734 tria
888 1691 1065 1734 essent
1103 1683 1243 1748 apud
1281 1684 1498 1735 Grecos

436 1780 586 1815 sacra
606 1765 789 1829 pocula
808 1781 825 1827 ;
846 1769 894 1814 1.
913 1764 1063 1816 Jovis
1085 1765 1381 1815 servatoris
1400 1780 1417 1826 ς
1447 1769 1501 1815 2.

423 1843 562 1893 Boni
583 1842 854 1893 Daemonis
874 1858 891 1905 ς
913 1846 962 1894 3.
979 1842 1252 1908 Mercurii,
1264 1843 1354 1908 qui
1369 1857 1502 1893 som·

423 1919 479 1968 ni
504 1928 716 1981 praeses.

490 1995 657 2046 Eme.
691 2007 893 2045 Lxxm.
923 1988 976 2045 '1
1018 1995 1216 2045 Nostris
1264 1993 1503 2058 versibus]

425 2071 764 2122 Fidentinum
819 2072 1147 2136 plagiarium,
1194 2087 1346 2137 quem
1386 2073 1502 2136 jam

425 2150 617 2212 saepius
659 2148 916 2211 traduxit,
955 2149 1139 2213 pungit
1171 2149 1363 2198 iterum
1403 2148 1504 2200 hoc

426 2225 841 2289 Epigrammate,
867 2240 930 2275 ac
951 2226 1132 2290 paucis
1164 2225 1339 2276 verbis
1360 2235 1505 2288 φενα-

426 2303 598 2362 nter->w
612 2319 730 2354 eum
754 2319 867 2353 esse
890 2302 1179 2365 concludit,
1210 2303 1298 2369 qni
1318 2304 1505 2354 alienis

428 2380 663 2432 versibus
710 2379 933 2431 Poetam
990 2395 1048 2430 se
1097 2379 1286 2430 ‘facere
1339 2380 1507 2443 velit3

430 2457 691 2522 quomodo
726 2458 906 2509 calvus
951 2451 1186 2508 assumta
1228 2454 1407 2524 φενάκῃ
1450 2463 1510 2508 et

427 2536 601 2587 aliena
619 2551 768 2586 coma
785 2533 916 2586 facit
926 2550 982 2586 se
1000 2542 1281 2586 comatum.
1304 2535 1507 2586 Hei-ald.

493 2616 524 2661 3
552 2612 644 2663 Sic
673 2616 888 2675 dentata,
916 2613 1024 2677 ξω]
1058 2612 1296 2662 Emendo
1327 2618 1386 2662 et
1416 2611 1508 2662 ad-

430 2689 704 2740 sciscendo
723 2690 893 2739 aliena
916 2703 1013 2754 pro
1038 2689 1163 2739 suis.

494 2773 527 2817 4
569 2767 791 2831 Ossibus]
846 2767 1117 2818 Dentibus
1144 2757 1232 2815 *ex
1271 2780 1391 2817 osse
1425 2766 1511 2816 vel

430 2845 592 2895 ebore
628 2844 868 2896 factitiis.
936 2844 1216 2908 Indicoque,
1251 2845 1361 2910 sm]
1392 2844 1542 2894 Ele·.

431 2922 640 2987 phantis
663 2922 852 2972 belluae
876 2921 1083 2971 Iudicae
1116 2935 1297 2981 cornu,
1330 2926 1391 2970 nt
1423 2936 1512 2971 vo.

432 2999 549 3050 lunt
600 3000 792 3060 Varro,
849 2999 1156 3059 Pausanias,
1211 2998 1512 3063 Oppianus,

431 3078 535 3126 διο.
555 3075 639 3124 vel
661 3073 821 3124 deute
833 3074 990 3138 juxta
1018 3072 1244 3125 Aristot.
1270 3074 1517 3138 Plinium,

433 3161 833 3213 Philostratum.
891 3178 1054 3227 supra
1101 3164 1268 3229 epigr.
1315 3169 1366 3215 9.
1423 3165 1513 3233 lib.

338 3295 347 3299 -
439 3239 630 3304 Spect.
652 3254 790 3289 vers.
807 3245 857 3292 2.

503 3322 534 3365 ⁵
572 3316 786 3366 Cadente
807 3315 960 3380 moro]
982 3317 1218 3379 Maturo,
1239 3318 1327 3383 qui
1346 3320 1515 3386 niger.

501 3398 535 3443 6
569 3394 844 3454 Cerussata,
900 3393 1009 3459 ξω]
1044 3394 1280 3444 Candida
1322 3404 1380 3448 et
1421 3398 1519 3449 lita

435 3484 671 3530 cerussa,
687 3469 899 3534 ψιμυθίῳ.

498 3550 531 3596 7
567 3547 681 3597 Hac
711 3554 762 3598 et
799 3554 872 3611 tu,
912 3548 1018 3613 &ct-J
1063 3547 1292 3612 Φενᾶκην,
1333 3550 1384 3599 id
1417 3556 1521 3615 est,

437 3637 638 3674 comam
666 3623 960 3675 addititiam
986 3627 1252 3677 sumendo.
1320 3626 1518 3677 Notum

437 3698 609 3763 Adag.
640 3700 656 3727 ‘
675 3699 870 3751 Calvus
903 3702 1168 3766 comatus:
1203 3702 1268 3752 ad
1288 3716 1380 3754 *eos
1403 3704 1519 3754 irti-

435 3777 655 3839 dendos,
686 3778 792 3842 qui,
822 3794 940 3843 quae
976 3794 1044 3829 ex
1083 3795 1139 3830 se
1172 3794 1272 3829 non
1304 3780 1520 3845 liabent,

438 3852 564 3903 fuco
587 3862 644 3904 et
666 3855 971 3921 imposturis
1002 3858 1195 3907 habere
1230 3858 1396 3908 videri
1430 3874 1515 3910 vo·

437 3931 572 3980 lunt.

505 4009 668 4059 Erro.
689 4023 882 4060 Lxxnr.
920 4016 945 4061 l
974 4012 1147 4061 Nullus
1163 4012 1216 4061 in
1244 4011 1378 4075 urbe]
1415 4012 1517 4063 Ar-

438 4086 766 4147 gutissimum
798 4089 1114 4152 epigramma
1136 4099 1235 4151 est,
1274 4107 1376 4156 quo
1400 4108 1516 4156 per-

440 4162 652 4225 stringit
681 4164 1040 4227 Caecilianum,
1074 4168 1163 4231 qui
1199 4182 1317 4218 cum
1339 4168 1516 4220 defor-

441 4253 576 4288 mem
600 4239 815 4289 baberet
854 4255 1086 4304 uxorem,
1122 4245 1381 4310 zelotypia
1404 4253 1513 4296 tac·

442 4324 550 4380 tus,
586 4326 806 4390 repente
828 4321 940 4380 eain
981 4321 1285 4373 custodibus
1314 4325 1509 4389 sepsitz

1132 387 1351 435 NOTAE
1401 383 1806 437 VARIORUM
1860 387 1937 434 ΙΝ

1566 543 1720 593 quam
1738 536 1913 579 autem
1935 529 2195 593 deceptus
2215 525 2378 577 fuerit
2405 526 2509 576 hac
2531 540 2658 577 can-

1568 610 1734 671 tione,
1755 609 1983 659 ironiae&
2000 608 2253 657 declarat.
2723 640 2730 646 .

1633 692 1667 737 Ξ
1718 685 1915 749 Gratis]
1969 687 2099 736 Vult
2151 684 2323 734 Poeta
2377 683 2657 734 ceciliani

1569 777 1784 813 uxorem
1821 761 2106 812 deformem
2141 775 2174 810 a
2209 761 2416 810 nemine
2451 766 2657 816 tactam

1570 856 1681 892 esse
1697 841 1879 906 gratis,
1887 842 1989 890 hoe
2007 845 2107 899 est,
2122 839 2235 889 sine
2252 838 2426 903 pretio
2438 837 2657 898 liceret,

1571 918 1683 967 sive
1725 917 1829 968 etsi
1872 918 2015 967 ultro
2054 915 2241 966 dai-etz
2300 914 2478 978 posita
2526 918 2662 963 vero'

1571 994 1810 1045 custodia
1832 982 2059 1060 coeptam
2076 1006 2189 1044 esse
2212 991 2421 1054 ambiri,
2442 996 2502 1040 et
2530 1005 2662 1040 moe-

1572 1073 1696 1122 cbos
1714 1071 1919 1124 venisse
1940 1070 2169 1137 pretium
2191 1068 2500 1120 offerentes.
2547 1068 2661 1117 Ita-

1575 1163 1677 1213 que
1719 1148 2041 1213 ingeuiosnm
2085 1161 2202 1197 esse
2255 1144 2333 1195 ait
2385 1144 2660 1195 hominem

1575 1225 1939 1286 Caeninum,
1973 1224 2060 1293 qui
2096 1231 2265 1274 artem
2298 1223 2446 1273 illam
2484 1237 2660 1288 quaes-

1574 1308 1685 1352 tum
1706 1300 1934 1352 faciendi
1957 1300 2294 1365 excogitavit.
2327 1300 2659 1350 Mumbert.

1636 1383 1671 1429 4
1704 1379 2001 1443 Ingeniosus,
2035 1380 2145 1444 ξω]
2180 1379 2283 1428 Vel
2306 1377 2550 1428 Ironice:
2603 1376 2666 1426 id‘

1574 1465 1675 1520 est,
1693 1456 1891 1521 fatuus,
1919 1457 2008 1522 qui
2041 1457 2278 1508 custodia
2310 1448 2461 1505 arcta
2496 1460 2556 1505 et
2579 1468 2664 1504 ze·

1573 1534 1777 1599 lotypia
1798 1539 1890 1584 tna
1912 1533 2099 1584 dentes
2118 1530 2396 1585 exacueris
2418 1533 2666 1583 amatori-

1574 1610 1690 1675 bus,
1723 1611 1815 1680 qui
1849 1613 1995 1676 prius
2028 1611 2239 1677 quidem
2282 1609 2660 1661 incustoditam

1575 1686 1930 1752 negligebant,
1943 1688 2057 1753 jam
2080 1702 2206 1738 vero
2242 1687 2259 1716 ‘
2277 1687 2479 1738 Nescio
2513 1686 2663 1752 quid,

1574 1765 1717 1830 qnod
1751 1771 1814 1815 >te
1853 1765 2058 1831 ceperit
2099 1779 2234 1826 esse,
2270 1762 2506 1828 putant‚'
2540 1763 2665 1828 quia

1575 1841 1593 1869 ‘
1613 1841 1850 1891 Nitimur
1885 1841 1940 1890 in
1979 1840 2238 1904 vetitum,’
2267 1842 2372 1890 ὅτε.
2405 1846 2470 1889 ιιι
2500 1839 2666 1889 habet

1578 1916 1739 1969 Ovid.
1775 1922 1833 1968 4.
1880 1918 2020 1983 eleg.
2066 1917 2156 1968 lib.
2202 1921 2252 1967 8.
2300 1915 2487 1967 Amor.
2522 1915 2664 1966 unde

1576 2002 1843 2059 sumptum
1899 2003 1982 2046 est
2023 1995 2122 2045 hoc
2177 1995 2544 2060 epigramma3
2579 1990 2665 2041 vel

1579 2073 1596 2102 ‘
1616 2072 1960 2137 Ingeniosus,’
1986 2073 2076 2138 qui
2099 2073 2195 2122 boe
2230 2071 2459 2128 artificio
2491 2069 2668 2121 uxoris

1580 2151 1808 2221 pretium
1824 2158 1879 2200 et
1895 2150 2208 2200 desiderium
2224 2148 2498 2213 excitasti,
2508 2162 2662 2213 quam

1578 2241 1733 2278 nemo
1757 2228 1901 2293 prius
1929 2228 2108 2292 gratis,
2130 2226 2181 2276 ld
2206 2233 2306 2290 est,
2328 2226 2444 2276 sine
2475 2225 2669 2290 pretio,

1586 2323 1805 2377 tangere
1828 2316 2007 2367 velletr

1651 2393 1815 2443 Emer
1862 2404 2030 2442 mxxv.
2081 2395 2107 2440 1
2144 2391 2381 2454 Moechus,
2415 2391 2526 2457 ξω]
2579 2391 2667 2441 In-

1585 2467 1793 2519 crebuit
1831 2468 2061 2534 suspicio
2116 2471 2517 2521 consuetudinis
2557 2476 2663 2519 tuae

1584 2547 1703 2595 cum
1729 2546 1933 2595 moecho
1967 2545 2088 2595 dum
2110 2546 2319 2596 viveret
2342 2548 2493 2612 prior
2513 2547 2667 2598 mari-

1585 2629 1689 2683 tus,
1708 2629 1989 2688 postquam
2012 2637 2135 2674 vero
2162 2623 2252 2673 illo
2270 2625 2414 2674 elato
2438 2623 2667 2690 nupsisti
2691 2641 2696 2646 ¹

1584 2709 1831 2765 suspecto
1874 2703 1951 2753 illi
2007 2703 2229 2765 moecho,
2275 2701 2454 2754 fecisti
2504 2703 2668 2766 suspi-

1583 2778 1916 2841 cionifldem,
1946 2793 2055 2829 rem
2077 2779 2460 2844 propemodum
2494 2778 2665 2829 fassax
2691 2765 2693 2774 '

1589 2854 1711 2905 vide
1734 2855 1873 2906 idem
1893 2856 2063 2919 epigr.
2079 2860 2167 2918 22.
2184 2856 2221 2905 l.
2241 2860 2290 2906 6.

1652 2933 1813 2983 Erro.
1836 2945 2033 2982 mxxvi.
2069 2936 2095 2981 1
2124 2933 2415 2999 Dimidium,
2435 2934 2548 2999 ξω]
2583 2934 2665 2985 Li·

1583 3009 1831 3075 no‚quod
1863 3009 1935 3058 nil
1975 3009 2183 3072 reddat,
2218 3011 2292 3060 nil
2327 3012 2669 3065 credendum.
2712 3003 2720 3009 ’

1587 3088 1603 3115 ‘
1624 3084 1872 3136 Donare'
1925 3092 1983 3135 et
2060 3086 2187 3136 dare
2241 3089 2389 3155 quasi
2442 3090 2666 3154 perdere

1587 3174 1687 3218 est.
1724 3168 1881 3224 Quam
1896 3170 2103 3228 credere,
2121 3166 2229 3231 ξω]
2250 3167 2497 3218 Μιιιιιιιιιι
2520 3168 2664 3217 dare.

1653 3248 1686 3294 2
1722 3244 1935 3305 Mavult,
1957 3244 2065 3310 ξω]
2101 3244 2270 3309 AEque
2303 3245 2447 3295 enim
2490 3252 2666 3294 utrun-

1588 3333 1692 3385 que
1713 3334 1818 3369 non
1844 3321 2019 3383 solvit,
2033 3328 2271 3371 mutuum
2299 3336 2361 3372 ac
2381 3321 2629 3372 donatum
2648 3334 2664 3379 ;

1588 3404 1755 3448 totum
1775 3412 1837 3448 ac
1854 3396 2146 3448 dimidium.

1654 3476 1814 3524 Eme.
1838 3487 2054 3525 Lxxvu.
2094 3480 2122 3527 l
2161 3476 2538 3540 Cumrum‚&c.]
2562 3472 2664 3523 Hic

1589 3558 1676 3602 est
1693 3552 1933 3602 Valerius
1966 3552 2186 3603 Flaccus
2213 3553 2424 3603 Setinns
2446 3567 2536 3602 seu
2562 3551 2665 3600 Pa-

1590 3629 1815 3690 tavium,
1840 3636 2026 3679 auctor
2057 3638 2179 3681 octo
2213 3619 2463 3681 librorum
2498 3629 2664 3691 Argo-

1589 3708 1936 3759 nauticorum.
1997 3708 2117 3758 Hoc
2129 3709 2507 3772 epigrammate
2523 3705 2665 3755 Mar-

1594 3784 1753 3847 tialis,
1775 3784 2021 3833 Flaccum
2051 3783 2259 3848 poetam
2285 3796 2548 3847 magnum,
2569 3779 2662 3829 sed

1590 3862 1735 3912 tenni
1754 3876 1934 3923 censu,
1954 3861 2212 3925 hortatur,
2230 3869 2290 3911 nt
2312 3860 2520 3909 desinat
2541 3854 2664 3921 poi}-

1588 3939 1714 4001 tari,
1742 3951 1804 3987 ac
1828 3937 1995 3987 forum
2031 3937 2211 4001 adeat,
2231 3952 2294 3988 ac
2317 3940 2659 4001 quaestuosam

1589 4016 1945 4081 eloquentiam
1970 4022 2235 4075 sectetur;
2267 4011 2472 4078 quando
2494 4008 2661 4058 nullus

1592 4102 1683 4142 aut
1716 4094 1936 4157 exignus
1978 4092 2141 4142 honos
2179 4092 2250 4141 sit
2287 4088 2658 4155 praeminmque

1589 4170 1795 4221 Musis:
1832 4168 1953 4219 vide
2008 4170 2122 4219 Sat.
2164 4173 2215 4218 ⁷.
2248 4165 2489 4219 Juvenal.
2528 4175 2660 4210 vers.

1587 4251 1705 4296 202.
1772 4246 2020 4298 Curarum
2043 4261 2271 4322 mearum
2296 4244 2529 4292 levamen
2549 4238 2657 4287 nni-

1590 4339 1708 4374 cum
1755 4330 1807 4374 et
1844 4325 2107 4376 solatium.
2152 4325 2248 4374 vel'
2274 4320 2436 4373 studii
2467 4311 2658 4384 poetici
