<?xml version="1.0" encoding="UTF-8"?>
<!DOCTYPE html PUBLIC "-//W3C//DTD XHTML 1.0 Transitional//EN"
    "http://www.w3.org/TR/xhtml1/DTD/xhtml1-transitional.dtd">
<html xmlns="http://www.w3.org/1999/xhtml" xml:lang="en" lang="en">
 <head>
  <title>
</title>
<meta http-equiv="Content-Type" content="text/html;charset=utf-8" />
  <meta name='ocr-system' content='tesseract 3.04.00' />
  <meta name='ocr-capabilities' content='ocr_page ocr_carea ocr_par ocr_line ocrx_word'/>
</head>
<body>
  <div class='ocr_page' id='page_1' title='image "./marcivaleriimar09martgoog_0070.png"; bbox 0 0 2985 4937; ppageno 0'>
   <div class='ocr_carea' id='block_1_1' title="bbox 441 355 614 425">
    <p class='ocr_par' dir='ltr' id='par_1_1' title="bbox 441 355 614 425">
     <span class='ocr_line' id='line_1_1' title="bbox 441 355 614 425; baseline 0 -3"><span class='ocrx_word' id='word_1_1' title='bbox 441 355 614 425; x_wconf 79' lang='lat'>1136</span> 
     </span>
    </p>
   </div>
   <div class='ocr_carea' id='block_1_2' title="bbox 442 505 1542 4352">
    <p class='ocr_par' dir='ltr' id='par_1_2' title="bbox 442 505 1526 1507">
     <span class='ocr_line' id='line_1_2' title="bbox 508 505 1515 579; baseline -0.001 -15"><span class='ocrx_word' id='word_1_2' title='bbox 508 519 538 564; x_wconf 76' lang='lat'>3</span> <span class='ocrx_word' id='word_1_3' title='bbox 582 505 729 566; x_wconf 79' lang='lat' dir='ltr'><strong>Video</strong></span> <span class='ocrx_word' id='word_1_4' title='bbox 749 515 1042 579; x_wconf 50' lang='lat' dir='ltr'><strong>quaram]</strong></span> <span class='ocrx_word' id='word_1_5' title='bbox 1076 514 1327 578; x_wconf 79' lang='lat' dir='ltr'><strong>Tragoedi</strong></span> <span class='ocrx_word' id='word_1_6' title='bbox 1347 517 1515 577; x_wconf 86' lang='lat' dir='ltr'><strong>certe,</strong></span> 
     </span>
     <span class='ocr_line' id='line_1_3' title="bbox 443 593 1516 663; baseline -0.002 -21"><span class='ocrx_word' id='word_1_7' title='bbox 443 594 626 659; x_wconf 82' lang='lat' dir='ltr'><strong>siquid</strong></span> <span class='ocrx_word' id='word_1_8' title='bbox 650 600 790 643; x_wconf 77' lang='lat' dir='ltr'><strong>esset</strong></span> <span class='ocrx_word' id='word_1_9' title='bbox 812 594 948 658; x_wconf 85' lang='lat' dir='ltr'><strong>quod</strong></span> <span class='ocrx_word' id='word_1_10' title='bbox 970 593 1256 656; x_wconf 81' lang='lat' dir='ltr'><strong>principem</strong></span> <span class='ocrx_word' id='word_1_11' title='bbox 1275 598 1333 663; x_wconf 78' lang='lat' dir='ltr'><strong>et</strong></span> <span class='ocrx_word' id='word_1_12' title='bbox 1353 606 1516 656; x_wconf 84' lang='lat' dir='ltr'><strong>popu-</strong></span> 
     </span>
     <span class='ocr_line' id='line_1_4' title="bbox 443 670 1516 734; baseline 0 -15"><span class='ocrx_word' id='word_1_13' title='bbox 443 672 550 720; x_wconf 87' lang='lat' dir='ltr'><strong>lum</strong></span> <span class='ocrx_word' id='word_1_14' title='bbox 574 672 654 720; x_wconf 86' lang='lat' dir='ltr'><strong>vel</strong></span> <span class='ocrx_word' id='word_1_15' title='bbox 668 672 895 720; x_wconf 67' lang='lat' dir='ltr'><strong>‘monitos</strong></span> <span class='ocrx_word' id='word_1_16' title='bbox 931 671 1015 719; x_wconf 90' lang='lat' dir='ltr'><strong>vel</strong></span> <span class='ocrx_word' id='word_1_17' title='bbox 1055 678 1264 734; x_wconf 84' lang='lat' dir='ltr'><strong>rogatos</strong></span> <span class='ocrx_word' id='word_1_18' title='bbox 1297 670 1516 733; x_wconf 82' lang='lat' dir='ltr'><strong>vellent,</strong></span> 
     </span>
     <span class='ocr_line' id='line_1_5' title="bbox 446 745 1515 813; baseline -0.002 -16"><span class='ocrx_word' id='word_1_19' title='bbox 446 748 722 812; x_wconf 88' lang='lat' dir='ltr'><strong>epistolam</strong></span> <span class='ocrx_word' id='word_1_20' title='bbox 745 747 1077 809; x_wconf 84' lang='lat' dir='ltr'><strong>exhibebant,</strong></span> <span class='ocrx_word' id='word_1_21' title='bbox 1107 762 1260 813; x_wconf 92' lang='lat' dir='ltr'><strong>quam</strong></span> <span class='ocrx_word' id='word_1_22' title='bbox 1296 745 1515 796; x_wconf 57' lang='lat' dir='ltr'><strong>vocali&amp;</strong></span> 
     </span>
     <span class='ocr_line' id='line_1_6' title="bbox 442 823 1512 890; baseline 0 -17"><span class='ocrx_word' id='word_1_23' title='bbox 442 825 599 875; x_wconf 83' lang='lat' dir='ltr'><strong>simus</strong></span> <span class='ocrx_word' id='word_1_24' title='bbox 642 825 828 890; x_wconf 88' lang='lat' dir='ltr'><strong>aliquis</strong></span> <span class='ocrx_word' id='word_1_25' title='bbox 878 825 1054 886; x_wconf 85' lang='lat' dir='ltr'><strong>Curio,</strong></span> <span class='ocrx_word' id='word_1_26' title='bbox 1103 824 1193 888; x_wconf 90' lang='lat' dir='ltr'><strong>qui</strong></span> <span class='ocrx_word' id='word_1_27' title='bbox 1240 823 1512 874; x_wconf 87' lang='lat' dir='ltr'><strong>theatralis</strong></span> 
     </span>
     <span class='ocr_line' id='line_1_7' title="bbox 444 900 1515 968; baseline 0 -16"><span class='ocrx_word' id='word_1_28' title='bbox 444 903 591 968; x_wconf 86' lang='lat' dir='ltr'><strong>quasi</strong></span> <span class='ocrx_word' id='word_1_29' title='bbox 604 903 856 968; x_wconf 82' lang='lat' dir='ltr'><strong>praeconis</strong></span> <span class='ocrx_word' id='word_1_30' title='bbox 875 901 1048 954; x_wconf 86' lang='lat' dir='ltr'><strong>officio</strong></span> <span class='ocrx_word' id='word_1_31' title='bbox 1063 900 1394 966; x_wconf 66' lang='lat' dir='ltr'><strong>fungebatur,</strong></span> <span class='ocrx_word' id='word_1_32' title='bbox 1408 903 1515 952; x_wconf 88' lang='lat' dir='ltr'><strong>cla·</strong></span> 
     </span>
     <span class='ocr_line' id='line_1_8' title="bbox 444 980 1514 1046; baseline 0 -15"><span class='ocrx_word' id='word_1_33' title='bbox 444 996 504 1031; x_wconf 89' lang='lat' dir='ltr'><strong>ra</strong></span> <span class='ocrx_word' id='word_1_34' title='bbox 514 982 732 1046; x_wconf 62' lang='lat' dir='ltr'><strong>‘legebat</strong></span> <span class='ocrx_word' id='word_1_35' title='bbox 745 997 892 1033; x_wconf 85' lang='lat' dir='ltr'><strong>voce.</strong></span> <span class='ocrx_word' id='word_1_36' title='bbox 957 982 1076 1032; x_wconf 87' lang='lat' dir='ltr'><strong>Hoc</strong></span> <span class='ocrx_word' id='word_1_37' title='bbox 1095 980 1335 1032; x_wconf 81' lang='lat' dir='ltr'><strong>fecerunt</strong></span> <span class='ocrx_word' id='word_1_38' title='bbox 1349 982 1423 1032; x_wconf 90' lang='lat' dir='ltr'><strong>illi</strong></span> <span class='ocrx_word' id='word_1_39' title='bbox 1447 996 1514 1031; x_wconf 86' lang='lat' dir='ltr'><strong>ex</strong></span> 
     </span>
     <span class='ocr_line' id='line_1_9' title="bbox 444 1058 1522 1123; baseline 0 -15"><span class='ocrx_word' id='word_1_40' title='bbox 444 1059 780 1120; x_wconf 71' lang='lat' dir='ltr'><strong>necessitate,</strong></span> <span class='ocrx_word' id='word_1_41' title='bbox 796 1059 933 1123; x_wconf 88' lang='lat' dir='ltr'><strong>quod</strong></span> <span class='ocrx_word' id='word_1_42' title='bbox 950 1059 1014 1108; x_wconf 89' lang='lat' dir='ltr'><strong>iis</strong></span> <span class='ocrx_word' id='word_1_43' title='bbox 1027 1059 1080 1108; x_wconf 90' lang='lat' dir='ltr'><strong>in</strong></span> <span class='ocrx_word' id='word_1_44' title='bbox 1093 1059 1377 1109; x_wconf 79' lang='lat' dir='ltr'><strong>dramatico</strong></span> <span class='ocrx_word' id='word_1_45' title='bbox 1393 1058 1522 1123; x_wconf 49' lang='lat' dir='ltr'><strong>poe:</strong></span> 
     </span>
     <span class='ocr_line' id='line_1_10' title="bbox 445 1126 1526 1201; baseline -0.001 -16"><span class='ocrx_word' id='word_1_46' title='bbox 445 1144 608 1197; x_wconf 86' lang='lat' dir='ltr'><strong>mate,</strong></span> <span class='ocrx_word' id='word_1_47' title='bbox 624 1126 740 1201; x_wconf 73' lang='lat' dir='ltr'><strong>quae</strong></span> <span class='ocrx_word' id='word_1_48' title='bbox 761 1144 910 1185; x_wconf 85' lang='lat' dir='ltr'><strong>extra</strong></span> <span class='ocrx_word' id='word_1_49' title='bbox 930 1149 1134 1186; x_wconf 78' lang='lat' dir='ltr'>scenam</span> <span class='ocrx_word' id='word_1_50' title='bbox 1156 1143 1213 1186; x_wconf 88' lang='lat' dir='ltr'><strong>et</strong></span> <span class='ocrx_word' id='word_1_51' title='bbox 1244 1150 1526 1200; x_wconf 54' lang='lat' dir='ltr'><strong>argumenq</strong></span> 
     </span>
     <span class='ocr_line' id='line_1_11' title="bbox 448 1213 1514 1277; baseline 0.001 -15"><span class='ocrx_word' id='word_1_52' title='bbox 448 1219 558 1262; x_wconf 91' lang='lat' dir='ltr'><strong>tum</strong></span> <span class='ocrx_word' id='word_1_53' title='bbox 589 1217 782 1275; x_wconf 87' lang='lat' dir='ltr'><strong>esseut,</strong></span> <span class='ocrx_word' id='word_1_54' title='bbox 825 1213 967 1277; x_wconf 87' lang='lat' dir='ltr'><strong>loqui</strong></span> <span class='ocrx_word' id='word_1_55' title='bbox 1010 1228 1113 1277; x_wconf 79' lang='lat' dir='ltr'><strong>non</strong></span> <span class='ocrx_word' id='word_1_56' title='bbox 1151 1215 1369 1263; x_wconf 82' lang='lat' dir='ltr'><strong>liceret:</strong></span> <span class='ocrx_word' id='word_1_57' title='bbox 1411 1213 1514 1263; x_wconf 91' lang='lat' dir='ltr'><strong>hoc</strong></span> 
     </span>
     <span class='ocr_line' id='line_1_12' title="bbox 446 1287 1515 1354; baseline 0 -16"><span class='ocrx_word' id='word_1_58' title='bbox 446 1287 599 1338; x_wconf 89' lang='lat' dir='ltr'><strong>tibio</strong></span> <span class='ocrx_word' id='word_1_59' title='bbox 627 1289 885 1339; x_wconf 77' lang='lat' dir='ltr'><strong>Martialis</strong></span> <span class='ocrx_word' id='word_1_60' title='bbox 918 1291 974 1339; x_wconf 89' lang='lat' dir='ltr'><strong>in</strong></span> <span class='ocrx_word' id='word_1_61' title='bbox 993 1289 1379 1354; x_wconf 79' lang='lat' dir='ltr'><strong>epigrammatis</strong></span> <span class='ocrx_word' id='word_1_62' title='bbox 1412 1288 1515 1339; x_wconf 88' lang='lat' dir='ltr'><strong>tuis</strong></span> 
     </span>
     <span class='ocr_line' id='line_1_13' title="bbox 448 1365 1519 1431; baseline 0 -17"><span class='ocrx_word' id='word_1_63' title='bbox 448 1380 555 1415; x_wconf 87' lang='lat' dir='ltr'><strong>non</strong></span> <span class='ocrx_word' id='word_1_64' title='bbox 600 1380 749 1430; x_wconf 79' lang='lat' dir='ltr'><strong>aeque</strong></span> <span class='ocrx_word' id='word_1_65' title='bbox 793 1380 1008 1416; x_wconf 84' lang='lat' dir='ltr'><strong>necesse</strong></span> <span class='ocrx_word' id='word_1_66' title='bbox 1062 1373 1163 1429; x_wconf 84' lang='lat' dir='ltr'><strong>est,</strong></span> <span class='ocrx_word' id='word_1_67' title='bbox 1203 1381 1323 1430; x_wconf 76' lang='lat' dir='ltr'><strong>qnae</strong></span> <span class='ocrx_word' id='word_1_68' title='bbox 1366 1365 1519 1431; x_wconf 84' lang='lat' dir='ltr'><strong>quasi</strong></span> 
     </span>
     <span class='ocr_line' id='line_1_14' title="bbox 449 1443 850 1507; baseline 0 -15"><span class='ocrx_word' id='word_1_69' title='bbox 449 1443 695 1507; x_wconf 85' lang='lat' dir='ltr'><strong>epistolia</strong></span> <span class='ocrx_word' id='word_1_70' title='bbox 715 1451 850 1492; x_wconf 88' lang='lat' dir='ltr'><strong>sunt.</strong></span> 
     </span>
    </p>

    <p class='ocr_par' dir='ltr' id='par_1_3' title="bbox 447 1481 1528 2032">
     <span class='ocr_line' id='line_1_15' title="bbox 518 1481 1521 1583; baseline 0.002 -16"><span class='ocrx_word' id='word_1_71' title='bbox 518 1519 748 1583; x_wconf 68' lang='lat' dir='ltr'><strong>cuv-ione]</strong></span> <span class='ocrx_word' id='word_1_72' title='bbox 813 1520 1052 1570; x_wconf 86' lang='lat' dir='ltr'><strong>Curionis</strong></span> <span class='ocrx_word' id='word_1_73' title='bbox 1105 1519 1332 1571; x_wconf 86' lang='lat' dir='ltr'><strong>officium</strong></span> <span class='ocrx_word' id='word_1_74' title='bbox 1385 1481 1521 1583; x_wconf 86' lang='lat' dir='ltr'><strong>erat,</strong></span> 
     </span>
     <span class='ocr_line' id='line_1_16' title="bbox 448 1598 1521 1663; baseline -0.002 -15"><span class='ocrx_word' id='word_1_75' title='bbox 448 1598 622 1648; x_wconf 86' lang='lat' dir='ltr'><strong>omnia</strong></span> <span class='ocrx_word' id='word_1_76' title='bbox 651 1614 766 1663; x_wconf 83' lang='lat' dir='ltr'><strong>quae</strong></span> <span class='ocrx_word' id='word_1_77' title='bbox 808 1598 860 1646; x_wconf 92' lang='lat' dir='ltr'><strong>in</strong></span> <span class='ocrx_word' id='word_1_78' title='bbox 898 1598 1121 1660; x_wconf 87' lang='lat' dir='ltr'><strong>theatro,</strong></span> <span class='ocrx_word' id='word_1_79' title='bbox 1149 1600 1245 1661; x_wconf 68' lang='lat' dir='ltr'><strong>,vel</strong></span> <span class='ocrx_word' id='word_1_80' title='bbox 1268 1598 1521 1662; x_wconf 85' lang='lat' dir='ltr'><strong>principis</strong></span> 
     </span>
     <span class='ocr_line' id='line_1_17' title="bbox 447 1674 1522 1739; baseline 0.003 -17"><span class='ocrx_word' id='word_1_81' title='bbox 447 1674 714 1737; x_wconf 86' lang='lat' dir='ltr'><strong>mandato,</strong></span> <span class='ocrx_word' id='word_1_82' title='bbox 735 1674 816 1724; x_wconf 84' lang='lat' dir='ltr'><strong>vel</strong></span> <span class='ocrx_word' id='word_1_83' title='bbox 850 1675 1185 1739; x_wconf 74' lang='lat' dir='ltr'><strong>magistratus</strong></span> <span class='ocrx_word' id='word_1_84' title='bbox 1212 1676 1362 1738; x_wconf 81' lang='lat' dir='ltr'><strong>jussu</strong></span> <span class='ocrx_word' id='word_1_85' title='bbox 1379 1674 1522 1725; x_wconf 89' lang='lat' dir='ltr'><strong>edic-</strong></span> 
     </span>
     <span class='ocr_line' id='line_1_18' title="bbox 449 1750 1524 1815; baseline 0 -16"><span class='ocrx_word' id='word_1_86' title='bbox 449 1756 595 1812; x_wconf 84' lang='lat' dir='ltr'><strong>tove,</strong></span> <span class='ocrx_word' id='word_1_87' title='bbox 617 1751 701 1800; x_wconf 82' lang='lat' dir='ltr'><strong>vel</strong></span> <span class='ocrx_word' id='word_1_88' title='bbox 724 1751 942 1815; x_wconf 83' lang='lat' dir='ltr'><strong>alicujus</strong></span> <span class='ocrx_word' id='word_1_89' title='bbox 967 1752 1225 1814; x_wconf 88' lang='lat' dir='ltr'><strong>postulato</strong></span> <span class='ocrx_word' id='word_1_90' title='bbox 1248 1750 1524 1815; x_wconf 88' lang='lat' dir='ltr'><strong>pronunci-</strong></span> 
     </span>
     <span class='ocr_line' id='line_1_19' title="bbox 451 1826 1519 1892; baseline -0.001 -17"><span class='ocrx_word' id='word_1_91' title='bbox 451 1826 585 1875; x_wconf 86' lang='lat' dir='ltr'><strong>anda</strong></span> <span class='ocrx_word' id='word_1_92' title='bbox 628 1833 811 1890; x_wconf 81' lang='lat' dir='ltr'><strong>erant,</strong></span> <span class='ocrx_word' id='word_1_93' title='bbox 850 1828 1209 1892; x_wconf 75' lang='lat' dir='ltr'><strong>proclamare3</strong></span> <span class='ocrx_word' id='word_1_94' title='bbox 1258 1826 1337 1876; x_wconf 90' lang='lat' dir='ltr'><strong>uti</strong></span> <span class='ocrx_word' id='word_1_95' title='bbox 1372 1827 1519 1891; x_wconf 80' lang='lat' dir='ltr'><strong>quasi</strong></span> 
     </span>
     <span class='ocr_line' id='line_1_20' title="bbox 450 1903 1528 1967; baseline 0.002 -16"><span class='ocrx_word' id='word_1_96' title='bbox 450 1917 753 1965; x_wconf 66' lang='lat' dir='ltr'><strong>praeconem</strong></span> <span class='ocrx_word' id='word_1_97' title='bbox 787 1912 969 1967; x_wconf 82' lang='lat' dir='ltr'><strong>ageret</strong></span> <span class='ocrx_word' id='word_1_98' title='bbox 1010 1903 1323 1955; x_wconf 79' lang='lat' dir='ltr'><strong>theatralem</strong></span> <span class='ocrx_word' id='word_1_99' title='bbox 1345 1903 1528 1954; x_wconf 65' lang='lat' dir='ltr'><strong>Curio.</strong></span> 
     </span>
     <span class='ocr_line' id='line_1_21' title="bbox 449 1980 974 2032; baseline 0.002 -3"><span class='ocrx_word' id='word_1_100' title='bbox 449 1980 674 2030; x_wconf 83' lang='lat' dir='ltr'><strong>Turneb.</strong></span> <span class='ocrx_word' id='word_1_101' title='bbox 698 1982 732 2030; x_wconf 88' lang='lat' dir='ltr'><strong>l.</strong></span> <span class='ocrx_word' id='word_1_102' title='bbox 754 1985 836 2030; x_wconf 82' lang='lat'><strong>25.</strong></span> <span class='ocrx_word' id='word_1_103' title='bbox 854 1996 904 2032; x_wconf 87' lang='lat' dir='ltr'><strong>c.</strong></span> <span class='ocrx_word' id='word_1_104' title='bbox 926 1986 974 2031; x_wconf 84' lang='lat'><strong>8.</strong></span> 
     </span>
    </p>

    <p class='ocr_par' dir='ltr' id='par_1_4' title="bbox 515 2059 1436 2123">
     <span class='ocr_line' id='line_1_22' title="bbox 515 2059 1436 2123; baseline 0.002 -14"><span class='ocrx_word' id='word_1_105' title='bbox 515 2059 656 2109; x_wconf 78' lang='lat' dir='ltr'><strong>Mula</strong></span> <span class='ocrx_word' id='word_1_106' title='bbox 675 2060 863 2123; x_wconf 79' lang='lat' dir='ltr'><strong>ling-ua]</strong></span> <span class='ocrx_word' id='word_1_107' title='bbox 897 2061 1091 2110; x_wconf 87' lang='lat' dir='ltr'><strong>Libera</strong></span> <span class='ocrx_word' id='word_1_108' title='bbox 1111 2068 1168 2110; x_wconf 91' lang='lat' dir='ltr'><strong>et</strong></span> <span class='ocrx_word' id='word_1_109' title='bbox 1188 2061 1436 2111; x_wconf 80' lang='lat' dir='ltr'><strong>mordaci.</strong></span> 
     </span>
    </p>

    <p class='ocr_par' dir='ltr' id='par_1_5' title="bbox 452 2137 1532 2499">
     <span class='ocr_line' id='line_1_23' title="bbox 517 2137 1528 2203; baseline 0.001 -16"><span class='ocrx_word' id='word_1_110' title='bbox 517 2141 550 2187; x_wconf 86' lang='grc'>6</span> <span class='ocrx_word' id='word_1_111' title='bbox 585 2138 702 2186; x_wconf 81' lang='lat' dir='ltr'><strong>Noli</strong></span> <span class='ocrx_word' id='word_1_112' title='bbox 739 2153 871 2201; x_wconf 84' lang='lat' dir='ltr'><strong>ergo,</strong></span> <span class='ocrx_word' id='word_1_113' title='bbox 899 2138 1009 2203; x_wconf 51' lang='grc' dir='ltr'><strong>δῖα]</strong></span> <span class='ocrx_word' id='word_1_114' title='bbox 1048 2139 1166 2187; x_wconf 83' lang='lat' dir='ltr'><strong>Noli</strong></span> <span class='ocrx_word' id='word_1_115' title='bbox 1185 2137 1432 2188; x_wconf 88' lang='lat' dir='ltr'><strong>indecore</strong></span> <span class='ocrx_word' id='word_1_116' title='bbox 1469 2144 1528 2188; x_wconf 90' lang='lat' dir='ltr'><strong>et</strong></span> 
     </span>
     <span class='ocr_line' id='line_1_24' title="bbox 453 2213 1529 2281; baseline 0.001 -18"><span class='ocrx_word' id='word_1_117' title='bbox 453 2213 680 2264; x_wconf 75' lang='lat' dir='ltr'><strong>absurde</strong></span> <span class='ocrx_word' id='word_1_118' title='bbox 718 2215 875 2264; x_wconf 90' lang='lat' dir='ltr'><strong>mimo</strong></span> <span class='ocrx_word' id='word_1_119' title='bbox 911 2214 1163 2265; x_wconf 88' lang='lat' dir='ltr'><strong>inducere</strong></span> <span class='ocrx_word' id='word_1_120' title='bbox 1207 2222 1379 2278; x_wconf 86' lang='lat' dir='ltr'><strong>togam</strong></span> <span class='ocrx_word' id='word_1_121' title='bbox 1411 2216 1529 2281; x_wconf 89' lang='lat' dir='ltr'><strong>(qui</strong></span> 
     </span>
     <span class='ocr_line' id='line_1_25' title="bbox 453 2290 1528 2356; baseline 0.002 -17"><span class='ocrx_word' id='word_1_122' title='bbox 453 2291 726 2350; x_wconf 67' lang='lat' dir='ltr'><strong>gravitatis</strong></span> <span class='ocrx_word' id='word_1_123' title='bbox 738 2293 908 2341; x_wconf 90' lang='lat' dir='ltr'><strong>cultus</strong></span> <span class='ocrx_word' id='word_1_124' title='bbox 930 2290 1038 2356; x_wconf 88' lang='lat' dir='ltr'><strong>est)</strong></span> <span class='ocrx_word' id='word_1_125' title='bbox 1066 2291 1125 2340; x_wconf 85' lang='lat' dir='ltr'><strong>id</strong></span> <span class='ocrx_word' id='word_1_126' title='bbox 1148 2298 1246 2354; x_wconf 85' lang='lat' dir='ltr'><strong>est,</strong></span> <span class='ocrx_word' id='word_1_127' title='bbox 1269 2292 1528 2356; x_wconf 83' lang='lat' dir='ltr'><strong>epigram-</strong></span> 
     </span>
     <span class='ocr_line' id='line_1_26' title="bbox 452 2368 1532 2433; baseline 0.002 -17"><span class='ocrx_word' id='word_1_128' title='bbox 452 2368 583 2417; x_wconf 86' lang='lat' dir='ltr'><strong>mati</strong></span> <span class='ocrx_word' id='word_1_129' title='bbox 628 2369 924 2433; x_wconf 86' lang='lat' dir='ltr'><strong>epistolam,</strong></span> <span class='ocrx_word' id='word_1_130' title='bbox 967 2369 1198 2433; x_wconf 67' lang='lat' dir='ltr'><strong>poemati</strong></span> <span class='ocrx_word' id='word_1_131' title='bbox 1241 2369 1532 2418; x_wconf 85' lang='lat' dir='ltr'><strong>orationem</strong></span> 
     </span>
     <span class='ocr_line' id='line_1_27' title="bbox 461 2449 1271 2499; baseline 0.002 -2"><span class='ocrx_word' id='word_1_132' title='bbox 461 2449 706 2499; x_wconf 86' lang='lat' dir='ltr'><strong>solutam.</strong></span> <span class='ocrx_word' id='word_1_133' title='bbox 1262 2485 1271 2490; x_wconf 20' lang='grc' dir='ltr'><strong>ν,</strong></span> 
     </span>
    </p>

    <p class='ocr_par' dir='ltr' id='par_1_6' title="bbox 447 2523 1540 4352">
     <span class='ocr_line' id='line_1_28' title="bbox 523 2523 1529 2589; baseline 0 -14"><span class='ocrx_word' id='word_1_134' title='bbox 523 2526 703 2588; x_wconf 78' lang='lat' dir='ltr'><strong>Togum</strong></span> <span class='ocrx_word' id='word_1_135' title='bbox 758 2526 958 2576; x_wconf 74' lang='lat' dir='ltr'><strong>saltanti</strong></span> <span class='ocrx_word' id='word_1_136' title='bbox 1019 2527 1241 2577; x_wconf 77' lang='lat' dir='ltr'><strong>iuducere</strong></span> <span class='ocrx_word' id='word_1_137' title='bbox 1291 2523 1529 2589; x_wconf 69' lang='lat' dir='ltr'><strong>persone]</strong></span> 
     </span>
     <span class='ocr_line' id='line_1_29' title="bbox 455 2600 1529 2667; baseline -0.002 -16"><span class='ocrx_word' id='word_1_138' title='bbox 455 2600 661 2651; x_wconf 81' lang='lat' dir='ltr'><strong>Quoerit</strong></span> <span class='ocrx_word' id='word_1_139' title='bbox 677 2603 987 2661; x_wconf 84' lang='lat' dir='ltr'><strong>Scriverius,</strong></span> <span class='ocrx_word' id='word_1_140' title='bbox 999 2618 1160 2667; x_wconf 88' lang='lat' dir='ltr'><strong>quare</strong></span> <span class='ocrx_word' id='word_1_141' title='bbox 1176 2603 1277 2652; x_wconf 82' lang='lat' dir='ltr'><strong>hoc</strong></span> <span class='ocrx_word' id='word_1_142' title='bbox 1293 2602 1529 2651; x_wconf 84' lang='lat' dir='ltr'><strong>Grutero</strong></span> 
     </span>
     <span class='ocr_line' id='line_1_30' title="bbox 455 2678 1532 2744; baseline 0 -17"><span class='ocrx_word' id='word_1_143' title='bbox 455 2678 802 2742; x_wconf 81' lang='lat' dir='ltr'><strong>displicuerit.</strong></span> <span class='ocrx_word' id='word_1_144' title='bbox 889 2681 1049 2730; x_wconf 84' lang='lat' dir='ltr'><strong>Haud</strong></span> <span class='ocrx_word' id='word_1_145' title='bbox 1094 2681 1222 2742; x_wconf 88' lang='lat' dir='ltr'><strong>scio,</strong></span> <span class='ocrx_word' id='word_1_146' title='bbox 1264 2678 1391 2744; x_wconf 88' lang='lat' dir='ltr'><strong>quid</strong></span> <span class='ocrx_word' id='word_1_147' title='bbox 1434 2678 1532 2740; x_wconf 89' lang='lat' dir='ltr'><strong>illi,</strong></span> 
     </span>
     <span class='ocr_line' id='line_1_31' title="bbox 453 2755 1529 2821; baseline 0.001 -17"><span class='ocrx_word' id='word_1_148' title='bbox 453 2755 578 2805; x_wconf 83' lang='lat' dir='ltr'><strong>mibi</strong></span> <span class='ocrx_word' id='word_1_149' title='bbox 599 2757 810 2821; x_wconf 89' lang='lat' dir='ltr'><strong>quidem</strong></span> <span class='ocrx_word' id='word_1_150' title='bbox 834 2759 1167 2808; x_wconf 84' lang='lat' dir='ltr'><strong>vehementer</strong></span> <span class='ocrx_word' id='word_1_151' title='bbox 1190 2757 1439 2821; x_wconf 84' lang='lat' dir='ltr'><strong>displicet</strong></span> <span class='ocrx_word' id='word_1_152' title='bbox 1455 2757 1529 2805; x_wconf 76' lang='lat' dir='ltr'><strong>ia·-</strong></span> 
     </span>
     <span class='ocr_line' id='line_1_32' title="bbox 450 2834 1531 2898; baseline 0.002 -16"><span class='ocrx_word' id='word_1_153' title='bbox 450 2835 624 2884; x_wconf 76' lang='lat' dir='ltr'><strong>dacere</strong></span> <span class='ocrx_word' id='word_1_154' title='bbox 667 2840 849 2898; x_wconf 75' lang='lat' dir='ltr'><strong>togam.</strong></span> <span class='ocrx_word' id='word_1_155' title='bbox 914 2843 931 2864; x_wconf 82' lang='lat'><em>⁴</em></span> <span class='ocrx_word' id='word_1_156' title='bbox 953 2837 1201 2886; x_wconf 80' lang='lat' dir='ltr'><strong>Calceum</strong></span> <span class='ocrx_word' id='word_1_157' title='bbox 1246 2834 1531 2898; x_wconf 88' lang='lat' dir='ltr'><strong>inducere,’</strong></span> 
     </span>
     <span class='ocr_line' id='line_1_33' title="bbox 453 2912 1043 2976; baseline 0.003 -17"><span class='ocrx_word' id='word_1_158' title='bbox 453 2912 561 2975; x_wconf 80' lang='lat' dir='ltr'><strong>legi</strong></span> <span class='ocrx_word' id='word_1_159' title='bbox 585 2913 724 2976; x_wconf 89' lang='lat' dir='ltr'><strong>apud</strong></span> <span class='ocrx_word' id='word_1_160' title='bbox 746 2919 970 2974; x_wconf 83' lang='lat' dir='ltr'><strong>veteres,</strong></span> <span class='ocrx_word' id='word_1_161' title='bbox 987 2920 1043 2962; x_wconf 89' lang='lat' dir='ltr'><strong>et</strong></span> 
     </span>
     <span class='ocr_line' id='line_1_34' title="bbox 457 2987 1534 3053; baseline 0.003 -17"><span class='ocrx_word' id='word_1_162' title='bbox 457 2994 515 3037; x_wconf 90' lang='lat' dir='ltr'><strong>et</strong></span> <span class='ocrx_word' id='word_1_163' title='bbox 543 2987 719 3037; x_wconf 89' lang='lat' dir='ltr'><strong>‘coria</strong></span> <span class='ocrx_word' id='word_1_164' title='bbox 761 2988 976 3039; x_wconf 86' lang='lat' dir='ltr'><strong>induci.&#39;</strong></span> <span class='ocrx_word' id='word_1_165' title='bbox 1019 2990 1188 3038; x_wconf 84' lang='lat' dir='ltr'><strong>Lanas</strong></span> <span class='ocrx_word' id='word_1_166' title='bbox 1241 2989 1329 3037; x_wconf 86' lang='lat' dir='ltr'><strong>vix</strong></span> <span class='ocrx_word' id='word_1_167' title='bbox 1384 2996 1534 3053; x_wconf 90' lang='lat' dir='ltr'><strong>puto,</strong></span> 
     </span>
     <span class='ocr_line' id='line_1_35' title="bbox 453 3063 1530 3134; baseline 0.003 -21"><span class='ocrx_word' id='word_1_168' title='bbox 453 3063 617 3115; x_wconf 89' lang='lat' dir='ltr'><strong>multo</strong></span> <span class='ocrx_word' id='word_1_169' title='bbox 635 3066 800 3115; x_wconf 88' lang='lat' dir='ltr'><strong>minus</strong></span> <span class='ocrx_word' id='word_1_170' title='bbox 816 3066 1179 3134; x_wconf 87' lang='lat' dir='ltr'><strong>vestimentum</strong></span> <span class='ocrx_word' id='word_1_171' title='bbox 1196 3066 1391 3116; x_wconf 86' lang='lat' dir='ltr'><strong>laxum.</strong></span> <span class='ocrx_word' id='word_1_172' title='bbox 1424 3066 1530 3116; x_wconf 90' lang='lat' dir='ltr'><strong>Po-</strong></span> 
     </span>
     <span class='ocr_line' id='line_1_36' title="bbox 456 3135 1530 3209; baseline -0.001 -15"><span class='ocrx_word' id='word_1_173' title='bbox 456 3151 564 3194; x_wconf 85' lang='lat' dir='ltr'><strong>test</strong></span> <span class='ocrx_word' id='word_1_174' title='bbox 587 3135 760 3193; x_wconf 79' lang='lat' dir='ltr'><strong>autem</strong></span> <span class='ocrx_word' id='word_1_175' title='bbox 799 3143 1050 3204; x_wconf 86' lang='lat' dir='ltr'><strong>dubitari,</strong></span> <span class='ocrx_word' id='word_1_176' title='bbox 1072 3142 1242 3192; x_wconf 83' lang='lat' dir='ltr'><strong>verius</strong></span> <span class='ocrx_word' id='word_1_177' title='bbox 1269 3143 1360 3205; x_wconf 88' lang='lat' dir='ltr'><strong>sit,</strong></span> <span class='ocrx_word' id='word_1_178' title='bbox 1386 3144 1530 3209; x_wconf 88' lang='lat' dir='ltr'><strong>quod</strong></span> 
     </span>
     <span class='ocr_line' id='line_1_37' title="bbox 455 3218 1532 3283; baseline -0.002 -13"><span class='ocrx_word' id='word_1_179' title='bbox 455 3221 672 3271; x_wconf 86' lang='lat' dir='ltr'><strong>Gruteri</strong></span> <span class='ocrx_word' id='word_1_180' title='bbox 689 3219 901 3269; x_wconf 85' lang='lat' dir='ltr'><strong>codices</strong></span> <span class='ocrx_word' id='word_1_181' title='bbox 917 3218 1138 3281; x_wconf 81' lang='lat' dir='ltr'><strong>saltanti,</strong></span> <span class='ocrx_word' id='word_1_182' title='bbox 1156 3233 1222 3269; x_wconf 85' lang='lat' dir='ltr'><strong>an</strong></span> <span class='ocrx_word' id='word_1_183' title='bbox 1239 3218 1375 3283; x_wconf 90' lang='lat' dir='ltr'><strong>quod</strong></span> <span class='ocrx_word' id='word_1_184' title='bbox 1394 3219 1532 3269; x_wconf 87' lang='lat' dir='ltr'><strong>Scri·</strong></span> 
     </span>
     <span class='ocr_line' id='line_1_38' title="bbox 458 3295 1530 3361; baseline 0 -15"><span class='ocrx_word' id='word_1_185' title='bbox 458 3298 713 3361; x_wconf 86' lang='lat' dir='ltr'><strong>verianus,</strong></span> <span class='ocrx_word' id='word_1_186' title='bbox 740 3299 1012 3347; x_wconf 72' lang='lat' dir='ltr'><strong>saltantem.</strong></span> <span class='ocrx_word' id='word_1_187' title='bbox 1080 3296 1234 3346; x_wconf 84' lang='lat' dir='ltr'><strong>Prius</strong></span> <span class='ocrx_word' id='word_1_188' title='bbox 1256 3302 1373 3346; x_wconf 82' lang='lat' dir='ltr'><strong>est:</strong></span> <span class='ocrx_word' id='word_1_189' title='bbox 1406 3295 1530 3346; x_wconf 85' lang='lat' dir='ltr'><strong>novi</strong></span> 
     </span>
     <span class='ocr_line' id='line_1_39' title="bbox 456 3372 1532 3439; baseline 0 -16"><span class='ocrx_word' id='word_1_190' title='bbox 456 3386 594 3435; x_wconf 86' lang='lat' dir='ltr'><strong>eum,</strong></span> <span class='ocrx_word' id='word_1_191' title='bbox 617 3372 705 3438; x_wconf 86' lang='lat' dir='ltr'><strong>qui</strong></span> <span class='ocrx_word' id='word_1_192' title='bbox 726 3373 800 3423; x_wconf 90' lang='lat' dir='ltr'><strong>sic</strong></span> <span class='ocrx_word' id='word_1_193' title='bbox 824 3387 881 3422; x_wconf 86' lang='lat' dir='ltr'><strong>se</strong></span> <span class='ocrx_word' id='word_1_194' title='bbox 921 3372 1204 3436; x_wconf 79' lang='lat' dir='ltr'><strong>prostituit,</strong></span> <span class='ocrx_word' id='word_1_195' title='bbox 1224 3378 1284 3422; x_wconf 89' lang='lat' dir='ltr'><strong>ut</strong></span> <span class='ocrx_word' id='word_1_196' title='bbox 1318 3372 1372 3421; x_wconf 90' lang='lat' dir='ltr'><strong>in</strong></span> <span class='ocrx_word' id='word_1_197' title='bbox 1405 3380 1532 3439; x_wconf 85' lang='lat' dir='ltr'><strong>toga</strong></span> 
     </span>
     <span class='ocr_line' id='line_1_40' title="bbox 456 3448 1533 3515; baseline 0.001 -17"><span class='ocrx_word' id='word_1_198' title='bbox 456 3449 635 3512; x_wconf 90' lang='lat' dir='ltr'><strong>saltet,</strong></span> <span class='ocrx_word' id='word_1_199' title='bbox 649 3449 830 3513; x_wconf 86' lang='lat' dir='ltr'><strong>inepte</strong></span> <span class='ocrx_word' id='word_1_200' title='bbox 848 3448 1100 3514; x_wconf 85' lang='lat' dir='ltr'><strong>praeferre</strong></span> <span class='ocrx_word' id='word_1_201' title='bbox 1119 3449 1388 3513; x_wconf 88' lang='lat' dir='ltr'><strong>pudorem,</strong></span> <span class='ocrx_word' id='word_1_202' title='bbox 1411 3466 1533 3515; x_wconf 86' lang='lat' dir='ltr'><strong>per-</strong></span> 
     </span>
     <span class='ocr_line' id='line_1_41' title="bbox 457 3525 1531 3591; baseline 0.006 -16"><span class='ocrx_word' id='word_1_203' title='bbox 457 3540 587 3576; x_wconf 89' lang='lat' dir='ltr'><strong>sona</strong></span> <span class='ocrx_word' id='word_1_204' title='bbox 603 3526 766 3591; x_wconf 87' lang='lat' dir='ltr'><strong>capiti</strong></span> <span class='ocrx_word' id='word_1_205' title='bbox 788 3526 1034 3584; x_wconf 80' lang='lat' dir='ltr'><strong>inducta.-</strong></span> <span class='ocrx_word' id='word_1_206' title='bbox 1088 3527 1359 3578; x_wconf 86' lang='lat' dir='ltr'><strong>Posterius</strong></span> <span class='ocrx_word' id='word_1_207' title='bbox 1372 3525 1531 3581; x_wconf 69' lang='lat' dir='ltr'><strong>foret,</strong></span> 
     </span>
     <span class='ocr_line' id='line_1_42' title="bbox 458 3601 1534 3669; baseline 0.003 -16"><span class='ocrx_word' id='word_1_208' title='bbox 458 3609 520 3653; x_wconf 87' lang='lat' dir='ltr'><strong>ut</strong></span> <span class='ocrx_word' id='word_1_209' title='bbox 566 3605 837 3660; x_wconf 70' lang='lat' dir='ltr'><strong>Ciceronis</strong></span> <span class='ocrx_word' id='word_1_210' title='bbox 877 3606 913 3653; x_wconf 91' lang='lat' dir='ltr'><strong>l.</strong></span> <span class='ocrx_word' id='word_1_211' title='bbox 954 3608 1005 3653; x_wconf 83' lang='grc'><strong>7.</strong></span> <span class='ocrx_word' id='word_1_212' title='bbox 1035 3601 1200 3669; x_wconf 78' lang='lat' dir='ltr'><strong>epist.¹</strong></span> <span class='ocrx_word' id='word_1_213' title='bbox 1242 3609 1321 3656; x_wconf 90' lang='grc'><strong>11.</strong></span> <span class='ocrx_word' id='word_1_214' title='bbox 1355 3606 1534 3657; x_wconf 85' lang='lat' dir='ltr'><strong>‘Mira</strong></span> 
     </span>
     <span class='ocr_line' id='line_1_43' title="bbox 458 3681 1533 3746; baseline 0.002 -16"><span class='ocrx_word' id='word_1_215' title='bbox 458 3681 598 3730; x_wconf 89' lang='lat' dir='ltr'><strong>enim</strong></span> <span class='ocrx_word' id='word_1_216' title='bbox 618 3695 838 3745; x_wconf 88' lang='lat' dir='ltr'><strong>persona</strong></span> <span class='ocrx_word' id='word_1_217' title='bbox 873 3681 1053 3731; x_wconf 83' lang='lat' dir='ltr'><strong>induci</strong></span> <span class='ocrx_word' id='word_1_218' title='bbox 1089 3688 1268 3746; x_wconf 88' lang='lat' dir='ltr'><strong>potest</strong></span> <span class='ocrx_word' id='word_1_219' title='bbox 1289 3682 1533 3732; x_wconf 83' lang='lat' dir='ltr'><strong>Britanni</strong></span> 
     </span>
     <span class='ocr_line' id='line_1_44' title="bbox 447 3757 1530 3820; baseline 0.003 -14"><span class='ocrx_word' id='word_1_220' title='bbox 447 3757 833 3820; x_wconf 84' lang='lat' dir='ltr'><strong>jureconsulti.’</strong></span> <span class='ocrx_word' id='word_1_221' title='bbox 864 3761 938 3808; x_wconf 93' lang='lat' dir='ltr'><strong>Et</strong></span> <span class='ocrx_word' id='word_1_222' title='bbox 953 3759 1188 3808; x_wconf 89' lang='lat' dir='ltr'><strong>Suetonii</strong></span> <span class='ocrx_word' id='word_1_223' title='bbox 1211 3759 1262 3808; x_wconf 90' lang='lat' dir='ltr'><strong>in</strong></span> <span class='ocrx_word' id='word_1_224' title='bbox 1282 3760 1529 3809; x_wconf 85' lang='lat' dir='ltr'><strong>Nerone·</strong></span> <span class='ocrx_word' id='word_1_225' title='bbox 1514 3794 1530 3809; x_wconf 91' lang='lat'><strong>.</strong></span> 
     </span>
     <span class='ocr_line' id='line_1_45' title="bbox 455 3832 1534 3899; baseline 0.001 -16"><span class='ocrx_word' id='word_1_226' title='bbox 455 3835 473 3862; x_wconf 89' lang='lat'>‘</span> <span class='ocrx_word' id='word_1_227' title='bbox 490 3832 719 3885; x_wconf 86' lang='lat' dir='ltr'><strong>Inducta</strong></span> <span class='ocrx_word' id='word_1_228' title='bbox 739 3843 824 3885; x_wconf 91' lang='lat' dir='ltr'><strong>est</strong></span> <span class='ocrx_word' id='word_1_229' title='bbox 846 3842 904 3885; x_wconf 92' lang='lat' dir='ltr'><strong>et</strong></span> <span class='ocrx_word' id='word_1_230' title='bbox 936 3833 1144 3885; x_wconf 89' lang='lat' dir='ltr'><strong>Afranii</strong></span> <span class='ocrx_word' id='word_1_231' title='bbox 1178 3842 1382 3899; x_wconf 83' lang='lat' dir='ltr'><strong>togata,</strong></span> <span class='ocrx_word' id='word_1_232' title='bbox 1415 3849 1534 3899; x_wconf 78' lang='lat' dir='ltr'><strong>quae</strong></span> 
     </span>
     <span class='ocr_line' id='line_1_46' title="bbox 461 3911 1535 3963; baseline -0.001 -1"><span class='ocrx_word' id='word_1_233' title='bbox 461 3912 768 3962; x_wconf 88' lang='lat' dir='ltr'><strong>Incendium</strong></span> <span class='ocrx_word' id='word_1_234' title='bbox 834 3911 1175 3963; x_wconf 65' lang='lat' dir='ltr'><strong>inscribitur!</strong></span> <span class='ocrx_word' id='word_1_235' title='bbox 1251 3913 1535 3962; x_wconf 76' lang='lat' dir='ltr'><strong>Gronovius.</strong></span> 
     </span>
     <span class='ocr_line' id='line_1_47' title="bbox 460 3989 1539 4055; baseline 0 -17"><span class='ocrx_word' id='word_1_236' title='bbox 460 3990 659 4055; x_wconf 69' lang='lat' dir='ltr'><strong>Tagum]</strong></span> <span class='ocrx_word' id='word_1_237' title='bbox 693 3991 800 4039; x_wconf 90' lang='lat' dir='ltr'><strong>Per</strong></span> <span class='ocrx_word' id='word_1_238' title='bbox 834 3991 851 4019; x_wconf 91' lang='lat'>‘</span> <span class='ocrx_word' id='word_1_239' title='bbox 870 3989 1076 4053; x_wconf 85' lang='lat' dir='ltr'><strong>togam’</strong></span> <span class='ocrx_word' id='word_1_240' title='bbox 1112 3989 1316 4053; x_wconf 87' lang='lat' dir='ltr'><strong>tropice</strong></span> <span class='ocrx_word' id='word_1_241' title='bbox 1333 4004 1539 4052; x_wconf 81' lang='lat' dir='ltr'><strong>prosam</strong></span> 
     </span>
     <span class='ocr_line' id='line_1_48' title="bbox 458 4057 1540 4131; baseline -0.001 -14"><span class='ocrx_word' id='word_1_242' title='bbox 458 4067 570 4117; x_wconf 83' lang='lat' dir='ltr'><strong>sive</strong></span> <span class='ocrx_word' id='word_1_243' title='bbox 595 4070 817 4118; x_wconf 84' lang='lat' dir='ltr'><strong>solutam</strong></span> <span class='ocrx_word' id='word_1_244' title='bbox 839 4057 898 4117; x_wconf 85' lang='lat' dir='ltr'><strong>et</strong></span> <span class='ocrx_word' id='word_1_245' title='bbox 916 4069 1136 4119; x_wconf 84' lang='lat' dir='ltr'><strong>liberam</strong></span> <span class='ocrx_word' id='word_1_246' title='bbox 1158 4067 1406 4131; x_wconf 85' lang='lat' dir='ltr'><strong>intelligit</strong></span> <span class='ocrx_word' id='word_1_247' title='bbox 1424 4082 1540 4117; x_wconf 88' lang='lat' dir='ltr'><strong>ora-</strong></span> 
     </span>
     <span class='ocr_line' id='line_1_49' title="bbox 460 4143 1542 4209; baseline 0 -16"><span class='ocrx_word' id='word_1_248' title='bbox 460 4143 678 4194; x_wconf 86' lang='lat' dir='ltr'><strong>tionem:</strong></span> <span class='ocrx_word' id='word_1_249' title='bbox 738 4160 832 4209; x_wconf 85' lang='lat' dir='ltr'><strong>per</strong></span> <span class='ocrx_word' id='word_1_250' title='bbox 880 4146 1186 4196; x_wconf 87' lang='lat' dir='ltr'><strong>‘saltantem</strong></span> <span class='ocrx_word' id='word_1_251' title='bbox 1232 4156 1542 4209; x_wconf 86' lang='lat' dir='ltr'><strong>personam,</strong></span> 
     </span>
     <span class='ocr_line' id='line_1_50' title="bbox 461 4222 1540 4288; baseline 0.002 -18"><span class='ocrx_word' id='word_1_252' title='bbox 461 4222 726 4286; x_wconf 71' lang='lat' dir='ltr'><strong>poemata.</strong></span> <span class='ocrx_word' id='word_1_253' title='bbox 793 4223 1066 4273; x_wconf 90' lang='lat' dir='ltr'><strong>Saltantur</strong></span> <span class='ocrx_word' id='word_1_254' title='bbox 1086 4223 1326 4288; x_wconf 66' lang='lat' dir='ltr'><strong>poemata</strong></span> <span class='ocrx_word' id='word_1_255' title='bbox 1347 4224 1413 4273; x_wconf 83' lang='lat' dir='ltr'><strong>in&#39;</strong></span> <span class='ocrx_word' id='word_1_256' title='bbox 1427 4235 1540 4272; x_wconf 84' lang='lat' dir='ltr'><strong>ves-</strong></span> 
     </span>
     <span class='ocr_line' id='line_1_51' title="bbox 466 4301 887 4352; baseline 0.002 -2"><span class='ocrx_word' id='word_1_257' title='bbox 466 4301 606 4351; x_wconf 87' lang='lat' dir='ltr'><strong>tibus</strong></span> <span class='ocrx_word' id='word_1_258' title='bbox 642 4301 887 4352; x_wconf 81' lang='lat' dir='ltr'><strong>scenicis:</strong></span> 
     </span>
    </p>
   </div>
   <div class='ocr_carea' id='block_1_3' title="bbox 1074 2909 1556 2976">
    <p class='ocr_par' dir='ltr' id='par_1_7' title="bbox 1074 2909 1556 2976">
     <span class='ocr_line' id='line_1_52' title="bbox 1074 2909 1556 2976; baseline 0 -15"><span class='ocrx_word' id='word_1_259' title='bbox 1074 2915 1091 2940; x_wconf 89' lang='lat'>‘</span> <span class='ocrx_word' id='word_1_260' title='bbox 1110 2919 1261 2962; x_wconf 85' lang='lat' dir='ltr'><strong>scuta</strong></span> <span class='ocrx_word' id='word_1_261' title='bbox 1273 2909 1534 2976; x_wconf 84' lang='lat' dir='ltr'><strong>pellibus,’</strong></span> <span class='ocrx_word' id='word_1_262' title='bbox 1553 2913 1556 2914; x_wconf 45' lang='lat'><em>⁷</em></span> 
     </span>
    </p>
   </div>
   <div class='ocr_carea' id='block_1_4' title="bbox 926 4302 1544 4367">
    <p class='ocr_par' dir='ltr' id='par_1_8' title="bbox 926 4302 1544 4367">
     <span class='ocr_line' id='line_1_53' title="bbox 926 4302 1544 4367; baseline 0 -15"><span class='ocrx_word' id='word_1_263' title='bbox 926 4316 1080 4367; x_wconf 87' lang='lat' dir='ltr'><strong>prosa</strong></span> <span class='ocrx_word' id='word_1_264' title='bbox 1118 4302 1289 4353; x_wconf 87' lang='lat' dir='ltr'><strong>oratio</strong></span> <span class='ocrx_word' id='word_1_265' title='bbox 1322 4303 1544 4354; x_wconf 87' lang='lat' dir='ltr'><strong>habetur</strong></span> 
     </span>
    </p>
   </div>
   <div class='ocr_carea' id='block_1_5' title="bbox 1132 370 1933 441">
    <p class='ocr_par' dir='ltr' id='par_1_9' title="bbox 1132 370 1933 441">
     <span class='ocr_line' id='line_1_54' title="bbox 1132 370 1933 441; baseline -0.002 -20"><span class='ocrx_word' id='word_1_266' title='bbox 1132 371 1348 421; x_wconf 70' lang='lat' dir='ltr'><strong>no&#39;rAE</strong></span> <span class='ocrx_word' id='word_1_267' title='bbox 1402 370 1830 441; x_wconf 55' lang='lat' dir='ltr'><strong>VARIQRUM‘.</strong></span> <span class='ocrx_word' id='word_1_268' title='bbox 1851 371 1933 419; x_wconf 77' lang='lat' dir='ltr'><strong>m</strong></span> 
     </span>
    </p>
   </div>
   <div class='ocr_carea' id='block_1_6' title="bbox 1587 513 2670 1803">
    <p class='ocr_par' dir='ltr' id='par_1_10' title="bbox 1587 513 2670 1184">
     <span class='ocr_line' id='line_1_55' title="bbox 1590 513 2651 579; baseline 0 -15"><span class='ocrx_word' id='word_1_269' title='bbox 1590 521 1685 565; x_wconf 83' lang='lat' dir='ltr'><strong>aut</strong></span> <span class='ocrx_word' id='word_1_270' title='bbox 1704 514 1962 566; x_wconf 85' lang='lat' dir='ltr'><strong>recitatur</strong></span> <span class='ocrx_word' id='word_1_271' title='bbox 1980 514 2036 565; x_wconf 89' lang='lat' dir='ltr'><strong>iu</strong></span> <span class='ocrx_word' id='word_1_272' title='bbox 2058 518 2200 578; x_wconf 69' lang='lat' dir='ltr'><strong>toga.</strong></span> <span class='ocrx_word' id='word_1_273' title='bbox 2264 513 2370 565; x_wconf 82' lang='lat' dir='ltr'><strong>Sed</strong></span> <span class='ocrx_word' id='word_1_274' title='bbox 2393 522 2532 579; x_wconf 69' lang='lat' dir='ltr'><strong>togae</strong></span> <span class='ocrx_word' id='word_1_275' title='bbox 2554 514 2651 565; x_wconf 76' lang='lat' dir='ltr'><strong>iuae</strong></span> 
     </span>
     <span class='ocr_line' id='line_1_56' title="bbox 1591 590 2656 656; baseline -0.001 -16"><span class='ocrx_word' id='word_1_276' title='bbox 1591 590 1748 642; x_wconf 80' lang='lat' dir='ltr'><strong>dlctae</strong></span> <span class='ocrx_word' id='word_1_277' title='bbox 1765 591 2070 656; x_wconf 84' lang='lat' dir='ltr'><strong>improprie,</strong></span> <span class='ocrx_word' id='word_1_278' title='bbox 2088 591 2199 640; x_wconf 84' lang='lat' dir='ltr'><strong>sive</strong></span> <span class='ocrx_word' id='word_1_279' title='bbox 2216 596 2352 655; x_wconf 78' lang='lat' dir='ltr'><strong>togae</strong></span> <span class='ocrx_word' id='word_1_280' title='bbox 2369 591 2471 641; x_wconf 79' lang='lat' dir='ltr'><strong>illae</strong></span> <span class='ocrx_word' id='word_1_281' title='bbox 2493 590 2656 640; x_wconf 86' lang='lat' dir='ltr'><strong>mimi·</strong></span> 
     </span>
     <span class='ocr_line' id='line_1_57' title="bbox 1590 667 2654 731; baseline -0.002 -13"><span class='ocrx_word' id='word_1_282' title='bbox 1590 683 1689 730; x_wconf 82' lang='lat' dir='ltr'><strong>cae,</strong></span> <span class='ocrx_word' id='word_1_283' title='bbox 1710 668 1917 717; x_wconf 87' lang='lat' dir='ltr'><strong>consuti</strong></span> <span class='ocrx_word' id='word_1_284' title='bbox 1952 683 2017 719; x_wconf 72' lang='lat' dir='ltr'><strong>ex</strong></span> <span class='ocrx_word' id='word_1_285' title='bbox 2059 668 2346 731; x_wconf 80' lang='lat' dir='ltr'><strong>panniculis</strong></span> <span class='ocrx_word' id='word_1_286' title='bbox 2381 667 2654 717; x_wconf 84' lang='lat' dir='ltr'><strong>versicolo-</strong></span> 
     </span>
     <span class='ocr_line' id='line_1_58' title="bbox 1589 743 2654 811; baseline 0.002 -19"><span class='ocrx_word' id='word_1_287' title='bbox 1589 743 1680 793; x_wconf 88' lang='lat' dir='ltr'><strong>riis</strong></span> <span class='ocrx_word' id='word_1_288' title='bbox 1704 752 1972 794; x_wconf 84' lang='lat' dir='ltr'><strong>centones.</strong></span> <span class='ocrx_word' id='word_1_289' title='bbox 2018 744 2255 811; x_wconf 83' lang='lat' dir='ltr'><strong>Sceuicae</strong></span> <span class='ocrx_word' id='word_1_290' title='bbox 2272 758 2461 809; x_wconf 84' lang='lat' dir='ltr'><strong>nempe</strong></span> <span class='ocrx_word' id='word_1_291' title='bbox 2484 753 2654 794; x_wconf 82' lang='lat' dir='ltr'><strong>vestes</strong></span> 
     </span>
     <span class='ocr_line' id='line_1_59' title="bbox 1588 818 2658 886; baseline 0 -15"><span class='ocrx_word' id='word_1_292' title='bbox 1588 821 1643 871; x_wconf 77' lang='grc' dir='ltr'><strong>ἐκ</strong></span> <span class='ocrx_word' id='word_1_293' title='bbox 1678 821 1829 884; x_wconf 76' lang='grc' dir='ltr'><strong><em>ῥακῶν</em></strong></span> <span class='ocrx_word' id='word_1_294' title='bbox 1868 818 1992 870; x_wconf 72' lang='grc' dir='ltr'><strong>πάνυ</strong></span> <span class='ocrx_word' id='word_1_295' title='bbox 2027 821 2229 872; x_wconf 79' lang='grc' dir='ltr'><strong>εὐτελῶν</strong></span> <span class='ocrx_word' id='word_1_296' title='bbox 2267 821 2658 886; x_wconf 50' lang='lat' dir='ltr'><strong>mammaeam,</strong></span> 
     </span>
     <span class='ocr_line' id='line_1_60' title="bbox 1587 901 2661 964; baseline 0.003 -15"><span class='ocrx_word' id='word_1_297' title='bbox 1587 915 1651 950; x_wconf 78' lang='lat' dir='ltr'><strong>ex</strong></span> <span class='ocrx_word' id='word_1_298' title='bbox 1669 901 1841 950; x_wconf 70' lang='lat' dir='ltr'><strong>vilibus</strong></span> <span class='ocrx_word' id='word_1_299' title='bbox 1858 902 2106 953; x_wconf 62' lang='lat' dir='ltr'><strong>Minodum</strong></span> <span class='ocrx_word' id='word_1_300' title='bbox 2116 901 2288 964; x_wconf 76' lang='lat' dir='ltr'><strong>pannis</strong></span> <span class='ocrx_word' id='word_1_301' title='bbox 2305 902 2518 952; x_wconf 81' lang='lat' dir='ltr'><strong>concisoe.</strong></span> <span class='ocrx_word' id='word_1_302' title='bbox 2552 902 2661 952; x_wconf 88' lang='lat' dir='ltr'><strong>No-</strong></span> 
     </span>
     <span class='ocr_line' id='line_1_61' title="bbox 1587 977 2658 1044; baseline 0.002 -17"><span class='ocrx_word' id='word_1_303' title='bbox 1587 977 1730 1028; x_wconf 86' lang='lat' dir='ltr'><strong>luere</strong></span> <span class='ocrx_word' id='word_1_304' title='bbox 1743 978 1880 1028; x_wconf 89' lang='lat' dir='ltr'><strong>enim</strong></span> <span class='ocrx_word' id='word_1_305' title='bbox 1902 978 2136 1033; x_wconf 79' lang='lat' dir='ltr'><strong>Quirites</strong></span> <span class='ocrx_word' id='word_1_306' title='bbox 2159 986 2334 1042; x_wconf 80' lang='lat' dir='ltr'><strong>togam</strong></span> <span class='ocrx_word' id='word_1_307' title='bbox 2358 993 2520 1042; x_wconf 86' lang='lat' dir='ltr'><strong>suam,</strong></span> <span class='ocrx_word' id='word_1_308' title='bbox 2541 994 2658 1044; x_wconf 83' lang='lat' dir='ltr'><strong>quae</strong></span> 
     </span>
     <span class='ocr_line' id='line_1_62' title="bbox 1588 1055 2670 1120; baseline -0.003 -16"><span class='ocrx_word' id='word_1_309' title='bbox 1588 1062 1715 1106; x_wconf 91' lang='lat' dir='ltr'><strong>nota</strong></span> <span class='ocrx_word' id='word_1_310' title='bbox 1738 1055 1950 1120; x_wconf 88' lang='lat' dir='ltr'><strong>propria</strong></span> <span class='ocrx_word' id='word_1_311' title='bbox 1970 1056 2220 1118; x_wconf 85' lang='lat' dir='ltr'><strong>civitatis,</strong></span> <span class='ocrx_word' id='word_1_312' title='bbox 2236 1055 2529 1106; x_wconf 84' lang='lat' dir='ltr'><strong>actionibus</strong></span> <span class='ocrx_word' id='word_1_313' title='bbox 2549 1070 2670 1106; x_wconf 86' lang='lat' dir='ltr'><strong>sce·.</strong></span> 
     </span>
     <span class='ocr_line' id='line_1_63' title="bbox 1589 1132 2360 1184; baseline 0 -1"><span class='ocrx_word' id='word_1_314' title='bbox 1589 1133 1723 1184; x_wconf 88' lang='lat' dir='ltr'><strong>nicis</strong></span> <span class='ocrx_word' id='word_1_315' title='bbox 1740 1132 2085 1183; x_wconf 81' lang='lat' dir='ltr'><strong>dehonestari.</strong></span> <span class='ocrx_word' id='word_1_316' title='bbox 2120 1133 2360 1183; x_wconf 80' lang='lat' dir='ltr'><strong>Masamb.</strong></span> 
     </span>
    </p>

    <p class='ocr_par' dir='ltr' id='par_1_11' title="bbox 1590 1209 2665 1572">
     <span class='ocr_line' id='line_1_64' title="bbox 1655 1209 2660 1279; baseline -0.003 -18"><span class='ocrx_word' id='word_1_317' title='bbox 1655 1212 1873 1275; x_wconf 74' lang='lat' dir='ltr'><strong>Denique</strong></span> <span class='ocrx_word' id='word_1_318' title='bbox 1907 1210 2117 1279; x_wconf 30' lang='lat' dir='ltr'><strong>,vider-is,</strong></span> <span class='ocrx_word' id='word_1_319' title='bbox 2176 1210 2286 1275; x_wconf 55' lang='grc' dir='ltr'><strong>ξω]</strong></span> <span class='ocrx_word' id='word_1_320' title='bbox 2360 1209 2550 1275; x_wconf 85' lang='lat' dir='ltr'><strong>Neque</strong></span> <span class='ocrx_word' id='word_1_321' title='bbox 2608 1215 2660 1259; x_wconf 84' lang='lat' dir='ltr'><strong>te</strong></span> 
     </span>
     <span class='ocr_line' id='line_1_65' title="bbox 1591 1285 2661 1353; baseline -0.005 -14"><span class='ocrx_word' id='word_1_322' title='bbox 1591 1295 1746 1353; x_wconf 87' lang='lat' dir='ltr'><strong>putes</strong></span> <span class='ocrx_word' id='word_1_323' title='bbox 1764 1288 1986 1353; x_wconf 87' lang='lat' dir='ltr'><strong>epistola</strong></span> <span class='ocrx_word' id='word_1_324' title='bbox 2018 1286 2181 1352; x_wconf 84' lang='lat' dir='ltr'><strong>magis</strong></span> <span class='ocrx_word' id='word_1_325' title='bbox 2205 1286 2455 1337; x_wconf 89' lang='lat' dir='ltr'><strong>munitum</strong></span> <span class='ocrx_word' id='word_1_326' title='bbox 2479 1285 2661 1335; x_wconf 87' lang='lat' dir='ltr'><strong>adver-</strong></span> 
     </span>
     <span class='ocr_line' id='line_1_66' title="bbox 1590 1362 2664 1431; baseline -0.005 -15"><span class='ocrx_word' id='word_1_327' title='bbox 1590 1381 1678 1417; x_wconf 84' lang='lat' dir='ltr'><strong>sus</strong></span> <span class='ocrx_word' id='word_1_328' title='bbox 1701 1366 2002 1423; x_wconf 85' lang='lat' dir='ltr'><strong>maledicos,</strong></span> <span class='ocrx_word' id='word_1_329' title='bbox 2024 1379 2176 1431; x_wconf 88' lang='lat' dir='ltr'><strong>quam</strong></span> <span class='ocrx_word' id='word_1_330' title='bbox 2200 1365 2244 1415; x_wconf 91' lang='lat' dir='ltr'><strong>si</strong></span> <span class='ocrx_word' id='word_1_331' title='bbox 2266 1365 2380 1430; x_wconf 87' lang='lat' dir='ltr'><strong>quis</strong></span> <span class='ocrx_word' id='word_1_332' title='bbox 2408 1362 2664 1428; x_wconf 84' lang='lat' dir='ltr'><strong>myrmillo</strong></span> 
     </span>
     <span class='ocr_line' id='line_1_67' title="bbox 1591 1440 2665 1505; baseline -0.004 -13"><span class='ocrx_word' id='word_1_333' title='bbox 1591 1448 1777 1493; x_wconf 91' lang='lat' dir='ltr'><strong>contra</strong></span> <span class='ocrx_word' id='word_1_334' title='bbox 1795 1442 2064 1499; x_wconf 85' lang='lat' dir='ltr'><strong>retiarium</strong></span> <span class='ocrx_word' id='word_1_335' title='bbox 2085 1440 2257 1492; x_wconf 86' lang='lat' dir='ltr'><strong>ferula</strong></span> <span class='ocrx_word' id='word_1_336' title='bbox 2277 1455 2374 1505; x_wconf 91' lang='lat' dir='ltr'><strong>pro</strong></span> <span class='ocrx_word' id='word_1_337' title='bbox 2390 1453 2519 1490; x_wconf 85' lang='lat' dir='ltr'><strong>ense</strong></span> <span class='ocrx_word' id='word_1_338' title='bbox 2539 1453 2665 1505; x_wconf 82' lang='lat' dir='ltr'><strong>pug-</strong></span> 
     </span>
     <span class='ocr_line' id='line_1_68' title="bbox 1593 1526 1766 1572; baseline 0.006 -2"><span class='ocrx_word' id='word_1_339' title='bbox 1593 1526 1766 1572; x_wconf 87' lang='lat' dir='ltr'><strong>naret.</strong></span> 
     </span>
    </p>

    <p class='ocr_par' dir='ltr' id='par_1_12' title="bbox 1598 1596 2670 1803">
     <span class='ocr_line' id='line_1_69' title="bbox 1664 1596 2666 1662; baseline -0.004 -13"><span class='ocrx_word' id='word_1_340' title='bbox 1664 1600 1774 1661; x_wconf 76' lang='lat' dir='ltr'><strong>Ego</strong></span> <span class='ocrx_word' id='word_1_341' title='bbox 1829 1598 1972 1662; x_wconf 77' lang='lat' dir='ltr'><strong>inter,</strong></span> <span class='ocrx_word' id='word_1_342' title='bbox 2012 1596 2125 1662; x_wconf 56' lang='lat' dir='ltr'><strong>&amp;od</strong></span> <span class='ocrx_word' id='word_1_343' title='bbox 2171 1598 2266 1648; x_wconf 69' lang='lat' dir='ltr'><strong>Ut,</strong></span> <span class='ocrx_word' id='word_1_344' title='bbox 2286 1596 2424 1647; x_wconf 87' lang='lat' dir='ltr'><strong>enim</strong></span> <span class='ocrx_word' id='word_1_345' title='bbox 2462 1601 2666 1660; x_wconf 84' lang='lat' dir='ltr'><strong>specta-</strong></span> 
     </span>
     <span class='ocr_line' id='line_1_70' title="bbox 1598 1671 2670 1740; baseline -0.007 -14"><span class='ocrx_word' id='word_1_346' title='bbox 1598 1681 1737 1726; x_wconf 85' lang='lat' dir='ltr'><strong>tores</strong></span> <span class='ocrx_word' id='word_1_347' title='bbox 1776 1674 2049 1725; x_wconf 84' lang='lat' dir='ltr'><strong>illiusmodi</strong></span> <span class='ocrx_word' id='word_1_348' title='bbox 2085 1672 2427 1740; x_wconf 79' lang='lat' dir='ltr'><strong>myrmillonis</strong></span> <span class='ocrx_word' id='word_1_349' title='bbox 2449 1671 2670 1723; x_wconf 87' lang='lat' dir='ltr'><strong>inconsi-</strong></span> 
     </span>
     <span class='ocr_line' id='line_1_71' title="bbox 1598 1748 2669 1803; baseline -0.004 -2"><span class='ocrx_word' id='word_1_350' title='bbox 1598 1752 1838 1803; x_wconf 87' lang='lat' dir='ltr'><strong>deratam</strong></span> <span class='ocrx_word' id='word_1_351' title='bbox 1873 1751 2146 1801; x_wconf 86' lang='lat' dir='ltr'><strong>audaciam</strong></span> <span class='ocrx_word' id='word_1_352' title='bbox 2169 1749 2393 1800; x_wconf 85' lang='lat' dir='ltr'><strong>aversati</strong></span> <span class='ocrx_word' id='word_1_353' title='bbox 2414 1748 2669 1799; x_wconf 87' lang='lat' dir='ltr'><strong>reclama-</strong></span> 
     </span>
    </p>
   </div>
   <div class='ocr_carea' id='block_1_7' title="bbox 1589 1828 2732 1893">
    <p class='ocr_par' dir='ltr' id='par_1_13' title="bbox 1589 1828 2732 1893">
     <span class='ocr_line' id='line_1_72' title="bbox 1589 1828 2732 1893; baseline -0.003 -14"><span class='ocrx_word' id='word_1_354' title='bbox 1589 1837 1740 1892; x_wconf 81' lang='lat' dir='ltr'><strong>rent,</strong></span> <span class='ocrx_word' id='word_1_355' title='bbox 1763 1831 1835 1880; x_wconf 91' lang='lat' dir='ltr'><strong>ita</strong></span> <span class='ocrx_word' id='word_1_356' title='bbox 1859 1831 2001 1879; x_wconf 88' lang='lat' dir='ltr'><strong>inter</strong></span> <span class='ocrx_word' id='word_1_357' title='bbox 2020 1829 2148 1880; x_wconf 88' lang='lat' dir='ltr'><strong>alios</strong></span> <span class='ocrx_word' id='word_1_358' title='bbox 2165 1836 2227 1879; x_wconf 76' lang='lat' dir='ltr'><strong>&#39;et</strong></span> <span class='ocrx_word' id='word_1_359' title='bbox 2248 1843 2346 1893; x_wconf 82' lang='lat' dir='ltr'><strong>ego</strong></span> <span class='ocrx_word' id='word_1_360' title='bbox 2371 1835 2515 1877; x_wconf 90' lang='lat' dir='ltr'><strong>tuam</strong></span> <span class='ocrx_word' id='word_1_361' title='bbox 2536 1828 2669 1877; x_wconf 87' lang='lat' dir='ltr'><strong>banc</strong></span> <span class='ocrx_word' id='word_1_362' title='bbox 2729 1888 2732 1891; x_wconf 10' lang='grc' dir='ltr'>η</span> 
     </span>
    </p>
   </div>
   <div class='ocr_carea' id='block_1_8' title="bbox 1599 1903 2678 2901">
    <p class='ocr_par' dir='ltr' id='par_1_14' title="bbox 1599 1903 2673 2280">
     <span class='ocr_line' id='line_1_73' title="bbox 1599 1903 2670 1970; baseline -0.003 -13"><span class='ocrx_word' id='word_1_363' title='bbox 1599 1906 1954 1957; x_wconf 86' lang='lat' dir='ltr'><strong>temeritatem</strong></span> <span class='ocrx_word' id='word_1_364' title='bbox 1974 1907 2201 1970; x_wconf 80' lang='lat' dir='ltr'><strong>epistola</strong></span> <span class='ocrx_word' id='word_1_365' title='bbox 2234 1907 2532 1956; x_wconf 83' lang='lat' dir='ltr'><strong>nullatenus</strong></span> <span class='ocrx_word' id='word_1_366' title='bbox 2561 1903 2670 1954; x_wconf 89' lang='lat' dir='ltr'><strong>effi-</strong></span> 
     </span>
     <span class='ocr_line' id='line_1_74' title="bbox 1601 1982 2669 2047; baseline -0.001 -14"><span class='ocrx_word' id='word_1_367' title='bbox 1601 1983 1715 2033; x_wconf 89' lang='lat' dir='ltr'><strong>caci</strong></span> <span class='ocrx_word' id='word_1_368' title='bbox 1738 1991 1793 2033; x_wconf 87' lang='lat' dir='ltr'><strong>te</strong></span> <span class='ocrx_word' id='word_1_369' title='bbox 1834 1982 2119 2033; x_wconf 81' lang='lat' dir='ltr'><strong>defendere</strong></span> <span class='ocrx_word' id='word_1_370' title='bbox 2147 1984 2405 2034; x_wconf 87' lang='lat' dir='ltr'><strong>conantis.</strong></span> <span class='ocrx_word' id='word_1_371' title='bbox 2473 1984 2551 2034; x_wconf 91' lang='lat' dir='ltr'><strong>Ut</strong></span> <span class='ocrx_word' id='word_1_372' title='bbox 2582 1998 2669 2047; x_wconf 89' lang='lat' dir='ltr'><strong>pa-</strong></span> 
     </span>
     <span class='ocr_line' id='line_1_75' title="bbox 1602 2061 2670 2124; baseline 0.001 -14"><span class='ocrx_word' id='word_1_373' title='bbox 1602 2075 1714 2110; x_wconf 86' lang='lat' dir='ltr'><strong>rum</strong></span> <span class='ocrx_word' id='word_1_374' title='bbox 1774 2061 1828 2110; x_wconf 92' lang='lat' dir='ltr'><strong>in</strong></span> <span class='ocrx_word' id='word_1_375' title='bbox 1872 2061 2044 2111; x_wconf 83' lang='lat' dir='ltr'><strong>ferula</strong></span> <span class='ocrx_word' id='word_1_376' title='bbox 2086 2061 2335 2112; x_wconf 85' lang='lat' dir='ltr'><strong>adversus</strong></span> <span class='ocrx_word' id='word_1_377' title='bbox 2379 2061 2670 2124; x_wconf 87' lang='lat' dir='ltr'><strong>retiarium,</strong></span> 
     </span>
     <span class='ocr_line' id='line_1_76' title="bbox 1604 2138 2673 2203; baseline 0 -15"><span class='ocrx_word' id='word_1_378' title='bbox 1604 2140 1678 2189; x_wconf 89' lang='lat' dir='ltr'><strong>sic</strong></span> <span class='ocrx_word' id='word_1_379' title='bbox 1700 2152 1879 2202; x_wconf 84' lang='lat' dir='ltr'><strong>parum</strong></span> <span class='ocrx_word' id='word_1_380' title='bbox 1900 2139 1954 2188; x_wconf 88' lang='lat' dir='ltr'><strong>in</strong></span> <span class='ocrx_word' id='word_1_381' title='bbox 1989 2138 2214 2203; x_wconf 85' lang='lat' dir='ltr'><strong>epistola</strong></span> <span class='ocrx_word' id='word_1_382' title='bbox 2241 2139 2493 2190; x_wconf 81' lang='lat' dir='ltr'><strong>adversus</strong></span> <span class='ocrx_word' id='word_1_383' title='bbox 2517 2153 2673 2189; x_wconf 65' lang='lat' dir='ltr'><strong>aemu-</strong></span> 
     </span>
     <span class='ocr_line' id='line_1_77' title="bbox 1604 2215 2546 2280; baseline -0.001 -14"><span class='ocrx_word' id='word_1_384' title='bbox 1604 2217 1681 2266; x_wconf 94' lang='lat' dir='ltr'><strong>los</strong></span> <span class='ocrx_word' id='word_1_385' title='bbox 1706 2222 1760 2265; x_wconf 89' lang='lat' dir='ltr'><strong>et</strong></span> <span class='ocrx_word' id='word_1_386' title='bbox 1784 2216 2166 2267; x_wconf 86' lang='lat' dir='ltr'><strong>obtrectatores</strong></span> <span class='ocrx_word' id='word_1_387' title='bbox 2192 2215 2424 2280; x_wconf 65' lang='lat' dir='ltr'><strong>praesidii</strong></span> <span class='ocrx_word' id='word_1_388' title='bbox 2450 2223 2546 2266; x_wconf 88' lang='lat' dir='ltr'><strong>est.</strong></span> 
     </span>
    </p>

    <p class='ocr_par' dir='ltr' id='par_1_15' title="bbox 1603 2289 2677 2670">
     <span class='ocr_line' id='line_1_78' title="bbox 1671 2289 2671 2358; baseline -0.004 -15"><span class='ocrx_word' id='word_1_389' title='bbox 1671 2295 1801 2343; x_wconf 75' lang='lat' dir='ltr'><strong>Puto</strong></span> <span class='ocrx_word' id='word_1_390' title='bbox 1838 2309 1930 2358; x_wconf 83' lang='lat' dir='ltr'><strong>me,</strong></span> <span class='ocrx_word' id='word_1_391' title='bbox 1980 2293 2089 2356; x_wconf 62' lang='lat' dir='ltr'><strong>fisa]</strong></span> <span class='ocrx_word' id='word_1_392' title='bbox 2137 2293 2447 2356; x_wconf 89' lang='lat' dir='ltr'><strong>Respondet</strong></span> <span class='ocrx_word' id='word_1_393' title='bbox 2488 2289 2671 2341; x_wconf 82' lang='lat' dir='ltr'><strong>Marti-</strong></span> 
     </span>
     <span class='ocr_line' id='line_1_79' title="bbox 1605 2369 2673 2434; baseline -0.006 -12"><span class='ocrx_word' id='word_1_394' title='bbox 1605 2373 1734 2428; x_wconf 81' lang='lat' dir='ltr'><strong>alis:</strong></span> <span class='ocrx_word' id='word_1_395' title='bbox 1767 2374 1782 2400; x_wconf 91' lang='lat'>‘</span> <span class='ocrx_word' id='word_1_396' title='bbox 1801 2374 1873 2422; x_wconf 87' lang='lat' dir='ltr'><strong>Et</strong></span> <span class='ocrx_word' id='word_1_397' title='bbox 1896 2386 2021 2422; x_wconf 86' lang='lat' dir='ltr'><strong>sane</strong></span> <span class='ocrx_word' id='word_1_398' title='bbox 2047 2372 2349 2434; x_wconf 85' lang='lat' dir='ltr'><strong>perlongam</strong></span> <span class='ocrx_word' id='word_1_399' title='bbox 2384 2369 2673 2433; x_wconf 82' lang='lat' dir='ltr'><strong>scripturus</strong></span> 
     </span>
     <span class='ocr_line' id='line_1_80' title="bbox 1603 2446 2676 2514; baseline -0.006 -14"><span class='ocrx_word' id='word_1_400' title='bbox 1603 2464 1745 2500; x_wconf 89' lang='lat' dir='ltr'><strong>eram</strong></span> <span class='ocrx_word' id='word_1_401' title='bbox 1790 2449 2094 2514; x_wconf 78' lang='lat' dir='ltr'><strong>epistolam3</strong></span> <span class='ocrx_word' id='word_1_402' title='bbox 2142 2448 2234 2499; x_wconf 88' lang='lat' dir='ltr'><strong>sed</strong></span> <span class='ocrx_word' id='word_1_403' title='bbox 2273 2462 2305 2497; x_wconf 91' lang='lat' dir='ltr'><strong>a</strong></span> <span class='ocrx_word' id='word_1_404' title='bbox 2344 2453 2399 2496; x_wconf 85' lang='lat' dir='ltr'><strong>te</strong></span> <span class='ocrx_word' id='word_1_405' title='bbox 2430 2446 2676 2507; x_wconf 83' lang='lat' dir='ltr'><strong>monitus,</strong></span> 
     </span>
     <span class='ocr_line' id='line_1_81' title="bbox 1603 2527 2677 2595; baseline -0.006 -16"><span class='ocrx_word' id='word_1_406' title='bbox 1603 2529 1875 2580; x_wconf 84' lang='lat' dir='ltr'><strong>consilium</strong></span> <span class='ocrx_word' id='word_1_407' title='bbox 1891 2537 2055 2590; x_wconf 87' lang='lat' dir='ltr'><strong>muto,</strong></span> <span class='ocrx_word' id='word_1_408' title='bbox 2068 2543 2240 2595; x_wconf 80' lang='lat' dir='ltr'><strong>neque</strong></span> <span class='ocrx_word' id='word_1_409' title='bbox 2251 2528 2507 2578; x_wconf 89' lang='lat' dir='ltr'><strong>lectorem</strong></span> <span class='ocrx_word' id='word_1_410' title='bbox 2525 2527 2677 2589; x_wconf 82' lang='lat' dir='ltr'><strong>longa</strong></span> 
     </span>
     <span class='ocr_line' id='line_1_82' title="bbox 1605 2604 2123 2670; baseline 0.002 -15"><span class='ocrx_word' id='word_1_411' title='bbox 1605 2606 1833 2670; x_wconf 89' lang='lat' dir='ltr'><strong>epistola</strong></span> <span class='ocrx_word' id='word_1_412' title='bbox 1852 2604 2123 2670; x_wconf 66' lang='lat' dir='ltr'><strong>fatigabo!</strong></span> 
     </span>
    </p>

    <p class='ocr_par' dir='ltr' id='par_1_16' title="bbox 1606 2680 2678 2901">
     <span class='ocr_line' id='line_1_83' title="bbox 1674 2680 2673 2747; baseline -0.005 -13"><span class='ocrx_word' id='word_1_413' title='bbox 1674 2685 1823 2745; x_wconf 76' lang='lat' dir='ltr'><strong>Quid,</strong></span> <span class='ocrx_word' id='word_1_414' title='bbox 1854 2686 1899 2733; x_wconf 79' lang='lat' dir='ltr'><strong>si</strong></span> <span class='ocrx_word' id='word_1_415' title='bbox 1924 2682 2071 2746; x_wconf 77' lang='lat' dir='ltr'><strong>scias]</strong></span> <span class='ocrx_word' id='word_1_416' title='bbox 2109 2682 2422 2747; x_wconf 83' lang='lat' dir='ltr'><strong>Longiorem</strong></span> <span class='ocrx_word' id='word_1_417' title='bbox 2456 2680 2555 2732; x_wconf 90' lang='lat' dir='ltr'><strong>tibi</strong></span> <span class='ocrx_word' id='word_1_418' title='bbox 2588 2695 2673 2729; x_wconf 82' lang='lat' dir='ltr'><strong>vo·</strong></span> 
     </span>
     <span class='ocr_line' id='line_1_84' title="bbox 1606 2754 2677 2823; baseline -0.007 -14"><span class='ocrx_word' id='word_1_419' title='bbox 1606 2761 1681 2810; x_wconf 88' lang='lat' dir='ltr'><strong>lui</strong></span> <span class='ocrx_word' id='word_1_420' title='bbox 1722 2759 1996 2823; x_wconf 89' lang='lat' dir='ltr'><strong>epistolam</strong></span> <span class='ocrx_word' id='word_1_421' title='bbox 2034 2757 2228 2821; x_wconf 83' lang='lat' dir='ltr'><strong>facere,</strong></span> <span class='ocrx_word' id='word_1_422' title='bbox 2281 2763 2336 2807; x_wconf 91' lang='lat' dir='ltr'><strong>et</strong></span> <span class='ocrx_word' id='word_1_423' title='bbox 2376 2757 2585 2823; x_wconf 85' lang='lat' dir='ltr'><strong>quidem</strong></span> <span class='ocrx_word' id='word_1_424' title='bbox 2630 2754 2677 2804; x_wconf 89' lang='lat' dir='ltr'><strong>si</strong></span> 
     </span>
     <span class='ocr_line' id='line_1_85' title="bbox 1606 2832 2678 2901; baseline -0.007 -14"><span class='ocrx_word' id='word_1_425' title='bbox 1606 2836 1767 2887; x_wconf 86' lang='lat' dir='ltr'><strong>scires</strong></span> <span class='ocrx_word' id='word_1_426' title='bbox 1792 2842 1989 2901; x_wconf 85' lang='lat' dir='ltr'><strong>quanta</strong></span> <span class='ocrx_word' id='word_1_427' title='bbox 2009 2850 2124 2886; x_wconf 88' lang='lat' dir='ltr'><strong>eam</strong></span> <span class='ocrx_word' id='word_1_428' title='bbox 2150 2835 2289 2885; x_wconf 86' lang='lat' dir='ltr'><strong>volui</strong></span> <span class='ocrx_word' id='word_1_429' title='bbox 2310 2848 2427 2885; x_wconf 84' lang='lat' dir='ltr'><strong>esse</strong></span> <span class='ocrx_word' id='word_1_430' title='bbox 2450 2832 2678 2897; x_wconf 85' lang='lat' dir='ltr'><strong>longitu-</strong></span> 
     </span>
    </p>
   </div>
   <div class='ocr_carea' id='block_1_9' title="bbox 1607 2911 2759 2976">
    <p class='ocr_par' dir='ltr' id='par_1_17' title="bbox 1607 2911 2759 2976">
     <span class='ocr_line' id='line_1_86' title="bbox 1607 2911 2759 2976; baseline -0.003 -14"><span class='ocrx_word' id='word_1_431' title='bbox 1607 2912 1748 2974; x_wconf 89' lang='lat' dir='ltr'><strong>dine,</strong></span> <span class='ocrx_word' id='word_1_432' title='bbox 1782 2921 1893 2962; x_wconf 85' lang='lat' dir='ltr'><strong>tum</strong></span> <span class='ocrx_word' id='word_1_433' title='bbox 1917 2911 2075 2962; x_wconf 84' lang='lat' dir='ltr'><strong>etiam</strong></span> <span class='ocrx_word' id='word_1_434' title='bbox 2110 2912 2298 2976; x_wconf 60' lang='lat' dir='ltr'><strong>magis}</strong></span> <span class='ocrx_word' id='word_1_435' title='bbox 2313 2911 2684 2974; x_wconf 55' lang='lat' dir='ltr'><strong>haecsstaliaque</strong></span> <span class='ocrx_word' id='word_1_436' title='bbox 2751 2957 2759 2967; x_wconf 68' lang='grc'>,</span> 
     </span>
    </p>
   </div>
   <div class='ocr_carea' id='block_1_10' title="bbox 1604 2988 2752 4363">
    <p class='ocr_par' dir='ltr' id='par_1_18' title="bbox 1606 2988 2681 3131">
     <span class='ocr_line' id='line_1_87' title="bbox 1606 2988 2681 3054; baseline -0.004 -15"><span class='ocrx_word' id='word_1_437' title='bbox 1606 2989 1835 3054; x_wconf 73' lang='lat' dir='ltr'><strong>diceres,</strong></span> <span class='ocrx_word' id='word_1_438' title='bbox 1849 3006 1923 3041; x_wconf 89' lang='lat' dir='ltr'><strong>sc.</strong></span> <span class='ocrx_word' id='word_1_439' title='bbox 1943 2990 2240 3053; x_wconf 87' lang='lat' dir='ltr'><strong>importune</strong></span> <span class='ocrx_word' id='word_1_440' title='bbox 2256 2988 2466 3039; x_wconf 86' lang='lat' dir='ltr'><strong>misceri</strong></span> <span class='ocrx_word' id='word_1_441' title='bbox 2488 2988 2681 3052; x_wconf 88' lang='lat' dir='ltr'><strong>episto·</strong></span> 
     </span>
     <span class='ocr_line' id='line_1_88' title="bbox 1606 3063 2641 3131; baseline -0.005 -15"><span class='ocrx_word' id='word_1_442' title='bbox 1606 3069 1682 3117; x_wconf 89' lang='lat' dir='ltr'><strong>las</strong></span> <span class='ocrx_word' id='word_1_443' title='bbox 1725 3069 1871 3131; x_wconf 88' lang='lat' dir='ltr'><strong>operi</strong></span> <span class='ocrx_word' id='word_1_444' title='bbox 1913 3068 2363 3131; x_wconf 82' lang='lat' dir='ltr'><strong>epigrammatum.</strong></span> <span class='ocrx_word' id='word_1_445' title='bbox 2399 3063 2641 3115; x_wconf 74' lang='lat' dir='ltr'><strong>Musamb.</strong></span> 
     </span>
    </p>

    <p class='ocr_par' dir='ltr' id='par_1_19' title="bbox 1604 3144 2752 3748">
     <span class='ocr_line' id='line_1_89' title="bbox 1673 3144 2681 3208; baseline -0.005 -14"><span class='ocrx_word' id='word_1_446' title='bbox 1673 3145 1834 3194; x_wconf 75' lang='lat' dir='ltr'><strong>Eme.</strong></span> <span class='ocrx_word' id='word_1_447' title='bbox 1857 3158 1896 3195; x_wconf 89' lang='lat'><strong>1.</strong></span> <span class='ocrx_word' id='word_1_448' title='bbox 1930 3149 1959 3194; x_wconf 92' lang='lat'>1</span> <span class='ocrx_word' id='word_1_449' title='bbox 1978 3146 2285 3208; x_wconf 75' lang='lat' dir='ltr'><strong>Ter-centena,</strong></span> <span class='ocrx_word' id='word_1_450' title='bbox 2307 3144 2414 3208; x_wconf 54' lang='grc' dir='ltr'><strong>ξω]</strong></span> <span class='ocrx_word' id='word_1_451' title='bbox 2450 3145 2681 3192; x_wconf 81' lang='lat' dir='ltr'><strong>Excusat</strong></span> 
     </span>
     <span class='ocr_line' id='line_1_90' title="bbox 1605 3220 2752 3287; baseline -0.003 -17"><span class='ocrx_word' id='word_1_452' title='bbox 1605 3220 1724 3271; x_wconf 85' lang='lat' dir='ltr'><strong>libri</strong></span> <span class='ocrx_word' id='word_1_453' title='bbox 1748 3221 1898 3287; x_wconf 77' lang='lat' dir='ltr'><strong>huJus</strong></span> <span class='ocrx_word' id='word_1_454' title='bbox 1930 3222 2266 3284; x_wconf 86' lang='lat' dir='ltr'><strong>brevitatem,</strong></span> <span class='ocrx_word' id='word_1_455' title='bbox 2290 3221 2379 3287; x_wconf 89' lang='lat' dir='ltr'><strong>qui</strong></span> <span class='ocrx_word' id='word_1_456' title='bbox 2399 3220 2683 3284; x_wconf 83' lang='lat' dir='ltr'><strong>nonaginta</strong></span> <span class='ocrx_word' id='word_1_457' title='bbox 2749 3247 2752 3248; x_wconf 27' lang='grc' dir='ltr'><em>ν</em></span> 
     </span>
     <span class='ocr_line' id='line_1_91' title="bbox 1604 3299 2681 3372; baseline -0.006 -23"><span class='ocrx_word' id='word_1_458' title='bbox 1604 3307 1659 3349; x_wconf 89' lang='lat' dir='ltr'><strong>et</strong></span> <span class='ocrx_word' id='word_1_459' title='bbox 1702 3300 1805 3349; x_wconf 88' lang='lat' dir='ltr'><strong>tria</strong></span> <span class='ocrx_word' id='word_1_460' title='bbox 1842 3299 2002 3372; x_wconf 79' lang='lat' dir='ltr'><strong>habet</strong></span> <span class='ocrx_word' id='word_1_461' title='bbox 2056 3300 2469 3363; x_wconf 73' lang='lat' dir='ltr'><strong>Epigrammata,</strong></span> <span class='ocrx_word' id='word_1_462' title='bbox 2524 3307 2681 3361; x_wconf 88' lang='lat' dir='ltr'><strong>quum</strong></span> 
     </span>
     <span class='ocr_line' id='line_1_92' title="bbox 1607 3367 2681 3441; baseline -0.005 -15"><span class='ocrx_word' id='word_1_463' title='bbox 1607 3371 1787 3440; x_wconf 88' lang='lat' dir='ltr'><strong>posset</strong></span> <span class='ocrx_word' id='word_1_464' title='bbox 1805 3367 1916 3441; x_wconf 83' lang='lat' dir='ltr'><strong>ipse</strong></span> <span class='ocrx_word' id='word_1_465' title='bbox 1938 3378 2159 3441; x_wconf 89' lang='lat' dir='ltr'><strong>plurima</strong></span> <span class='ocrx_word' id='word_1_466' title='bbox 2180 3374 2394 3428; x_wconf 87' lang='lat' dir='ltr'><strong>addere.</strong></span> <span class='ocrx_word' id='word_1_467' title='bbox 2459 3375 2681 3424; x_wconf 86' lang='lat' dir='ltr'><strong>Enume-</strong></span> 
     </span>
     <span class='ocr_line' id='line_1_93' title="bbox 1607 3449 2687 3503; baseline -0.008 0"><span class='ocrx_word' id='word_1_468' title='bbox 1607 3460 1691 3503; x_wconf 91' lang='lat' dir='ltr'><strong>rat</strong></span> <span class='ocrx_word' id='word_1_469' title='bbox 1712 3452 1902 3503; x_wconf 88' lang='lat' dir='ltr'><strong>deinde</strong></span> <span class='ocrx_word' id='word_1_470' title='bbox 1922 3452 2193 3503; x_wconf 84' lang='lat' dir='ltr'><strong>commoda</strong></span> <span class='ocrx_word' id='word_1_471' title='bbox 2212 3451 2468 3502; x_wconf 83' lang='lat' dir='ltr'><strong>brevioris</strong></span> <span class='ocrx_word' id='word_1_472' title='bbox 2484 3449 2648 3499; x_wconf 89' lang='lat' dir='ltr'><strong>libelli</strong></span> <span class='ocrx_word' id='word_1_473' title='bbox 2672 3460 2687 3493; x_wconf 73' lang='grc' dir='ltr'><em>ε</em></span> 
     </span>
     <span class='ocr_line' id='line_1_94' title="bbox 1607 3525 2684 3619; baseline -0.008 -38"><span class='ocrx_word' id='word_1_474' title='bbox 1607 3537 1665 3581; x_wconf 87' lang='lat' dir='ltr'><strong>et</strong></span> <span class='ocrx_word' id='word_1_475' title='bbox 1703 3530 1886 3581; x_wconf 89' lang='lat' dir='ltr'><strong>ultimo</strong></span> <span class='ocrx_word' id='word_1_476' title='bbox 1931 3529 2267 3619; x_wconf 84' lang='lat' dir='ltr'><strong>conqueritur</strong></span> <span class='ocrx_word' id='word_1_477' title='bbox 2302 3528 2460 3591; x_wconf 88' lang='lat' dir='ltr'><strong>hunc,</strong></span> <span class='ocrx_word' id='word_1_478' title='bbox 2487 3527 2571 3576; x_wconf 86' lang='lat' dir='ltr'><strong>vel</strong></span> <span class='ocrx_word' id='word_1_479' title='bbox 2607 3525 2684 3574; x_wconf 88' lang='lat' dir='ltr'><strong>ita</strong></span> 
     </span>
     <span class='ocr_line' id='line_1_95' title="bbox 1608 3605 2683 3671; baseline -0.007 -14"><span class='ocrx_word' id='word_1_480' title='bbox 1608 3606 1843 3670; x_wconf 85' lang='lat' dir='ltr'><strong>brevem,</strong></span> <span class='ocrx_word' id='word_1_481' title='bbox 1880 3606 2139 3671; x_wconf 89' lang='lat' dir='ltr'><strong>aliquibus</strong></span> <span class='ocrx_word' id='word_1_482' title='bbox 2178 3606 2344 3656; x_wconf 88' lang='lat' dir='ltr'><strong>visum</strong></span> <span class='ocrx_word' id='word_1_483' title='bbox 2366 3606 2432 3655; x_wconf 88' lang='lat' dir='ltr'><strong>iri</strong></span> <span class='ocrx_word' id='word_1_484' title='bbox 2454 3605 2683 3668; x_wconf 79' lang='lat' dir='ltr'><strong>longum.</strong></span> 
     </span>
     <span class='ocr_line' id='line_1_96' title="bbox 1610 3684 2047 3748; baseline -0.005 -13"><span class='ocrx_word' id='word_1_485' title='bbox 1610 3685 1788 3748; x_wconf 83' lang='lat' dir='ltr'><strong>Ferre]</strong></span> <span class='ocrx_word' id='word_1_486' title='bbox 1824 3684 2047 3747; x_wconf 84' lang='lat' dir='ltr'><strong>Capere.</strong></span> 
     </span>
    </p>

    <p class='ocr_par' dir='ltr' id='par_1_20' title="bbox 1674 3759 2681 3825">
     <span class='ocr_line' id='line_1_97' title="bbox 1674 3759 2681 3825; baseline -0.006 -14"><span class='ocrx_word' id='word_1_487' title='bbox 1674 3766 1707 3811; x_wconf 82' lang='lat'>2</span> <span class='ocrx_word' id='word_1_488' title='bbox 1741 3761 1933 3823; x_wconf 80' lang='lat' dir='ltr'><strong>Ferret,</strong></span> <span class='ocrx_word' id='word_1_489' title='bbox 1946 3760 2054 3825; x_wconf 59' lang='lat' dir='ltr'>&amp;cz-J</span> <span class='ocrx_word' id='word_1_490' title='bbox 2086 3761 2389 3823; x_wconf 85' lang='lat' dir='ltr'><strong>Pateretur,</strong></span> <span class='ocrx_word' id='word_1_491' title='bbox 2413 3759 2681 3810; x_wconf 87' lang='lat' dir='ltr'><strong>toleraret.</strong></span> 
     </span>
    </p>

    <p class='ocr_par' dir='ltr' id='par_1_21' title="bbox 1611 3837 2712 4134">
     <span class='ocr_line' id='line_1_98' title="bbox 1676 3837 2712 3906; baseline -0.003 -19"><span class='ocrx_word' id='word_1_492' title='bbox 1676 3842 1706 3887; x_wconf 77' lang='lat'>3</span> <span class='ocrx_word' id='word_1_493' title='bbox 1740 3837 1998 3902; x_wconf 74' lang='lat' dir='ltr'><strong>Succincti,</strong></span> <span class='ocrx_word' id='word_1_494' title='bbox 2034 3839 2139 3903; x_wconf 59' lang='lat' dir='ltr'><strong>Gya]</strong></span> <span class='ocrx_word' id='word_1_495' title='bbox 2187 3839 2375 3888; x_wconf 86' lang='lat' dir='ltr'><strong>Brevis</strong></span> <span class='ocrx_word' id='word_1_496' title='bbox 2405 3838 2524 3888; x_wconf 87' lang='lat' dir='ltr'><strong>libri</strong></span> <span class='ocrx_word' id='word_1_497' title='bbox 2547 3849 2712 3906; x_wconf 18' lang='lat' dir='ltr'><strong>com-U</strong></span> 
     </span>
     <span class='ocr_line' id='line_1_99' title="bbox 1611 3913 2683 3978; baseline -0.005 -15"><span class='ocrx_word' id='word_1_498' title='bbox 1611 3913 1785 3963; x_wconf 86' lang='lat' dir='ltr'><strong>moda.</strong></span> <span class='ocrx_word' id='word_1_499' title='bbox 1851 3914 2214 3977; x_wconf 85' lang='lat' dir='ltr'><strong>Metaphorice</strong></span> <span class='ocrx_word' id='word_1_500' title='bbox 2250 3930 2313 3965; x_wconf 90' lang='lat' dir='ltr'><strong>eo</strong></span> <span class='ocrx_word' id='word_1_501' title='bbox 2335 3913 2683 3978; x_wconf 83' lang='lat' dir='ltr'><strong>significamus</strong></span> 
     </span>
     <span class='ocr_line' id='line_1_100' title="bbox 1612 3984 2704 4074; baseline -0.005 -34"><span class='ocrx_word' id='word_1_502' title='bbox 1612 3990 1917 4056; x_wconf 86' lang='lat' dir='ltr'><strong>expeditum</strong></span> <span class='ocrx_word' id='word_1_503' title='bbox 1952 3991 2199 4055; x_wconf 86' lang='lat' dir='ltr'><strong>aliquem,</strong></span> <span class='ocrx_word' id='word_1_504' title='bbox 2237 3998 2297 4042; x_wconf 88' lang='lat' dir='ltr'><strong>ut</strong></span> <span class='ocrx_word' id='word_1_505' title='bbox 2332 3991 2399 4041; x_wconf 90' lang='lat' dir='ltr'><strong>de</strong></span> <span class='ocrx_word' id='word_1_506' title='bbox 2431 3988 2593 4074; x_wconf 83' lang='lat' dir='ltr'><strong>milite</strong></span> <span class='ocrx_word' id='word_1_507' title='bbox 2614 3984 2704 4035; x_wconf 76' lang='lat' dir='ltr'><strong>ad·</strong></span> 
     </span>
     <span class='ocr_line' id='line_1_101' title="bbox 1612 4069 2077 4134; baseline -0.004 -14"><span class='ocrx_word' id='word_1_508' title='bbox 1612 4069 1852 4134; x_wconf 83' lang='lat' dir='ltr'><strong>praelium</strong></span> <span class='ocrx_word' id='word_1_509' title='bbox 1877 4069 2077 4132; x_wconf 89' lang='lat' dir='ltr'><strong>parato.</strong></span> 
     </span>
    </p>

    <p class='ocr_par' dir='ltr' id='par_1_22' title="bbox 1616 4142 2685 4287">
     <span class='ocr_line' id='line_1_102' title="bbox 1678 4142 2685 4208; baseline -0.008 -13"><span class='ocrx_word' id='word_1_510' title='bbox 1678 4149 1710 4195; x_wconf 76' lang='grc' dir='ltr'><strong><em>Δ</em></strong></span> <span class='ocrx_word' id='word_1_511' title='bbox 1744 4145 1972 4207; x_wconf 79' lang='lat' dir='ltr'><strong>Brevior,</strong></span> <span class='ocrx_word' id='word_1_512' title='bbox 2015 4144 2118 4208; x_wconf 55' lang='grc' dir='ltr'><strong>ξω]</strong></span> <span class='ocrx_word' id='word_1_513' title='bbox 2182 4145 2357 4195; x_wconf 88' lang='lat' dir='ltr'><strong>Minus</strong></span> <span class='ocrx_word' id='word_1_514' title='bbox 2397 4142 2594 4191; x_wconf 85' lang='lat' dir='ltr'><strong>insumo</strong></span> <span class='ocrx_word' id='word_1_515' title='bbox 2630 4142 2685 4187; x_wconf 90' lang='lat' dir='ltr'><strong>et</strong></span> 
     </span>
     <span class='ocr_line' id='line_1_103' title="bbox 1616 4222 2322 4287; baseline 0.001 -16"><span class='ocrx_word' id='word_1_516' title='bbox 1616 4222 1781 4287; x_wconf 89' lang='lat' dir='ltr'><strong>perdo</strong></span> <span class='ocrx_word' id='word_1_517' title='bbox 1804 4224 2034 4283; x_wconf 79' lang='lat' dir='ltr'><strong>cbartae3</strong></span> <span class='ocrx_word' id='word_1_518' title='bbox 2070 4223 2322 4272; x_wconf 84' lang='lat' dir='ltr'><strong>modeste.</strong></span> 
     </span>
    </p>

    <p class='ocr_par' dir='ltr' id='par_1_23' title="bbox 1685 4294 2682 4363">
     <span class='ocr_line' id='line_1_104' title="bbox 1685 4294 2682 4363; baseline -0.007 -14"><span class='ocrx_word' id='word_1_519' title='bbox 1685 4306 1713 4349; x_wconf 88' lang='grc'><strong>5</strong></span> <span class='ocrx_word' id='word_1_520' title='bbox 1756 4300 1966 4363; x_wconf 76' lang='lat' dir='ltr'><strong>Deinde,</strong></span> <span class='ocrx_word' id='word_1_521' title='bbox 2020 4299 2127 4363; x_wconf 69' lang='grc' dir='ltr'><strong>ἱςα]</strong></span> <span class='ocrx_word' id='word_1_522' title='bbox 2216 4296 2477 4348; x_wconf 85' lang='lat' dir='ltr'><strong>Librarius</strong></span> <span class='ocrx_word' id='word_1_523' title='bbox 2534 4294 2682 4356; x_wconf 78' lang='lat' dir='ltr'><strong>citius</strong></span> 
     </span>
    </p>
   </div>
  </div>
 </body>
</html>
