2985 4937
435 3649 446 3652 ·
531 3637 805 3686 continere
850 3635 1064 3701 poterit.

526 400 700 467 145ss

528 559 679 607 tanta
721 555 902 617 virtus,
933 568 1016 604 ars
1037 559 1218 614 tanta,
1254 558 1400 606 tauta
1420 551 1586 602 suavi-

529 640 629 697 tas,
653 640 712 685 ut
733 634 906 683 dicere
926 631 1105 695 possis,
1137 631 1234 680 boc
1257 630 1595 680 excellentis«

528 711 712 761 simum
740 725 870 774 opus
895 724 1013 759 vere
1039 708 1195 758 fuisse
1217 708 1433 758 amicam
1451 706 1591 768 Poe·-¹

530 793 618 851 tae,
635 787 733 837 hoc
758 792 854 848 est,
869 793 1050 835 noctes
1073 784 1287 848 diesque
1311 784 1377 833 ab
1399 799 1460 833 eo
1480 784 1593 833 cul..

528 869 653 925 tam,
690 869 942 923 curatam,
986 866 1319 910 exornatam:
1364 859 1587 924 denique

528 940 747 992 animam
788 944 844 987 et
876 936 1085 986 delitias
1118 935 1276 990 fuisse
1299 938 1438 986 illius
1474 936 1586 986 uni-

529 1030 651 1077 cas3
684 1028 784 1064 non
813 1014 970 1066 ,illam
1012 1011 1293 1077 Glyceren,
1325 1028 1444 1077 quae
1479 1021 1586 1066 tam

531 1099 719 1157 potens
742 1090 901 1140 fnisse
922 1089 1105 1140 fertur.

591 1174 623 1219 2
659 1169 764 1218 Nec
790 1169 1007 1232 Glycere,
1030 1167 1138 1231 ξω]
1173 1167 1398 1232 Glycera
1420 1166 1590 1220 amica

529 1253 645 1296 erat
686 1244 983 1306 Menandri,
1037 1245 1131 1294 sed
1180 1244 1442 1294 comoediis
1484 1244 1588 1294 suis

528 1319 854 1376 familiariter
898 1321 1193 1372 introducta
1248 1322 1407 1371 Thais
1444 1319 1590 1374 facta

531 1404 630 1456 est¹
655 1397 926 1456 celebriori
960 1398 1181 1448 nomine.
1244 1398 1330 1448 Sic
1372 1398 1590 1462 exponit

528 1474 685 1525 Turn.
708 1474 797 1524 lib.
817 1478 866 1524 9.
888 1473 1103 1523 Advers.
1122 1490 1239 1539 cap.
1263 1479 1345 1525 24.

595 1550 758 1600 Eme.
796 1561 1109 1600 ccxxxvm.
1160 1555 1183 1600 1
1221 1551 1281 1600 Si
1310 1566 1460 1601 comes
1496 1550 1592 1600 isto

530 1627 639 1688 tibi,
658 1630 766 1694 ξω]
797 1629 908 1678 viae
932 1630 1014 1678 vel
1041 1629 1355 1693 longissimae
1374 1628 1591 1680 comites

528 1703 786 1756 sufficient
810 1695 906 1756 tibi
930 1707 1198 1760 Ciceronis
1225 1706 1363 1770 libri,
1389 1713 1448 1758 ut
1470 1707 1589 1771 Epi-

530 1789 818 1848 grammate
840 1787 890 1833 2.
922 1782 1054 1832 libro
1083 1789 1131 1835 1.
1164 1783 1477 1848 videturque
1502 1782 1590 1832 Ci-

530 1860 733 1909 ceronis
769 1859 940 1908 stilum
976 1860 1124 1923 quasi
1154 1859 1401 1910 Asianum
1433 1868 1490 1912 et
1513 1875 1591 1910 re

528 1936 851 1994 dundantem
873 1942 1072 1986 taxare.

595 2014 756 2062 Eme.
794 2025 1069 2062 chxxrx.
1136 2017 1164 2061 1
1221 2014 1446 2079 Cynthia,
1485 2015 1592 2079 ξω]

531 2090 690 2148 Vero¹
715 2087 921 2139 nomine
970 2088 1216 2151 Hostilia,
1263 2089 1428 2140 amica
1460 2090 1591 2140 Pro·

529 2166 707 2229 pertii.

595 2246 627 2291 2
664 2243 765 2293 Nec
801 2245 953 2293 minus
1004 2238 1108 2307 ipsa
1148 2237 1301 2303 dedit]
1363 2241 1449 2291 Sic
1503 2243 1591 2292 ille

493 2369 500 2373 .
530 2316 761 2370 Achilles
784 2321 798 2347 ‘
816 2320 949 2369 haud
976 2320 1091 2385 plus
1110 2319 1291 2369 Debet
1311 2316 1591 2368 Maeonidae

532 2410 682 2460 quam
701 2396 798 2448 sibi
819 2396 1141 2447 Maeonidesss

595 2479 758 2531 Erro.
782 2493 901 2529 cxc·
951 2484 976 2529 l
1013 2479 1229 2530 Pellibus
1263 2479 1457 2542 exiguis
1486 2496 1592 2537 arc.

527 2557 806 2622 tatanem]
839 2557 1068 2623 Antiqua
1110 2560 1200 2608 illa
1236 2557 1436 2618 charta,
1475 2570 1590 2624 quae

531 2649 598 2683 ex
615 2649 812 2698 papyro
835 2641 950 2684 erat
976 2633 1226 2698 Nilotica,
1250 2649 1354 2700 qua
1374 2636 1595 2685 Veteres

529 2709 629 2774 usi,
648 2712 964 2774 scripturam
996 2710 1061 2762 ab
1095 2725 1198 2760 una
1219 2718 1420 2762 tautum
1443 2720 1596 2776 parte

530 2787 842 2851 recipiebat,
862 2802 962 2838 nec
983 2788 1037 2837 in
1065 2789 1449 2853 opistographis
1472 2790 1596 2839 scri·

529 2863 744 2928 bebant,
796 2865 893 2914 nisi
948 2864 1265 2930 adversaria,
1302 2870 1403 2917 διο.
1461 2868 1594 2918 Quae

527 2941 689 3005 igitur
734 2941 798 2991 ab
836 2957 940 2995 uua
976 2949 1177 2992 tautum
1215 2950 1365 3007 parte
1399 2944 1598 3008 ‚scripta

531 3024 702 3080 erant,
746 3034 810 3067 ea
847 3019 899 3069 iu
937 3019 1209 3069 voluminis
1238 3017 1456 3070 formam
1478 3035 1598 3070 con·

530 3094 874 3159 globabautur
911 3102 968 3146 et
1003 3097 1223 3146 multum
1256 3097 1420 3161 spacii
1443 3112 1595 3147 occu-

530 3171 757 3236 pabant:
811 3187 913 3222 non
953 3164 1090 3227 euim
1144 3174 1416 3229 admodum
1472 3174 1595 3226 latae

530 3249 637 3309 illae
659 3250 861 3301 schartae
898 3249 1113 3302 fiebant.
1181 3251 1322 3302 Hinc
1340 3251 1598 3302 Martialis

528 3326 719 3387 scribit
743 3327 1102 3381 bibliothecam
1116 3344 1259 3379 suam
1285 3329 1370 3378 vix
1392 3329 1596 3393 cepisse

530 3403 666 3454 Livii
690 3405 975 3457 Historiam
1012 3407 1062 3455 in
1105 3407 1285 3456 charta
1315 3407 1594 3470 scriptam:

426 3519 429 3521 Α
534 3487 593 3531 at
612 3481 665 3532 in
698 3483 918 3547 pellibus
952 3483 1060 3533 sive
1094 3484 1403 3534 membranis
1428 3485 1595 3548 scrip-

532 3564 642 3608 tam
682 3557 840 3609 facile
886 3560 1118 3624 quamvis
1161 3568 1408 3624 angustus
1448 3562 1596 3611 locus

1124 3636 1329 3687 Salmas.
1397 3636 1599 3700 Ingens]

533 3711 582 3763 A
603 3711 728 3777 styli
749 3713 1066 3778 insurgentis
1090 3714 1410 3778 granditate,
1434 3729 1499 3763 an
1530 3715 1595 3766 ab

529 3789 705 3852 operis
726 3789 1083 3853 magnitudine
1104 3795 1161 3840 et
1183 3789 1307 3840 libb.
1335 3794 1446 3840 140.
1468 3792 1597 3840 mul·

530 3865 791 3917 titudine?
851 3867 970 3917 vide
1012 3867 1257 3918 Juvenal.
1309 3870 1495 3932 Satyra
1544 3873 1597 3920 7.

530 3957 666 3993 vers.
689 3947 772 3996 98.
804 3951 864 3994 et
885 3942 1168 3993 ἀντιτίθεται
1189 3944 1534 4009 vffi‘exiguisss

597 4019 1017 4071 Emo.cxc1.1
1054 4021 1314 4070 Doctorum
1367 4021 1601 4088 virorum]

533 4088 842 4148 Quintiliani
876 4097 966 4146 lib.
1000 4100 1053 4146 2.
1089 4112 1137 4147 c.
1173 4102 1223 4147 6.
1261 4106 1317 4148 et
1351 4099 1387 4149 l.
1408 4103 1458 4150 4.
1481 4115 1529 4150 c.
1550 4105 1599 4151 2.

530 4171 745 4221 Seuecae
768 4173 919 4223 Rhet.
958 4173 996 4223 1.
1032 4178 1084 4223 3.
1121 4175 1271 4224 Decl.
1305 4183 1361 4225 et
1383 4176 1600 4226 Contro-

535 4261 671 4295 vers.
695 4251 776 4297 25.
800 4248 890 4297 lib.
911 4254 962 4297 5.
997 4249 1155 4300 Corn.
1192 4251 1356 4303 Tacit.
1378 4256 1425 4305 3.
1459 4252 1601 4305 Hist.

473 4374 481 4377 Α
535 4326 676 4399 Vell.
696 4329 905 4381 Patere.
924 4327 1062 4381 Hist.
1089 4333 1136 4378 2.
1156 4331 1254 4381 διο.

1232 413 1456 463 NOTAE
1499 413 1902 463 VARIORUM

1955 413 2032 464 m
2121 415 2173 424 ..

1680 569 1687 574 ·
1730 553 1892 603 Eme.
1922 566 2104 603 cxcu.
2142 558 2167 603 1
2202 554 2327 610 Hoec
2341 554 2435 604 tibi
2463 555 2728 620 multiplici,

1661 630 1769 693 Esou]
1803 630 2026 679 Massam
2064 638 2220 680 vocat
2257 632 2518 695 integrum
2542 648 2726 696 corpus

1664 707 2115 757 membranaceum
2186 708 2472 772 *multiplici
2542 710 2730 759 tabella

1664 791 1938 834 structum.
1983 784 2160 835 Graeci
2183 783 2728 850 coeudmvappellaut.

1665 858 1959 909 ‘Tabellas'
1994 867 2187 922 autem,
2225 875 2292 909 ex
2340 860 2531 926 quibus
2571 869 2730 911 totum

1662 949 1851 1000 corpus
1873 936 2165 1001 constabat,
2201 937 2406 1001 singula
2425 936 2558 987 folia
2580 951 2733 987 mem·

1665 1012 1860 1063 branca
1885 1030 1898 1061 ε
1937 1014 1951 1041 ‘
1975 1013 2352 1072 membranam'
2395 1015 2559 1063 etiam
2588 1028 2731 1064 voca-

1665 1090 1810 1154 bant,
1841 1097 2008 1140 totum
2040 1105 2225 1155 corpus
2246 1091 2732 1140 membranaceum:

1665 1173 1724 1216 ut
1739 1167 1877 1217 idem
1894 1167 1983 1217 lib.
2002 1172 2085 1218 14.
2105 1168 2284 1232 Epigr.
2310 1171 2424 1218 188.
2446 1169 2462 1194 ‘
2482 1168 2538 1217 Si
2563 1183 2731 1218 comes

1664 1245 1769 1298 ista
1811 1244 1927 1294 tibi.
1954 1242 2116 1295 fuerit
2168 1243 2488 1305 membrana,
2549 1250 2730 1307 putato

1667 1321 1898 1385 Carpere
1917 1328 1971 1371 te
1987 1322 2163 1386 longas
2178 1335 2295 1371 cum
2313 1321 2573 1371 Cicerone
2591 1320 2730 1371 vias.'

1664 1397 1768 1447 Ubi
1820 1397 2229 1447 ‘membranam’
2282 1397 2516 1461 appellat
2569 1396 2734 1447 omnia

1667 1473 1929 1523 Ciceronis
1984 1489 2146 1538 opera
2187 1475 2239 1524 iu
2292 1474 2610 1527 membranis
2648 1474 2731 1524 de-

1664 1550 1878 1614 scripta,
1921 1558 1976 1601 et
2014 1550 2065 1600 in
2103 1565 2259 1601 unum
2281 1567 2474 1616 corpus
2499 1552 2733 1602 redacta.

1658 1628 1756 1686 ,Sic
1780 1635 1834 1677 et
1854 1643 1947 1691 per
1972 1629 1988 1656 ‘
2007 1629 2213 1693 Virgilii
2233 1629 2617 1680 membranam’
2658 1637 2732 1679 to·

1670 1711 1772 1756 tam
1795 1705 2004 1770 Virgilii
2029 1706 2295 1776 AEneidem
2315 1707 2736 1770 intelligit.Sa1·

1667 1797 1783 1831 mas.

1732 1861 1765 1907 2
1801 1858 2045 1923 Carmina,
2069 1860 2179 1926 ξω]
2224 1860 2408 1912 Libros
2443 1868 2525 1913 15.
2560 1863 2734 1912 Meta·

1666 1935 1879 2002 morph.

1732 2015 1893 2066 Eme.
1916 2030 2110 2067 exem.
2143 2016 2356 2068 Amavit
2375 2018 2613 2069 Tibullus
2631 2019 2734 2069 De·

1667 2090 1810 2154 liam,
1846 2107 1999 2157 quam
2024 2092 2277 2158 Apuleius
2312 2095 2554 2145 Planiam
2574 2095 2737 2146 fuisse

1669 2166 1832 2218 dicit:
1870 2169 2117 2220 Nemesin
2133 2171 2279 2236 item,
2302 2187 2455 2236 quam
2470 2173 2739 2237 Glyceren

1669 2252 1790 2294 sunt
1827 2244 1915 2309 qui
1947 2246 2013 2295 ab
2054 2245 2278 2297 Horatio
2299 2248 2620 2311 appellatam
2649 2262 2738 2299 ve-

1669 2320 1771 2370 lint
1790 2338 1807 2383 ς
1828 2321 1953 2371 item
1972 2323 2235 2385 Neaeram,
2255 2331 2310 2373 et
2322 2324 2740 2388 Sulpitiam‚&c.

1652 2397 1887 2461 Gyraid.
1926 2398 1993 2449 de
2047 2399 2202 2451 Po’e‘t.
2261 2399 2403 2452 Hist.
2437 2402 2650 2468 Dialog.
2688 2406 2738 2451 4.

1669 2475 1884 2533 Tribuit
1905 2484 2076 2527 autem
2102 2477 2272 2527 Deliae
2297 2477 2581 2541 Martialis,
2602 2479 2739 2545 quod

1669 2553 1904 2603 Tibullus
1959 2554 2190 2616 Nemesi,
2227 2554 2358 2604 libro
2413 2558 2459 2606 1.
2499 2557 2651 2620 Eleg.
2692 2562 2737 2606 5.

1668 2633 1803 2683 ‘Illa
1842 2642 1991 2698 regat
2034 2642 2280 2697 cunctos,
2308 2635 2383 2685 illi
2415 2634 2524 2685 sint
2566 2636 2738 2685 omnia

1668 2720 1829 2774 curae,
1850 2712 1921 2762 Et
1951 2711 2108 2775 juvet
2142 2712 2197 2761 iu
2215 2718 2334 2762 tota
2358 2726 2441 2761 me
2471 2711 2605 2763 nibil
2631 2727 2739 2762 esse

1668 2786 1858 2838 domo?

1672 2898 1680 2905 -
1736 2865 2349 2918 Emc.cxc1v.1Sunt
2389 2808 2601 2929 qaidum,
2636 2865 2738 2928 ξω]

1668 2942 1840 3006 Magis
1863 2942 2163 2992 oratoribus
2186 2957 2338 3009 quam
2379 2942 2557 3006 poetis
2582 2943 2739 2993 aduu-

1668 3025 1840 3068 merat
1860 3032 1981 3068 eum
2002 3019 2193 3069 Fabius
2210 3033 2327 3082 cap.
2344 3022 2394 3068 1.
2418 3018 2510 3069 lib.
2542 3023 2625 3071 16.
2648 3018 2741 3068 bis·

1669 3093 1843 3143 toricis
1865 3094 1971 3158 alii.

1733 3177 1765 3225 2
1794 3173 1975 3237 Putat]
2009 3175 2139 3223 Tum
2170 3174 2292 3239 quia
2326 3188 2484 3223 versu
2517 3173 2741 3238 scriptus
2823 3207 2826 3210 -

1667 3270 1798 3318 sum,
1821 3262 1930 3305 tum
1954 3255 2076 3321 qnia
2106 3254 2405 3318 vendibilis,
2427 3261 2488 3303 et
2506 3253 2740 3305 manibus

1670 3331 1929 3382 bominum
1956 3331 2163 3381 assidue
2187 3332 2382 3381 versari
2407 3337 2588 3395 putat.

1739 3410 1905 3459 Eme.
1927 3423 2089 3460 cxcv.
2123 3414 2151 3459 1
2188 3409 2420 3458 Tantam.
2437 3443 2452 3458 .
2473 3407 2741 3470 Quantam]

1670 3488 1954 3550 Elegantes
1997 3486 2323 3555 Antitheseis
2344 3502 2359 3536 ε
2407 3486 2532 3536 vide
2558 3486 2742 3550 Epigr.

1665 3569 1748 3615 62.
1773 3564 1860 3614 lib.
1884 3569 1931 3615 1.

1731 3642 1896 3692 Eme.
1922 3652 2109 3692 cxcvi.
2141 3644 2164 3691 1
2197 3642 2322 3698 Qaoe
2345 3640 2552 3702 fumat
2585 3640 2740 3691 caldu-

1667 3719 1798 3784 rum]
1835 3719 1905 3777 Et
1934 3720 2033 3769 hoc
2070 3725 2128 3768 et
2164 3718 2571 3783 inscriptionem
2596 3718 2739 3784 (quae

1668 3796 1841 3847 fuerat
1866 3797 2019 3845 Calda
2039 3799 2087 3844 et
2096 3793 2295 3858 frigida
2315 3793 2460 3861 aqua)
2484 3796 2739 3859 praeclare

1668 3873 1969 3925 emendavit
2003 3887 2071 3922 ex
2105 3879 2223 3936 opt.
2253 3871 2345 3922 lib.
2383 3876 2431 3923 l.
2462 3873 2740 3932 Gruterus,

1671 3948 1939 4001 confessus
1964 3957 2158 4012 tamen,
2183 3948 2410 3999 nondum
2433 3949 2512 3998 sic
2537 3948 2738 4015 quoque

1672 4026 1843 4076 omnia
1875 4039 1988 4075 esse
2030 4029 2369 4088 perpurgata.
2435 4024 2503 4073 In
2543 4023 2736 4074 eisdem

1671 4103 1815 4153 libris
1854 4102 2154 4165 legebatur:
2207 4104 2323 4153 Visa
2359 4103 2478 4153 suis.
2539 4102 2739 4152 Scribi-

1671 4193 1785 4228 mus
1809 4178 1999 4242 igitur:
2045 4179 2158 4228 Visa
2179 4179 2279 4228 suis
2298 4178 2466 4228 melius
2480 4181 2642 4228 charta
2659 4193 2738 4227 no·

1671 4255 1794 4304 tabit
1815 4270 1993 4318 aquus.-
2026 4255 2079 4304 id
2119 4263 2232 4305 est:
2266 4255 2379 4304 Tibi
2404 4256 2658 4306 notandas
2681 4261 2735 4304 et

1674 4332 2035 4395 intelligendas
2060 4332 2206 4387 dabit
2229 4332 2415 4383 melius
2437 4347 2585 4399 quam
2606 4332 2732 4396 ipsse
