2985 4937
503 578 616 614 sum
652 562 872 626 fingunt,
893 559 1034 626 quod
1073 559 1128 609 id
1166 559 1355 609 animal
1388 559 1567 608 immo·

501 640 634 690 dicis
651 639 834 689 animis
853 639 1021 689 soleat
1038 636 1272 687 excitari.
1304 642 1319 665 ⁴
1341 636 1536 686 Nasum
1550 632 1565 653 ⁹

501 718 672 780 addit,
704 732 820 766 nam
864 717 916 765 in
952 715 1042 763 illo
1077 713 1228 763 sedes
1248 713 1375 762 irae:
1410 709 1566 760 flatus

500 795 638 846 enim
680 804 738 844 et
776 794 987 859 spiritus
1036 791 1391 841 vehementior
1433 790 1564 840 iram

539 871 693 922 rodit.

499 887 535 936 p
566 950 728 998 Emo.
787 959 914 997 nxv.
974 949 1001 994 l
1083 943 1411 1005 Hexometris,
1455 940 1564 1007 εγω]

498 1025 729 1089 Propter
749 1024 989 1088 superius
1011 1021 1149 1072 forte
1174 1021 1530 1086 Epigramma.

562 1108 595 1154 2
632 1103 788 1151 Tucca
806 1104 927 1152 solet
944 1099 1087 1165 fieri,
1119 1097 1229 1162 ξω]
1262 1095 1564 1161 Respondet

497 1181 687 1231 Poeta.

560 1264 591 1307 5
632 1255 895 1306 Conveniat
933 1256 1088 1315 nobis,
1120 1252 1232 1316 ξω]
1282 1253 1373 1302 Ex·
1403 1256 1562 1316 pacto

495 1335 636 1385 inter
656 1348 751 1383 nos
774 1332 851 1381 ita
879 1330 1246 1395 dispertiamus
1267 1329 1467 1403 munia:
1504 1333 1564 1377 ut

494 1412 619 1462 mibi
636 1411 794 1461 liceat
811 1411 963 1472 longa
980 1408 1296 1472 Epigramm.
1311 1405 1563 1467 scribere,

495 1487 594 1538 tibi
618 1485 864 1536 transire.

561 1564 719 1613 Eme.
743 1575 895 1613 nxvr.
915 1565 947 1611 2
985 1558 1197 1617 Quales
1177 1574 1231 1609 m
1257 1557 1433 1619 medio,
1450 1556 1561 1621 ism]

493 1639 679 1704 Epigr.
701 1643 784 1689 35.
806 1638 900 1689 lib.
920 1641 966 1688 1.
980 1651 1114 1687 vers.
1131 1642 1183 1686 5.
1200 1642 1256 1686 et
1272 1634 1453 1698 Epigr.
1476 1637 1558 1684 17.

387 1756 388 1759 ¹
490 1718 584 1769 lib.
604 1723 654 1768 2.
672 1732 805 1768 vers.
830 1721 876 1766 1.
900 1716 1038 1779 lupae
1054 1714 1274 1765 scilicet.

559 1799 591 1845 4
626 1795 784 1843 Parvo
805 1809 911 1843 cum
940 1791 1096 1856 pretio
1127 1789 1213 1840 diu
1231 1788 1419 1852 liceret]
1453 1789 1558 1838 Vo-

491 1871 564 1921 lui
581 1870 864 1934 'aliquando
900 1869 1128 1918 licerent:
1160 1875 1245 1916 est
1276 1865 1412 1916 enim
1440 1879 1558 1928 pro·

492 1946 606 2011 prie
643 1946 871 2009 pretium
913 1942 1200 2007 offerentis,
1235 1942 1383 2008 quasi
1414 1956 1560 2006 emp·

489 2025 615 2076 turi.
684 2025 932 2085 Plautus:
966 2024 1144 2088 ‘jocos
1168 2023 1413 2072 ridiculos
1434 2037 1559 2071 ven-

491 2102 591 2151 do:
624 2103 783 2165 agite,
804 2099 1071 2151 licemini!
1117 2100 1224 2150 Sed
1243 2108 1413 2150 tamen
1433 2114 1558 2148 ven-

487 2179 639 2233 denti
659 2193 864 2244 quoque
888 2178 1095 2228 videtur
1120 2177 1350 2228 tribuere
1373 2177 1558 2226 Sueto-

489 2257 605 2305 nius
629 2256 791 2318 Calig.
807 2259 890 2305 38.
925 2257 941 2284 ⁸
965 2255 1107 2304 Nota
1129 2268 1212 2304 res
1233 2250 1558 2317 est,Aponio

487 2333 770 2385 Saturnino
791 2332 928 2381 inter
951 2331 1198 2382 subsellia
1219 2329 1555 2392 dormitante,

486 2410 740 2459 monitum
763 2424 793 2458 a
810 2409 938 2459 Caio
962 2422 1276 2474 praeconem,
1313 2420 1380 2456 ne
1418 2420 1553 2471 prae-

487 2488 680 2539 torium
696 2488 860 2537 virum
883 2488 1066 2537 crebro
1085 2486 1276 2549 capitis
1298 2491 1444 2535 motu
1461 2500 1554 2535 nu·

486 2571 703 2614 tantem>
724 2564 823 2614 sibi
857 2563 1192 2627 praeteriret:
1227 2575 1326 2612 nec
1362 2560 1554 2611 licendi

483 2641 640 2692 finem
660 2639 879 2704 factum,
909 2638 1083 2705 'quoad
1113 2638 1363 2689 tredecim
1386 2638 1554 2701 gladi,-

483 2726 655 2768 atores
709 2718 954 2768 sestertio
1004 2716 1251 2779 nonagies
1292 2715 1552 2778 ignoranti

483 2793 891 2844 addicerentur!
928 2794 1083 2843 Gron-
1158 2792 1314 2843 When
1346 2807 1377 2841 a
1412 2792 1554 2842 small

477 2875 613 2938 price
634 2888 732 2925 was
751 2874 920 2923 bidden
929 2872 1018 2931 sor
1038 2873 1140 2921 her.

548 2943 592 2998 5'
612 2950 749 2998 Dum
767 2964 937 3013 puram
954 2948 1106 3011 cupit,
1122 2947 1229 3010 ξω]
1262 2948 1402 2996 Dum
1420 2944 1549 2996 faci-

478 3026 603 3090 lem,
643 3025 736 3074 sed
787 3025 1025 3087 negantis
1074 3032 1189 3074 arte
1241 3023 1551 3073 instructam

482 3102 731 3165 puellam,
769 3115 864 3163 pro
903 3100 1096 3164 pudica⁴
1114 3109 1172 3149 et
1206 3115 1337 3163 pura
1359 3115 1549 3164 appro-

479 3176 608 3226 bare
645 3176 810 3239 cupit,
846 3191 1011 3240 eoque
1052 3176 1440 3226 vendibiliorem
1472 3175 1552 3226 fa·

478 3266 623 3315 cere,
645 3252 989 3302 reluctantem
1027 3254 1167 3302 illam
1189 3259 1246 3302 et
1267 3259 1549 3316 negantem

478 3328 671 3391 saepius
708 3329 959 3379 basiavit:
1022 3329 1162 3395 quod
1198 3330 1287 3379 ubi
1332 3329 1550 3381 fecisset

480 3418 674 3467 praeco,
694 3406 798 3454 oris
830 3421 934 3455 non
958 3407 1119 3471 magis
1142 3407 1256 3471 puri
1279 3421 1433 3471 quam
1455 3408 1548 3457 Sa-

477 3480 673 3545 bidius,
695 3481 879 3546 Epigr.
896 3486 975 3533 33.
999 3483 1089 3534 lib.
1112 3488 1161 3535 1.
1176 3490 1234 3533 et
1257 3482 1443 3547 Epigr.
1462 3487 1546 3533 17.

475 3556 630 3607 lib-3.
663 3558 747 3607 vel
767 3558 1067 3621 Postumus,
1090 3560 1271 3626 Epigr.
1292 3563 1373 3609 10.
1389 3559 1481 3610 lib.
1496 3564 1547 3610 2.

478 3633 612 3684 adeo
631 3634 888 3698 impuram
914 3635 1163 3699 reddidit,
1183 3651 1336 3701 quam
1360 3651 1544 3700 puram

476 3711 768 3775 approbare
800 3712 987 3775 voluit,
1016 3718 1078 3762 ut
1105 3712 1195 3777 qui
1230 3713 1387 3762 modo
1426 3728 1553 3763 sex-

475 3795 657 3838 centos
700 3787 881 3838 licitus
914 3796 1016 3852 est,
1042 3788 1156 3853 jam
1197 3802 1254 3838 se
1292 3788 1542 3839 daturum

472 3870 654 3927 neget.

538 3941 702 3992 Erro.
721 3953 899 3990 nxvu.
931 3941 1067 3991 Vide
1079 3956 1239 4006 supra
1258 3942 1440 4007 Epigr.
1455 3946 1542 3994 39.

474 4031 625 4066 versu
655 4017 849 4080 ultimo,
886 4025 943 4067 et
961 4017 1156 4069 Juven.
1178 4019 1289 4084 Sat.
1317 4023 1368 4069 6.
1405 4033 1540 4069 vers.

471 4094 588 4142 367.

540 4167 703 4217 Eme.
753 4181 946 4221 nxvrn.
996 4176 1021 4219 l
1096 4170 1252 4232 Nefas
1303 4173 1536 4237 ventum]

473 4243 738 4298 Quod‘sit
776 4244 872 4294 boc
906 4245 1071 4310 nefas,
1107 4248 1320 4299 docebit
1349 4248 1538 4299 tertius

1205 417 1422 466 NOTAE
1473 414 1877 464 vammum
1926 416 2007 464 IN

1641 572 1842 610 versus.
1921 559 2038 608 Toto
2058 559 2181 623 stete
2215 560 2446 627 Lucrino]
2501 564 2704 615 Emisso

1639 634 1785 699 quasi
1809 649 1903 698 per
1925 637 2166 686 lacrimas
2191 643 2306 688 toto
2345 638 2463 688 lacu
2486 641 2708 692 Lucrino

1639 719 1694 760 et
1718 713 1772 760 in
1811 727 1950 761 mare
1987 712 2300 779 profluente,
2338 722 2398 766 ut
2430 717 2618 768 Thetis
2655 719 2706 769 in

1638 789 1767 838 mari
1787 791 1982 863 luctuum
2007 791 2218 841 sentiat.

1704 870 1736 915 2
1773 866 2135 933 Numicus-a]
2169 869 2426 935 Nymphae
2444 887 2709 939 aquarum.

1636 943 1982 995 Scribendum
2019 947 2231 996 Naides.-
2264 962 2383 997 nam
2405 950 2577 999 altero
2599 966 2707 1001 non

1638 1029 1757 1071 sunt
1775 1023 1854 1072 usi
1878 1030 2108 1089 veteres,
2128 1026 2226 1075 nisi
2247 1027 2338 1076 ubi
2363 1035 2587 1092 quatuor
2601 1032 2711 1094 syl-

1637 1097 1872 1148 labarum
1903 1114 2020 1150 eam
2058 1116 2237 1152 vocem
2273 1104 2509 1167 voluere,
2545 1106 2707 1156 Ναΐα-

1637 1175 1733 1223 des.
1770 1173 2084 1227 Gronovius.

1699 1254 1732 1300 4
1765 1252 1941 1317 Latus]
1965 1254 2174 1316 Latero,
2190 1256 2278 1320 qui
2298 1257 2448 1308 lateri
2466 1266 2556 1309 tuo
2572 1275 2711 1310 sem·

1635 1340 1732 1390 per
1766 1326 2021 1389 haerebat,
2060 1331 2149 1394 qni
2186 1332 2321 1382 latus
2361 1342 2707 1403 tuum‘usque

1636 1404 1849 1468 tegebat
1870 1421 1884 1454 :
1920 1407 1995 1456 sic
2021 1409 2174 1472 Epig.
2200 1415 2282 1461 46.
2309 1411 2445 1467 libro
2468 1417 2518 1462 2.
2562 1428 2707 1465 vers.

1632 1482 1682 1529 8.
1716 1481 1852 1531 Vide
1868 1481 1993 1533 Jaui
2016 1485 2569 1541 GulielmiVerisimil.
2609 1492 2709 1543 lib.

1632 1559 1680 1605 3.
1703 1570 1823 1620 cap.
1842 1563 1921 1608 17.

1694 1637 1724 1682 7
1759 1635 1931 1686 Alexis
1949 1638 2079 1702 wat]
2112 1640 2258 1690 Puer
2280 1642 2519 1694 Castrico
2539 1646 2591 1695 iu
2614 1646 2712 1696 de-

1631 1710 1787 1775 liciis,
1826 1721 1886 1765 ut
1926 1716 2149 1780 Virgilio
2187 1716 2402 1771 Alexis:
2446 1724 2534 1772 vel
2563 1727 2709 1777 alter

1632 1788 1830 1841 Alexis.
2757 1828 2768 1837 -

1697 1871 1729 1915 8
1768 1868 1835 1917 Et
1854 1868 2041 1919 Alcida
2065 1871 2308 1939 Nympha]
2340 1876 2411 1926 Et
2432 1879 2608 1940 rapuit
2647 1888 2707 1932 te

1631 1941 1776 2007 Hyla
1811 1945 2172 2013 pulchriorem,
2195 1951 2528 2016 restituitque
2563 1956 2706 2007 Her-

1631 2020 1737 2069 culi
1768 2020 1981 2086 Hylam.
2015 2024 2151 2074 Vide
2186 2027 2368 2091 Epigr.
2406 2033 2491 2080 48.
2522 2032 2616 2084 lib.
2648 2040 2703 2085 5.

1632 2110 1768 2146 vers.
1792 2103 1842 2146 5.

1695 2177 1728 2221 9
1778 2175 1888 2224 Deo
1918 2174 2215 2242 foemineum,
2254 2180 2364 2245 ξω]
2433 2183 2706 2253 Nympha,

1626 2248 1895 2315 Salmacis,
1905 2253 2062 2307 ovid.
2085 2259 2433 2324 Metamorph.
2449 2265 2500 2312 4.

1696 2333 1759 2378 10
1793 2330 2086 2400 Sollicitam]
2121 2335 2346 2389 Allecta.
2426 2340 2560 2405 Viri]
2591 2343 2700 2393 Eu·

1629 2406 1796 2471 tychi.

1696 2486 1758 2534 12
1790 2482 1890 2549 Sit,
1907 2502 2086 2550 precor,
2099 2491 2209 2555 ξω]
2248 2493 2421 2556 Epigr.
2439 2496 2519 2544 34.
2535 2495 2627 2545 lib.
2651 2502 2702 2548 6.

1629 2574 1780 2610 versu
1798 2563 1998 2615 ultimo.

1695 2638 1859 2688 Eme.
1882 2653 2037 2690 Lxrx.
2060 2646 2087 2691 1
2125 2642 2239 2693 Non
2258 2644 2424 2708 miror,
2442 2646 2549 2711 qma]
2575 2649 2623 2698 Ν
2629 2664 2700 2699 on

1628 2714 1788 2764 miror
1807 2716 2026 2767 Bassam
2042 2734 2244 2770 sumere
2257 2736 2440 2785 aquam
2459 2739 2561 2788 qua
2579 2740 2699 2788 par-

1629 2798 1684 2842 te
1701 2808 1830 2858 opus
1850 2802 1933 2844 est
1951 2794 2361 2860 (Epigrammate
2382 2804 2462 2851 50.
2487 2800 2579 2851 lib.
2602 2800 2700 2868 2.),

1627 2884 1747 2920 cum
1785 2872 1949 2920 norim
1984 2886 2099 2921 eam
2137 2880 2277 2924 tuam
2315 2888 2434 2925 esse
2473 2878 2559 2927 cui
2606 2894 2699 2930 ore

1626 2948 1996 3011 morigeratur:
2033 2949 2125 2999 sed
2157 2951 2314 3001 miror
2336 2967 2449 3002 eam
2484 2955 2536 3003 in
2579 2963 2697 3006 tan-

1629 3031 1739 3074 tum
1773 3025 2120 3089 degenerasse
2146 3043 2178 3077 a
2214 3037 2364 3092 patre
2400 3032 2598 3082 Basso:
2636 3049 2697 3083 u-

1629 3112 1764 3154 trum
1788 3114 1999 3157 sanctus
2037 3107 2128 3156 ille
2157 3105 2338 3170 fuerit,
2374 3118 2428 3158 et
2450 3109 2560 3160 filia
2585 3120 2694 3162 tam

1627 3181 1950 3252 dedecorosa
1988 3183 2247 3247 indignus,
2279 3201 2343 3234 an
2376 3188 2695 3239 temulentus

1627 3267 1683 3310 et
1701 3274 1936 3309 meracus
1955 3260 2164 3310 ebrius?

1690 3336 1852 3385 Eme.
1876 3349 2005 3385 Lxx.
2055 3337 2264 3387 Cottam
2301 3337 2514 3389 felicem
2555 3356 2690 3405 prae-

1625 3411 1791 3474 dicat,
1830 3412 1970 3477 quod
2014 3421 2128 3463 tota
2167 3415 2278 3465 vita
2316 3416 2457 3466 nullo
2507 3420 2691 3468 morbo

1626 3493 1855 3540 tentatus
1873 3488 2066 3551 fuerit3
2100 3505 2156 3540 se
2177 3491 2462 3551 infelicem,
2487 3498 2578 3560 qui
2601 3496 2688 3544 vix

1621 3564 1779 3615 ullam
1800 3581 1831 3615 a
1851 3564 2030 3615 dolore
2043 3566 2220 3617 horam
2242 3583 2460 3619 vacuam
2481 3570 2689 3621 vixerit.

1687 3645 1713 3689 1
1767 3641 2096 3707 Sexagesima,
2149 3644 2258 3707 εγω]
2350 3659 2488 3697 mxu.
2530 3661 2689 3697 annos

1619 3726 1772 3767 natus
1793 3725 1874 3768 est
1893 3719 2072 3782 Cotta,
2104 3733 2275 3785 neque
2297 3736 2519 3787 unquam
2546 3724 2686 3774 lecto

1618 3808 1736 3844 eum
1768 3793 1934 3845 affixit
1969 3796 2118 3847 unius
2155 3797 2376 3850 dieculae
2414 3798 2577 3851 febris
2609 3817 2686 3850 ar-

1617 3870 1763 3921 dens.

1681 3951 1712 3995 3
1753 3948 1920 3997 Toedia
1959 3949 2118 3998 lectuli
2145 3950 2367 4013 calentis]
2405 3951 2680 4017 Nunquam

1615 4019 1752 4072 febri
1775 4023 1992 4073 ardente
2007 4024 2246 4087 jactatus
2268 4025 2543 4078 decubuit.
2712 4019 2719 4028 ’

1681 4106 1710 4149 5
1751 4101 1977 4151 Ostendit
1997 4103 2225 4165 digitum,
2246 4102 2360 4167 ξω]
2410 4104 2522 4155 Per
2558 4121 2681 4157 con·

1620 4183 1871 4241 temptum
1904 4185 1961 4228 et
1981 4178 2293 4229 derisionem
2327 4183 2560 4234 ostendit
2579 4198 2682 4233 me-

1615 4253 1742 4304 dicis
1785 4254 2010 4305 medium
2052 4270 2294 4322 unguem,
2340 4256 2586 4311 infamem
2625 4268 2681 4310 et
