2985 4937
449 441 623 509 1316

516 602 680 649 Erro.
728 606 844 646 ιιι.
911 591 1113 649 luvet
1158 592 1381 649 Curinus,
1413 586 1522 652 qim]

449 676 670 727 Invidia.
703 674 840 722 Vide
866 672 1047 737 Epigr.
1070 675 1151 721 77.
1172 670 1261 720 lib.
1282 675 1332 718 4.
1357 675 1411 717 et
1428 666 1520 717 lib.

452 762 499 806 6.
521 755 702 819 Epigr.
724 756 808 802 61.

515 837 548 882 4
587 829 852 886 Umbilicis,
872 829 976 892 Gra]
1010 827 1193 891 Epigr.
1227 829 1315 875 67.
1348 823 1436 873 lib.
1472 826 1520 872 l.

451 921 589 957 vers.
637 911 717 957 12.
788 904 967 969 Cedro]
1022 903 1206 969 Epigr.
1251 907 1302 953 2.
1341 902 1434 951 lib.
1473 904 1525 950 3.

453 1001 589 1036 vers.
612 991 661 1034 8.

517 1070 548 1115 7
586 1065 699 1113 Non
720 1068 775 1111 tet
797 1059 931 1124 ante]
969 1060 1074 1110 Sed
1100 1060 1246 1111 meis.

518 1147 553 1191 9
585 1141 749 1190 Malas
782 1139 965 1201 habeut,
993 1138 1101 1202 ξω]
1136 1138 1429 1202 Redigatur
1459 1137 1526 1185 ad

456 1233 566 1270 rem
596 1218 887 1278 olitoriam3
913 1217 1159 1281 quaeritet
1193 1214 1292 1265 sibi
1330 1215 1527 1263 victum

457 1313 524 1346 ex
560 1296 714 1345 horto
750 1295 907 1344 unico
931 1294 1264 1354 suburban03
1300 1298 1529 1356 agatque

456 1374 641 1436 mulas,
679 1373 826 1421 olere<
855 1371 1026 1420 venali
1063 1376 1290 1430 onustas,
1319 1384 1414 1432 per
1444 1382 1528 1417 ur-

457 1452 595 1500 bem.
648 1450 748 1498 Vel
767 1466 780 1498 ε
807 1449 952 1511 Opto
967 1444 1026 1497 ut
1043 1448 1111 1497 sit
1129 1456 1234 1497 tam
1253 1460 1454 1510 pauper
1468 1461 1531 1495 ac

460 1542 581 1591 ego,
634 1526 866 1590 nihilque
888 1525 1097 1575 'habeat
1146 1531 1342 1589 praetet·
1387 1538 1530 1572 meas

461 1604 648 1665 mulas,
670 1617 797 1667 quas
816 1603 955 1650 alere
978 1602 1062 1649 vix
1081 1601 1263 1665 possit,
1284 1607 1340 1650 et
1360 1614 1531 1649 meum

460 1679 809 1730 suburbanum
849 1677 1029 1727 sterile
1068 1686 1124 1727 et
1159 1677 1293 1727 male
1322 1686 1534 1726 extruc-

463 1765 572 1808 tum
593 1773 608 1806 t
641 1762 704 1805 ut
724 1756 817 1804 lib.
837 1762 886 1804 5.
911 1755 1233 1817 Epigramm.
1257 1758 1339 1805 63.

530 1834 689 1883 Eme.
711 1845 845 1882 an.
914 1832 1107 1881 Picens
1145 1831 1536 1893 Epigrammata

468 1910 534 1958 ad
571 1924 818 1959 nauseam
853 1910 1007 1972 longa
1046 1908 1346 1970 scripserat,
1379 1906 1534 1954 etiam

464 1990 518 2037 in
565 2000 749 2035 aversa
787 1986 973 2034 charta
1012 1983 1098 2049 (on
1132 1983 1211 2033 the
1238 1984 1374 2032 other
1393 1980 1540 2046 side),

468 2064 606 2128 quod
626 2064 818 2114 Juven.
843 2060 978 2110 dixit
996 2062 1012 2088 ‘
1033 2076 1064 2109 a
1086 2059 1271 2124 tergo,’
1296 2074 1411 2110 cnm
1433 2060 1540 2107 Ve-

468 2149 606 2190 teres
624 2153 730 2188 una
749 2143 951 2187 tantum
974 2139 1167 2187 chartae
1189 2137 1324 2186 facie
1347 2136 1538 2186 scribe·

468 2218 619 2286 bant,
676 2215 813 2278 quod
869 2214 1045 2264 bibula
1097 2215 1303 2264 illorum
1358 2214 1541 2263 charta

470 2292 855 2344 transmitteret
885 2298 1249 2341 atramentum.
1315 2290 1540 2342 Jocatur

472 2369 664 2430 Poeta,
703 2383 804 2417 nou
844 2369 1029 2417 mirum
1075 2382 1209 2432 esse,
1250 2368 1313 2428 si,
1358 2381 1541 2415 averso

472 2447 607 2507 Deo,
640 2444 738 2494 hoc
760 2450 862 2505 est,
900 2443 1065 2493 invita
1087 2444 1346 2506 Minerva,
1372 2442 1542 2491 Musis

427 2523 654 2579 „invitis
698 2529 754 2571 et
792 2521 1054 2585 Apolline,
1091 2521 1231 2570 nulla
1268 2524 1547 2583 componat

476 2600 738 2660 Carmina,
762 2598 850 2663 qui
873 2597 925 2646 in
941 2612 1121 2647 aversa
1136 2597 1319 2645 charta
1336 2602 1390 2644 et
1410 2593 1547 2659 opis-

477 2675 785 2740 thograpbio
803 2674 999 2723 scribat
1018 2691 1030 2723 ε
1051 2673 1291 2737 luditque
1309 2672 1362 2721 in
1381 2670 1547 2721 varia-

477 2755 621 2804 tione
644 2751 881 2801 ‘aversa’
906 2761 962 2801 et
981 2752 997 2779 ‘
1015 2748 1234 2801 averso.’

547 2833 711 2881 Erre.
731 2843 895 2879 Lxm.
962 2834 990 2878 1
1018 2829 1289 2891 maylan,
1307 2826 1415 2889 Sym]
1436 2828 1550 2876 De-

478 2909 665 2958 licatos
686 2921 895 2970 pueros,
917 2905 1188 2970 poetarum
1215 2904 1426 2954 amasia.

548 2986 710 3033 Eme.
736 2995 892 3032 mxiv.
959 2984 1163 3045 Clytus,
1184 2982 1373 3045 saepius
1398 2988 1457 3030 ut
1483 2981 1551 3031 ab

482 3060 667 3109 amicis
717 3057 957 3107 natalitia
1004 3072 1218 3106 munera
1269 3058 1553 3122 reciperet,

480 3135 596 3185 fere
631 3141 760 3198 quot
792 3132 1025 3183 calendis
1060 3134 1367 3184 celebrabat
1405 3143 1553 3184 nata-

482 3213 584 3262 lem
608 3226 777 3261 suum.-
843 3211 1015 3261 Poeta
1050 3212 1425 3276 impudentiam
1462 3213 1554 3261 lto-

483 3288 636 3337 minis
660 3287 850 3352 arguit,
886 3295 942 3337 et
966 3296 1143 3338 monet
1165 3294 1223 3337 ut
1246 3288 1404 3337 semel
1430 3294 1555 3350 agat

484 3364 852 3429 genethliaca3
895 3364 1088 3429 alioqui
1122 3378 1186 3413 se>
1215 3365 1341 3413 nihil
1375 3363 1555 3413 missu·

486 3458 620 3504 rum,
654 3443 747 3493 sed
783 3443 1142 3507 neglecturum
1180 3440 1397 3505 perinde
1419 3455 1481 3491 ac
1511 3442 1555 3491 si

486 3526 640 3570 natus
665 3533 767 3569 non
788 3519 971 3568 fuisset
991 3531 1235 3582 unquam.
1270 3518 1399 3566 Rau.

554 3602 583 3647 1
625 3598 695 3647 Ut
724 3610 904 3660 poscas,
940 3594 1048 3659 ξω]
1095 3594 1169 3644 Ut
1192 3594 1368 3643 amicis
1386 3599 1442 3643 et
1461 3593 1555 3643 cli-

487 3672 961 3736 entibumfrequens
983 3671 1139 3720 detur
1154 3671 1360 3720 occasio
1378 3685 1559 3721 muue-

488 3766 603 3801 rum
626 3750 979 3799 natalitiorum
1003 3747 1101 3797 tibi
1122 3747 1387 3796 mittendi.

554 3832 589 3877 2
628 3827 733 3876 Uno
767 3826 995 3887 moeris,
1031 3824 1138 3887 ζα]
1172 3824 1422 3876 Celebras
1457 3839 1562 3874 me·

488 3906 708 3956 moriam
728 3905 916 3954 natalis
940 3903 1020 3954 tui
1047 3903 1211 3953 octies
1235 3916 1332 3966 per
1353 3916 1562 3967 aunum„

489 3983 752 4032 noviesve.
897 4007 900 4010 -

559 4064 591 4109 3
625 4060 763 4109 Solus
794 4064 929 4123 puto,
965 4057 1072 4121 ξω]
1110 4057 1335 4120 Singulis
1370 4058 1562 4107 mensi-

493 4134 613 4197 bus,
641 4136 877 4197 exceptis
904 4142 1106 4186 tautum
1130 4134 1300 4183 tribus
1324 4142 1415 4183 aut
1436 4149 1563 4199 qua-

495 4218 638 4273 tuor,
655 4209 815 4274 habes
832 4209 1071 4258 fictitium
1093 4212 1341 4259 natalem.

563 4294 595 4337 6
629 4287 709 4337 Sit
729 4289 903 4348 cauus,
922 4286 1030 4351 ssa]
1063 4290 1141 4337 Sis
1154 4288 1281 4338 licet
1298 4288 1566 4353 imberbis,

500 4364 645 4414 crine
684 4365 851 4427 niger,
884 4371 1052 4429 tener,
1086 4373 1142 4416 et
1175 4366 1382 4428 mollis3
1414 4367 1566 4417 Pria·

1163 446 1376 497 NOTAE
1424 442 1830 492 VAmoRuM
1884 441 1978 489 ΙΝ.

1592 600 1728 636 mutu
1753 591 1926 635 tamen
1966 587 2023 632 et
2063 581 2289 633 Nestora
2321 579 2471 629 annis
2513 593 2657 642 supe-

1594 678 1711 713 rare
1737 662 1947 724 videris,
1970 660 2056 725 qui
2079 660 2238 709 toties
2265 656 2553 707 celebraris
2575 670 2660 704 na-

1595 740 1772 790 talem.

1660 823 1691 868 7
1730 817 1944 881 Caduca]
2000 816 2217 865 Maturo
2257 812 2465 862 scilicet
2499 818 2553 860 et
2589 810 2662 858 ni-

1599 910 1722 960 gro:
1760 896 1938 958 Epigr.
1958 897 2039 943 ⁷8.
2061 892 2151 942 lib.
2175 897 2223 941 1.
2249 905 2387 940 vers.
2406 895 2458 938 5.

1663 980 1696 1025 9
1730 975 1947 1023 Massam
1982 974 2137 1032 modo,
2171 969 2279 1033 ξω]
2336 969 2538 1016 Metam
2568 966 2664 1014 lac-

1600 1052 1667 1102 tis
1690 1051 1967 1115 coagulati.
2035 1048 2173 1098 Vide
2195 1048 2379 1112 Epigr.
2402 1048 2489 1095 44.
2512 1044 2598 1095 lib.
2622 1049 2666 1092 1.

1601 1142 1739 1177 vers.
1763 1131 1812 1178 7.
2342 1184 2345 1187 ,

1668 1209 1728 1254 11
1769 1206 1949 1265 Cruda,
1970 1203 2075 1267 qe]
2110 1202 2357 1265 Innupta.

1669 1286 1731 1332 18
1767 1283 1951 1331 Natum
1992 1287 2057 1340 te,
2098 1279 2204 1342 ὅςα]
2262 1280 2347 1328 Ne
2382 1292 2538 1326 uuum
2564 1275 2673 1342 qui-

1604 1359 1720 1408 dem
1748 1360 1885 1408 diem
1919 1372 2031 1407 esse
2055 1366 2199 1407 tuum
2218 1356 2444 1404 natalem
2471 1352 2673 1418 putabi-

1605 1451 1736 1499 mus,
1760 1449 1858 1485 nec
1879 1437 1935 1484 in
1958 1451 2020 1484 eo
2039 1434 2137 1484 tibi
2156 1446 2370 1483 munera
2395 1432 2673 1481 mittemus.

1604 1513 1688 1563 An
1705 1521 1847 1563 tecte
1873 1512 2104 1577 spurium
2130 1516 2301 1572 notat,
2323 1508 2390 1558 de
2413 1508 2561 1572 cujus
2587 1522 2675 1554 na-

1608 1591 1700 1640 tali
1723 1604 1826 1639 non
1846 1590 2082 1639 constet?
2290 1582 2293 1583 ⁷

1673 1669 1833 1717 Erro.
1883 1678 2012 1716 mxv.
2079 1664 2211 1714 Post
2247 1663 2520 1713 victoriam
2560 1661 2680 1710 Sar·

1608 1745 1869 1804 rusticam,
1898 1757 2075 1791 arcum
2099 1743 2377 1792 maximum
2396 1738 2680 1802 triumpha·

1586 1824 1712 1890 ‘lem
1735 1820 1832 1870 sibi
1851 1820 1971 1883 poni
1978 1820 2140 1883 jussit
2155 1818 2510 1879 Domitianus,
2527 1829 2679 1881 quem

1612 1906 1807 1963 praeter
1840 1897 1942 1946 alia
1970 1898 2104 1947 illius
2138 1912 2304 1961 opera
2326 1894 2560 1945 celebrat
2586 1894 2683 1941 hoc

1614 1976 1791 2039 Epigr.
1813 1976 2094 2024 Martialis,
2129 1972 2294 2024 Arcus
2312 1972 2531 2023 statima
2555 1984 2685 2018 mor-

1614 2058 1670 2101 te
1707 2044 1823 2115 ejus
1863 2059 1984 2100 sunt
2018 2051 2316 2100 disturbati.
2379 2048 2508 2096 Tam
2533 2047 2683 2095 multi

1615 2138 1764 2178 erant
1799 2143 1894 2192 per
1927 2129 2105 2177 urbem
2140 2127 2360 2188 conditi,
2395 2133 2452 2174 ut
2477 2124 2682 2174 cuidam

1617 2207 1807 2258 Graece
1831 2202 1993 2256 fuerit
2026 2206 2356 2269 inscriptum,
2375 2205 2550 2269 Ἀρκεῖ,
2571 2202 2685 2261 Sus-

1601 2284 1737 2350 ficit.

1684 2365 1710 2410 1
1747 2361 1954 2411 Reducis
1960 2359 2204 2423 fulgentia
2223 2357 2340 2422 late]
2360 2358 2603 2423 Augusto
2621 2357 2687 2407 ob

1616 2437 1843 2487 reditum
1881 2451 1971 2487 ara
2008 2438 2253 2488 Fortunae
2291 2435 2517 2485 Reducis
2565 2448 2685 2484 con-

1618 2521 1855 2565 secratae
1898 2514 2000 2563 Dio
2036 2514 2126 2564 lib.
2168 2517 2249 2564 54.
2283 2513 2613 2572 Domitiano,
2659 2526 2688 2559 a

1619 2590 1755 2639 bello
1778 2591 2061 2640 Sarmatico
2083 2589 2280 2653 reduci,
2297 2590 2550 2651 templum
2565 2588 2690 2637 For·
2734 2625 2735 2628 η

1622 2679 1760 2718 tuuae
1784 2670 2014 2719 Reducis
2034 2668 2369 2719 aed'rficatum.
2402 2667 2568 2731 Τύχην
2580 2668 2691 2716 ἑπα-

1622 2743 1836 2807 νά-γωγον
1883 2747 2118 2810 appellat
2171 2747 2279 2796 Dio
2334 2746 2448 2795 loco
2505 2745 2690 2794 citato.

1623 2824 1867 2873 Meminit
1902 2824 2057 2887 hujus
2096 2824 2342 2872 Fortunae
2369 2831 2424 2872 et
2448 2822 2693 2873 Claudia·

1622 2914 1719 2948 nus
1742 2916 1757 2948 2
1792 2903 1807 2928 ‘
1832 2900 2004 2949 Aurea
2018 2901 2262 2949 Fortunae
2282 2899 2483 2949 Reduci
2503 2901 2545 2948 si
2568 2906 2692 2948 tem-

1622 2978 1712 3040 pla
1752 2978 1946 3041 priores
1986 2976 2074 3028 Ob
2113 2977 2335 3026 reditum
2373 2990 2563 3026 vovere
2600 2976 2692 3023 du-

1624 3054 1782 3104 cum!
2175 3075 2180 3079 ·

1688 3137 1720 3182 2
1758 3132 1905 3183 Felix
1926 3148 2039 3183 areu
2067 3146 2219 3195 nuper
2252 3129 2382 3193 erat]
2436 3131 2566 3179 Viso
2592 3129 2695 3192 pri-

1624 3227 1760 3262 mum
1787 3219 1843 3260 et
1865 3210 2093 3260 salutato
2115 3210 2189 3259 ibi
2208 3208 2470 3273 principe:
2506 3213 2566 3256 ut
2586 3220 2696 3270 seq.

1627 3301 1797 3338 versu.

1691 3368 1720 3413 8
1755 3360 1948 3427 Arctoi]
1980 3360 2276 3413 Sarmatici.
2303 3360 2624 3424 Epigramm.
2647 3364 2696 3409 5.

1623 3440 1772 3490 liba.
1788 3453 1923 3489 vers.
1948 3444 1996 3489 1.
2026 3439 2301 3501 Formosus,
2311 3436 2418 3500 Sym]
2440 3436 2698 3485 Pulveru·

1625 3519 1766 3569 lenta
1785 3514 1914 3567 belli
1938 3516 2104 3581 gloria
2120 3515 2351 3578 insignis.

1690 3599 1724 3646 4
1762 3596 2062 3658 Purpureum
2087 3592 2260 3655 jubar]
2314 3591 2484 3655 Purp.
2508 3589 2701 3646 radios,

1630 3673 1896 3722 ruborem.

1692 3755 1722 3798 5
1756 3748 1917 3799 Lauro
1958 3746 2202 3808 redimita,
2233 3744 2343 3808 ξω]
2398 3742 2637 3806 Principi
2670 3756 2701 3792 e

1628 3827 1767 3877 bello
1789 3825 1974 3875 reduci
1996 3829 2370 3889 processerunt
2403 3820 2608 3870 obviam
2632 3819 2704 3868 ci·

1633 3920 1721 3955 ves
1739 3902 1995 3954 laureatis
2031 3901 2210 3964 Epigr.
2234 3901 2284 3948 7.
2306 3898 2398 3947 lib.
2420 3901 2473 3947 7.
2489 3911 2628 3946 vers.
2652 3899 2705 3944 8.

1631 3984 1704 4032 Et
1725 3979 1993 4045 quoslibet
2029 3977 2155 4025 loeta
2188 3971 2490 4023 nuntiantes
2512 3973 2576 4021 ad
2598 3972 2701 4021 hoc

1632 4058 1922 4120 exemplum
1965 4051 2318 4115 excipiebant,
2359 4056 2416 4098 et
2449 4063 2514 4097 eo
2548 4047 2698 4097 modo

1634 4133 1868 4183 loetitiam
1892 4144 2039 4179 suam
2061 4126 2406 4177 testabantur.
2475 4124 2629 4174 Unde
2647 4130 2699 4171 et

1635 4211 1811 4259 domos
1838 4209 1982 4257 lauro
2005 4212 2060 4255 et
2083 4203 2290 4253 caeteris
2316 4200 2582 4251 frondibus
2618 4215 2697 4249 or·

1635 4285 1831 4337 nabant
1850 4286 1905 4334 iu
1926 4283 2112 4333 taetitia
2126 4280 2350 4343 publica,
2372 4287 2427 4328 et
2445 4269 2694 4343 ejusmodi

1638 4363 1950 4415 solemnibus
1973 4361 2241 4423 ὑποδοχαῖς.
2307 4358 2414 4409 Sed
2435 4367 2492 4408 et
2520 4359 2573 4406 in
2594 4357 2692 4420 pri·
