2985 4937
698 380 785 428 M.
832 379 1003 428 vAn.
1049 380 1471 431 Man'mams
1520 382 1768 432 nmen.
1820 384 1958 434 [ΑΒ.
2006 386 2088 434 X.

298 507 405 572 logo
425 513 567 558 uoto.
620 506 756 558 Vide
778 507 970 559 Horat.
1005 506 1179 573 satyr.
1199 513 1250 558 8.
1288 508 1350 559 li-

299 584 386 634 bro
420 590 469 633 2.
505 599 645 634 vers,
690 588 806 634 308.
848 583 986 634 uude
1023 585 1120 634 hoe
1165 587 1349 651 Epigr.

297 670 546 726 sumptum
573 661 798 712 videtur.

356 740 510 794 Eam.
556 752 730 790 uxxx.
786 739 955 790 Notat
990 738 1077 789 hic
1122 740 1353 804 Erotem,

296 817 376 882 qui
407 825 587 880 aperte
624 814 803 876 flebat,
828 831 986 881 quum
1009 815 1220 865 venales
1245 816 1351 865 tlte·

294 907 459 943 sauros
473 892 629 943 inani'
643 891 926 956 marsupio,
942 891 1157 953 frustra,
1177 892 1352 940 dolen·

295 970 525 1035 tibusque
546 970 710 1020 oculis
734 975 1030 1034 „spectarem
1069 983 1167 1018 nec
1187 968 1349 1032 inopi·

236 1049 241 1054 '
296 1060 388 1108 am,
410 1061 506 1096 nec
541 1044 789 1096 affectum
813 1044 1194 1094 dissimularet:
1229 1059 1347 1093 cum

296 1137 390 1186 quo
412 1122 538 1172 alios
562 1136 712 1187 aeque
743 1127 957 1186 egentes
979 1136 1040 1170 ac
1062 1122 1194 1170 Eros
1217 1129 1351 1184 erat,

295 1199 377 1248 sed
397 1199 627 1249 ridentes
647 1200 701 1249 in
718 1199 947 1263 speciem
966 1204 1021 1247 et
1040 1196 1348 1248 mendicita-

296 1282 393 1325 tem
418 1276 518 1328 risu
544 1282 802 1341 tegentes,
824 1274 1105 1338 componit.

301 1365 308 1388 ³
352 1357 377 1401 1
413 1354 587 1403 Plorat
633 1355 775 1416 Eros,
810 1350 919 1416 Esca]
962 1348 1117 1401 Quod
1138 1363 1239 1399 non
1261 1349 1349 1402 ha·

292 1427 395 1491 bet,
416 1430 554 1479 unde
573 1430 692 1480 haec
727 1428 898 1478 omnia
919 1435 1077 1489 emat,
1097 1441 1214 1489 quae
1236 1425 1349 1474 lici-

293 1506 386 1554 tari
421 1506 680 1569 gestiebat
717 1506 1013 1555 Mamurra:
1051 1501 1236 1566 Epigr.
1267 1506 1351 1553 60.

291 1577 373 1630 lib.
393 1586 464 1632 9.·
507 1581 753 1647 Myrrhae]
785 1582 872 1630 De
897 1580 1099 1644 poculis
1135 1580 1351 1630 murrhi·

290 1659 380 1720 nis,
400 1660 516 1709 vide
541 1676 661 1725 quae
689 1660 755 1709 ad
779 1658 961 1722 Epigr.
987 1660 1099 1707 113.
1122 1656 1211 1707 lib.
1237 1661 1315 1707 14.

241 1761 262 1778 ι
298 1754 305 1760 ·
348 1739 379 1784 2
414 1735 628 1800 C‘ttrum]
683 1736 920 1785 Mensam
954 1733 1188 1784 citream.
1222 1733 1347 1798 Epi·

191 1816 198 1821 ‘
291 1824 495 1873 gramm.
517 1817 601 1864 60.
626 1814 720 1862 lib.
739 1816 788 1860 9.
814 1825 950 1863 vers.
971 1815 1054 1859 10.

347 1890 378 1935 3
412 1888 513 1938 Iuro
531 1890 735 1955 promit]
766 1886 973 1953 Anglic.
1006 1886 1149 1940 Juuii
1186 1886 1345 1946 ducit:

291 1969 498 2014 recte..
599 2009 606 2012 .

297 2043 389 2088 4
414 2041 533 2092 Tota
568 2043 740 2107 Septa,
772 2041 877 2106 ξω]
912 2033 1102 2092 Omnia
1121 2056 1237 2106 quae
1261 2055 1348 2092 ve·

290 2114 421 2165 nalia
453 2127 785 2182 exponuntur
825 2119 877 2167 iu
906 2117 1116 2181 Septis.
1167 2117 1347 2182 Epigr.

293 2192 365 2239 14.
381 2192 466 2243 lib.
488 2197 536 2243 2.
560 2208 698 2246 vers.
720 2199 770 2244 5.
792 2200 849 2243 et
863 2193 1060 2256 Epigr.
1076 2197 1160 2248 60.
1182 2193 1275 2248 lib.
1298 2196 1349 2242 9.

292 2279 418 2317 vers.
443 2274 491 2319 1.
532 2278 587 2321 et
608 2275 661 2320 2.
732 2268 951 2333 Colimut]
996 2268 1220 2320 Quidam
1262 2267 1349 2317 hic

291 2342 460 2408 legunt
480 2353 653 2411 coenut,
667 2347 803 2413 quod
825 2348 908 2396 hic
923 2346 1218 2397 absurdum.

349 2426 379 2470 6
410 2422 611 2477 Limine
645 2424 792 2490 εἰσοο]
842 2422 950 2474 Sed
979 2421 1161 2482 tacite,
1184 2420 1347 2471 oculis

293 2510 388 2548 non
410 2501 834 2567 lacrymantibus,
863 2501 1057 2565 absque
1089 2497 1349 2562 lacrymis.

349 2581 392 2626 6⁷
412 2579 670 2646 Laerymus
681 2579 833 2642 ridet]
850 2578 975 2627 Risu
992 2577 1117 2627 ficto
1136 2576 1351 2627 coercet

292 2650 667 2724 dissimulatque
709 2658 987 2720 lacrymae,
1033 2669 1159 2720 quas
1211 2654 1350 2704 lutus

293 2734 544 2799 concepit.
612 2735 707 2785 Gr.
726 2734 949 2796 ’γναθμοῖς
960 2733 1114 2797 ’γελᾷν
1128 2731 1348 2795 ἀλλοτρί-

197 2864 200 2867 ‚
295 2822 372 2869 οιε,
393 2809 443 2858 id
467 2819 569 2875 est,
593 2810 775 2861 alienis
797 2809 979 2860 buccis
1000 2809 1211 2860 ridere:
1246 2823 1350 2859 non

298 2896 358 2933 ex
378 2887 576 2952 anim03
614 2889 702 2952 qui
738 2902 811 2938 sc.
833 2914 834 2917 =
853 2887 1168 2951 spemvultu
1192 2885 1349 2941 simu·

294 2959 415 3027 lant,
443 2974 499 3015 et
533 2971 780 3030 premunt
814 2966 976 3016 altum
1012 2963 1170 3017 corde
1205 2963 1355 3021 dolo:

299 3049 417 3088 rem.

301 3143 312 3152 ·
355 3114 511 3173 Erre.
536 3132 757 3169 Lxxxu.
779 3117 1107 3181 Deprecatur
1122 3113 1348 3166 officium

298 3195 717 3255 anteambulonis‚
740 3193 881 3260 quod
913 3193 987 3242 ait
1020 3193 1119 3242 sibi
1141 3206 1349 3257 nocere,

296 3269 449 3325 aulico
470 3273 543 3322 nil
564 3271 829 3337 prodesse.

356 3348 382 3392 1
417 3347 627 3414 Siquid
664 3353 847 3411 nostra,
877 3346 987 3409 Sym]
1041 3346 1093 3395 Si
1125 3346 1208 3395 cui
1250 3344 1348 3394 tibi

298 3421 404 3469 usui
425 3431 480 3472 et
500 3425 849 3479 emolumento
873 3438 989 3479 esse
1012 3421 1213 3486 possint
1235 3418 1344 3472 offi-

298 3496 374 3545 cia
396 3515 425 3548 a
446 3517 527 3552 me
548 3503 763 3566 cliente,
783 3501 868 3550 cui
890 3500 1207 3562 submolesta
1232 3498 1347 3548 haec

298 3576 524 3642 servitus.

310 3672 316 3691 ¹
356 3655 386 3700 2
422 3656 734 3720 Togatusero]
767 3653 1048 3707 Officiosus
1064 3652 1242 3716 cliens,
1259 3652 1347 3716 qui

303 3734 565 3784 patronum
606 3741 814 3803 togatus
852 3731 1146 3787 comitatur.
1227 3728 1350 3792 Alii,

306 3803 486 3863 ‘eguus
508 3827 586 3860 eo.

361 3883 388 3927 ι’·
412 3882 784 3951 Stridentesque]
804 3885 929 3937 Juv.
948 3883 1061 3933 Sat.
1085 3888 1133 3943 5.
1154 3897 1229 3934 vs.
1241 3886 1324 3932 75.

360 3959 391 4005 6
425 3960 743 4026 Ingeniumque
778 3959 960 4023 cruces]
1018 3958 1082 4008 Id
1113 3964 1213 4021 est,
1246 3965 1349 4007 tor-

304 4038 497 4084 menta
484 4051 942 4102 ingenuorum,seu
958 4037 1234 4085 liberorum
1257 4035 1347 4084 ho·
1379 4094 1382 4095 ⁷

290 4105 503 4163 minum.
563 4114 649 4164 Sic
671 4114 902 4178 appellat
935 4109 1105 4163 officia
1139 4117 1195 4160 et
1229 4126 1350 4161 con-

307 4190 631 4255 cursationes,
664 4204 781 4255 quae
815 4188 967 4238 liberi
1006 4187 1240 4237 homines
1274 4196 1350 4237 te·

305 4259 495 4315 nuiores
548 4265 962 4332 opulentioribus
1014 4265 1351 4330 proestabant.

2317 370 2488 438 1381

1429 509 1709 560 Gronovius.
1776 512 2098 577 Ing-cauasque
2110 512 2291 603 cruces]
2321 514 2493 565 Servi·

1425 586 1498 636 lia
1530 585 1716 651 officia,
1737 602 1851 652 quae
1875 603 1977 639 non
2002 606 2150 655 aequo
2176 591 2348 642 animo
2385 592 2492 644 fert

1425 661 1704 726 ingenuus.

1488 742 1520 789 8
1555 740 1703 804 Mihi,
1721 742 1865 792 Galle
1869 744 2083 852 ,uoceutj
2102 744 2191 795 Sic
2209 695 2387 810 Epigr.
2403 750 2488 796 71.

1423 816 1513 866 lib.
1541 822 1584 867 1.
1606 831 1741 869 vers.
1762 823 1843 869 17.

1488 894 1652 944 Epio.
1670 908 1918 945 Lxxxm.
1933 896 2149 950 Calvum
2171 896 2356 947 irridet
2367 897 2490 947 Ma-

1422 970 1611 1032 rinum,
1631 978 1690 1021 ut
1714 973 1751 1022 l.
1773 978 1822 1022 5.
1849 972 2031 1036 Epigr.
2055 978 2138 1024 40.
2158 973 2467 1025 Labienum.

1489 1051 1517 1096 1
1555 1048 1711 1096 Raros
1731 1047 1936 1110 colligis]
1970 1048 2156 1104 Comas
2176 1064 2207 1097 a
2227 1046 2405 1102 fronte
2428 1055 2487 1100 et

1423 1123 1748 1187 temporibus
1782 1125 2030 1189 utrinque
2065 1125 2261 1189 rejicis,
2296 1133 2351 1177 et
2380 1125 2489 1177 dis·

1423 1199 1575 1263 ponis
1598 1200 1663 1249 ad
1687 1201 1959 1263 tegendam
1980 1202 2204 1258 calvam·

1487 1279 1520 1325 3
1556 1275 1803 1339 Campum,
1818 1277 1926 1341 ἔγω]
1949 1259 2344 1344 Calvam,quam
2363 1278 2487 1343 Epi·

1424 1359 1714 1414 grammate
1736 1356 1818 1403 40.
1858 1353 1946 1402 lib.
1971 1358 2020 1402 5.
2042 1368 2174 1404 vers.
2192 1358 2242 1404 7.
2282 1354 2488 1405 dixerat

1419 1429 1438 1456 ⁴
1459 1426 1668 1477 aream!

1420 1577 1457 1627 fl
1484 1506 1518 1551 4
1555 1504 1790 1566 Redeunt,
1809 1502 1913 1567 εμπ]
1945 1504 2007 1554 In
2037 1520 2185 1555 suum
2206 1507 2375 1557 locum
2396 1506 2487 1557 de·

1463 1586 1608 1629 uuut.

1484 1660 1515 1704 5
1569 1656 1936 1718 Reddunturque
1967 1626 2083 1719 sibi]
2148 1655 2301 1706 Idem
2342 1653 2503 1721 quod

1422 1739 1544 1782 ante
1564 1731 1759 1795 dixit,‘
1780 1731 2043 1781 redeunt.’
2570 1787 2574 1790 Α

1485 1814 1519 1859 6
1555 1810 1712 1858 Cirris
1746 1810 2029 1873 grandibus]
2082 1807 2236 1873 Cirri,
2273 1810 2487 1873 capilla-

1419 1891 1598 1950 menta
1622 1885 1836 1934 velutin
1857 1885 2049 1934 nodum
2071 1885 2315 1950 collecta,
2328 1886 2484 1950 Bel&

1421 1963 1738 2029 Huyr-locke.

1484 2046 1516 2092 7
1554 2043 1692 2094 Inter
1710 2040 2111 2105 Spendophorum,
2133 2042 2241 2107 ξω]
2271 2042 2359 2092 Ita
2378 2044 2485 2093 cal·

1421 2132 1486 2168 va
1504 2124 1602 2176 =tua
1640 2117 1885 2181 utrinque
1912 2118 2112 2178 ,cirrata
2135 2117 2345 2177 videtur
2366 2111 2489 2172 esse

1421 2201 1585 2257 caput
1604 2193 1739 2243 calvi
1760 2193 2111 2257 Hermerotae,
2146 2194 2283 2250 inter
2305 2195 2486 2259 capita

1421 2269 1618 2321 cirrata
1658 2269 1874 2317 duorum
1929 2284 2207 2332 puerorum
2252 2272 2485 2335 Spendo-

1424 2345 1573 2409 phori
1612 2350 1667 2394 et
1708 2344 2030 2407 Telesphori.
2103 2346 2238 2395 Vide
2280 2348 2517 2401 calvam.

1422 2420 1659 2484 Labieni,
1680 2420 1858 2485 Epigr.
1875 2425 1959 2471 49.
1982 2420 2072 2472 lib.
2095 2426 2146 2472 5.

1486 2502 1519 2547 8
1554 2498 1702 2561 Cydae
1742 2502 1871 2546 stare
1897 2497 2107 2560 putabis,
2144 2497 2251 2565 astu]
2318 2497 2481 2564 Cydae

1420 2574 1598 2623 nescio
1637 2573 1781 2637 cujus
1816 2572 1970 2637 filius,
2017 2573 2352 2625 Hermerotes
2399 2579 2480 2627 vel

1420 2649 1793 2714 Telesphorus.
1814 2649 2038 2713 Fur-nub.
2108 2650 2246 2702 Quid
2272 2651 2315 2700 si
2338 2640 2489 2716 legas'

1422 2742 1539 2791 cum
1558 2725 1812 2785 Heraldo.
1845 2725 1928 2775 Sic
1949 2728 2140 2777 adstare
2168 2726 2381 2792 putabis,
2396 2733 2482 2794 ξιτ.

1425 2805 1496 2876 Et
1517 2803 1754 2869 sequenti
1777 2816 1949 2871 versu,
1994 2804 2080 2853 Vis
2101 2809 2156 2853 tu
2190 2804 2486 2870 simplicius?

1419 2899 1577 2933 senem
1608 2883 1790 2944 fatere.
1857 2881 2202 2946 Respondeot
2236 2883 2370 2933 male
2403 2882 2481 2933 fe·

1420 2963 1601 3024 cerim.
1668 2963 1807 3012 Nam
1841 2961 1988 3025 Cydoe
2012 2961 2336 3011 ‘vocabulum
2377 2975 2483 3012 non

1420 3054 1536 3105 esse
1558 3039 1863 3103 mutandum
1900 3037 2024 3087 satis
2061 3036 2246 3101 probat
2278 3038 2482 3089 Scrive-

1416 3116 1526 3166 rius
1545 3122 1573 3166 ε’
1594 3115 1723 3164 illud
1761 3123 1953 3177 autem,
1977 3113 2061 3181 vis
2086 3117 2141 3162 tu
2165 3114 2339 3175 fateri,
2377 3115 2483 3164 ele·

1419 3198 1606 3257 gunter
1624 3190 1824 3240 dictum
1860 3188 2181 3238 ostendimus
2220 3189 2287 3239 ad
2324 3191 2486 3240 Sene-

1419 3282 1537 3316 cam
1561 3267 1628 3316 de
1645 3267 1735 3316 Ira
1755 3269 1901 3316 8.38.
1926 3271 1981 3313 et
1995 3265 2216 3328 Epistol.
2232 3269 2315 3315 58.
2354 3266 2480 3316 Gro-

1416 3343 1599 3393 novius.

1485 3422 1549 3468 12
1575 3416 1795 3479 comato]
1818 3418 1910 3466 Cal
1919 3417 2093 3468 vitiem
2106 3417 2483 3484 dissimulante,

1421 3505 1480 3553 ut
1503 3503 1737 3546 comatus
1755 3494 2014 3546 videatur.

1437 3624 1440 3627 ,
1488 3574 1649 3623 Eum.
1675 3585 1912 3622 Lxxxtv.
1947 3575 1978 3621 2
2026 3573 2153 3633 Qua,
2200 3571 2484 3634 Coeditiane,

1420 3648 1576 3714 uides]
1608 3649 1779 3701 Quam
1813 3649 1989 3698 vetula
2033 3653 2090 3696 et
2129 3645 2350 3696 deformi
2389 3662 2485 3701 ux-

1423 3741 1535 3777 ore.

1488 3802 1654 3851 Eme.
1683 3812 1900 3850 xxxxv.
1953 3799 2174 3862 Elegans
2209 3805 2263 3846 et
2301 3810 2483 3845 venus-

1422 3884 1533 3928 tum
1569 3877 1904 3940 Epigramma
1935 3874 2001 3924 ab
2035 3881 2228 3923 eventu
2263 3879 2485 3933 natum3

1423 3969 1581 4020 quum
1601 3954 1838 4001 demersa
1857 3965 1995 4021 nave
2008 3956 2245 4000 servatus
2263 3954 2346 4002 est
2365 3959 2488 4008 uau7

1423 4037 1501 4094 ta,
1522 4028 1611 4095 qui
1635 4029 1776 4087 salva
1798 4027 2058 4092 periisset.

1487 4111 1520 4156 2
1556 4104 1790 4155 Proxima
1828 4103 2032 4166 dilectis,
2065 4102 2169 4167 &ct-J
2203 4102 2366 4155 Juxta
2401 4100 2483 4151 'ri-

1421 4182 1609 4246 berim,
1660 4181 1762 4233 sibi
1806 4188 2069 4232 assuetum
2115 4179 2488 4244 dilectumque,

1427 4274 1515 4309 rus
1538 4257 1681 4327 emit.
