2985 4937
483 424 661 501 1206

482 598 611 647 tiam
634 597 689 644 et
724 590 1080 658 patrocinium.
1133 589 1413 653 stemmate]
1449 590 1549 640 Ce-

483 673 554 723 ris
589 679 645 723 et
667 668 973 733 imaginibus
1009 667 1304 717 nobilitato.

549 755 582 803 2
620 750 717 799 Ter
752 748 1041 797 numeranda
1082 746 1267 808 domus]
1314 744 1549 807 Propter

481 826 737 877 Senecam
783 829 984 888 patrem
1023 821 1325 881 Rhetorem,
1384 818 1548 869 filium

482 902 593 964 ejus
646 899 1033 962 Philosophum,
1083 906 1240 960 atque
1281 896 1546 945 Lucanum

483 984 753 1041 nepotem:
790 977 895 1035 vel,
934 980 1150 1038 propter
1188 976 1237 1022 8.
1257 971 1390 1021 filios
1414 972 1550 1021 Rhe-

483 1056 630 1119 toris,
646 1053 920 1114 Anuaeum,
940 1052 1227 1102 Gallionem
1252 1065 1344 1100 seu
1370 1051 1548 1101 Nova-

482 1120 613 1196 tum,
667 1139 722 1183 et
766 1131 986 1180 Melam.
1031 1129 1139 1197 Alii
1197 1129 1302 1179 dici
1348 1131 1550 1190 volunt,

485 1209 824 1276 quasi⁴,valde
865 1206 1205 1270 numeranda,
1250 1220 1398 1273 quam
1441 1206 1548 1256 vim

486 1287 625 1351 apud
649 1286 863 1353 Graecos
885 1284 1044 1333 habet
1061 1282 1174 1348 τρίς.

549 1367 579 1411 3
618 1363 788 1412 Tantis
806 1361 992 1424 regnis]
1035 1360 1440 1421 Patrociniis,et
1456 1375 1548 1424 pa-

482 1439 646 1490 tronis
670 1439 771 1487 illis
793 1438 1065 1487 ditioribus
1105 1446 1161 1488 et
1195 1436 1550 1488 nobilioribus.

481 1514 747 1579 ‘Regnis'
783 1529 907 1579 ergo
946 1530 1042 1579 pro
1082 1516 1309 1580 regibus.
1376 1506 1549 1577 Reges

485 1593 623 1642 enim
680 1593 1016 1656 appellabant
1072 1593 1260 1641 amicos
1314 1605 1553 1655 magnos,

484 1683 614 1734 quos
633 1669 888 1719 colebant.

547 1749 579 1794 4
611 1745 945 1809 Pauper‚&c.]
979 1745 1273 1809 Pauperem
1293 1749 1345 1794 te
1358 1751 1412 1793 et
1446 1758 1550 1793 non

481 1823 776 1885 patritium,
821 1830 879 1871 ut
904 1822 1158 1883 Pisone33
1194 1821 1285 1870 sed
1321 1822 1550 1887 equitem

482 1899 759 1963 anteposui
786 1905 839 1947 te
862 1904 917 1947 et
938 1896 1280 1948 nobilioribus
1305 1912 1366 1947 ac
1396 1897 1554 1946 ditio-

481 1976 662 2038 ribus;
694 1989 865 2039 neque
898 1980 1075 2023 tamen
1118 1988 1267 2023 secus
1300 1975 1436 2024 colui
1472 1981 1551 2024 at-

481 2040 584 2118 ique
602 2053 866 2102 consulem
889 2058 981 2101 ant
1003 2052 1348 2101 consularem.
1418 2054 1549 2104 Rau.

483 2131 582 2180 Sed
625 2131 744 2180 mihi
764 2130 1070 2193 consuleres]
1102 2132 1197 2192 Te,
1229 2130 1449 2192 perinde
1487 2146 1551 2181 ac

478 2208 656 2257 consul
674 2216 766 2256 seu
790 2206 1074 2257 consularis
1094 2221 1252 2269 esses,
1272 2208 1430 2257 colui.

548 2288 582 2333 6
613 2280 803 2348 Lectus,
826 2285 934 2348 ξιτ]
968 2285 1367 2335 Discubitorius.
1432 2287 1546 2335 Tri-

483 2360 711 2423 clinaris,
729 2371 786 2410 ut
806 2362 970 2413 Scriv.
990 2364 1123 2424 vult,
1159 2376 1260 2411 non
1284 2363 1547 2412 cubicula·

482 2439 568 2488 ris.
637 2437 999 2489 ‘Communis'
1042 2452 1167 2503 ergo
1190 2438 1456 2489 et‘unus'
1480 2438 1547 2487 ad

481 2530 735 2566 summam
796 2517 1038 2567 amicitiae
1111 2515 1547 2581 significationem

478 2594 729 2657 pertinet.
825 2620 833 2629 ·

546 2674 578 2719 7
614 2672 838 2736 Perdere,
868 2672 975 2736 ξω]
1006 2672 1308 2722 Diminuere
1351 2671 1450 2721 tibi
1494 2678 1551 2720 et

480 2760 700 2812 erogare
746 2750 799 2799 in
855 2750 1077 2799 amicum
1119 2756 1365 2799 veterem·
1432 2750 1552 2811 Vel,

473 2825 587 2889 jam
611 2839 695 2874 me
727 2826 968 2876 donando
1007 2832 1159 2891 potes
1198 2840 1425 2890 servare,
1465 2828 1552 2877 vel

477 2915 578 2951 non
602 2902 960 2952 subveniendo
983 2902 1222 2966 perdere.

546 2983 580 3028 9
613 2978 817 3042 Regem]
852 2978 1160 3030 Patronum.

488 3079 493 3084 ·
546 3059 610 3105 10
646 3046 1004 3120 Haedos-em,
1016 3058 1194 3121 placet,
1230 3057 1342 3122 esa]
1373 3058 1552 3122 Itane,

479 3149 511 3183 o
538 3134 798 3183 Fortuna?
852 3149 916 3183 an
949 3135 1001 3184 in
1033 3135 1135 3185 hoc
1169 3135 1352 3186 ditasti
1399 3139 1556 3189 Post-

478 3211 685 3260 umum?
708 3217 854 3260 certe
872 3219 930 3261 et
947 3226 1029 3262 me
1046 3218 1103 3262 et
1121 3219 1194 3282 te,
1211 3214 1386 3277 credo,
1403 3213 1554 3266 fefel-

478 3287 564 3349 lit,
609 3282 681 3337 ac'
711 3289 874 3338 veluti
904 3290 1077 3353 proles
1120 3291 1371 3340 Postuma
1394 3301 1554 3356 rupto

480 3370 801 3417 testamento
844 3363 1099 3417 fratribus
1133 3367 1393 3418 imminuit
1422 3384 1553 3419 rem.

482 3441 648 3494 Quasi
685 3443 866 3493 innuat
888 3444 1171 3495 Fortunam
1197 3460 1260 3495 eo
1290 3444 1396 3495 fine
1419 3446 1553 3497 divi—

478 3518 583 3568 tias
607 3518 812 3568 dedisse
839 3518 1109 3583 Postumo,
1130 3527 1190 3570 ut
1224 3520 1459 3572 liberalis
1499 3522 1552 3572 in

480 3595 672 3645 amicos
688 3602 832 3646 esset
853 3611 868 3645 ε
892 3597 934 3646 is
951 3603 1140 3661 autem,
1163 3596 1278 3645 illas
1303 3596 1551 3661 adeptus,

476 3686 662 3732 avarus
684 3671 857 3724 factus
881 3672 1081 3724 fuerat:
1106 3679 1164 3722 et
1183 3673 1259 3722 sic
1276 3688 1369 3724 nos
1391 3674 1553 3724 dece-

481 3748 579 3812 pit.
619 3749 758 3798 Ram.
1535 3785 1542 3792 -

547 3825 707 3875 Eme.
739 3838 856 3875 κω.
894 3828 921 3880 1
950 3824 1081 3880 Quid
1117 3825 1423 3889 recitaturus,
1443 3829 1552 3896 ξω]

480 3901 753 3951 Focalibus
774 3916 804 3950 e
828 3899 1007 3951 fasciis
1045 3900 1206 3951 laneis
1245 3904 1551 3957 muniebant

478 3977 659 4029 fauces
676 3976 951 4027 recitaturi
965 3975 1212 4027 adversus
1227 3980 1414 4030 ravim:
1432 3998 1549 4047 quae

406 4109 411 4115 ,
479 4054 806 4106 auditoribus
828 4056 993 4120 magis
1024 4057 1307 4107 convenire
1333 4058 1553 4123 jocatur

479 4132 655 4182 Poeta
677 4131 743 4180 ad
766 4146 918 4182 aures
941 4133 1306 4197 obstruendas,
1325 4149 1390 4185 ne
1414 4138 1550 4186 male

481 4209 791 4259 recitantem
819 4210 898 4261 vel
922 4210 1174 4273 pessimos
1199 4223 1383 4261 versus
1402 4214 1551 4263 andis

481 4289 591 4335 ant.
636 4284 874 4336 Allusum
892 4285 1100 4356 yidetur
1122 4287 1189 4337 ad
1203 4288 1256 4338 id
1282 4288 1554 4340 Xenocra·

480 4363 581 4414 tis:
622 4361 839 4414 ‘Pueris
869 4362 1146 4424 adversum
1179 4366 1361 4431 turpia
1401 4367 1549 4422 dicta

1192 438 1407 496 No'rAE
1456 436 1861 494 vARioRUM
1913 434 1993 491 ῘΝ
2049 430 2058 435 ’

1625 588 1799 652 potius
1816 584 2107 636 muniendae
2122 599 2271 636 aures
2289 580 2516 649 follibus,
2533 591 2705 653 quaml

1625 665 1837 714 athletis
1881 663 2152 712 adversum
2198 662 2331 714 ictus
2368 665 2685 714 adversario-

1625 738 1775 791 rum.’
1823 739 2061 789 Laertius
2104 744 2152 788 4.
2182 740 2323 789 Vide
2358 741 2458 804 Ep.
2502 743 2618 790 142.
2655 741 2687 790 Ι.

1626 821 1704 868 14.
2461 826 2466 831 ’

1639 910 1642 913 ·
1688 896 1846 944 Erre.
1873 908 2019 944 κων.
2070 899 2096 942 1
2128 893 2325 944 Vesvius
2345 891 2552 957 umbris]
2584 893 2692 942 Ve-

1623 972 1754 1021 suvii
1783 973 1875 1021 ‘vel
1913 971 2096 1021 Vesvii
2137 971 2327 1019 montis
2384 970 2563 1035 (quem
2601 969 2692 1018 alii

1627 1048 1907 1097 Vesebium
1945 1048 2030 1097 vel
2067 1047 2311 1096 Vesbinm
2362 1043 2584 1109 vocant)
2615 1045 2695 1093 in·

1621 1126 1862 1176 cendium
1916 1125 2178 1188 deplorat.
2231 1125 2357 1173 ’Est
2391 1122 2693 1172 notissimus

1623 1216 1767 1251 mons
1808 1202 1858 1250 in
1898 1201 2185 1264 Campania
2226 1199 2387 1251 felici.
2455 1199 2573 1249 Hoc
2611 1198 2694 1247 in·-

1624 1282 1810 1333 cendio
1833 1283 2100 1332 extinctus
2123 1280 2225 1332 fuit
2250 1281 2521 1332 Naturalis
2544 1280 2691 1331 Hist.

1626 1366 1778 1410 autor
1798 1360 2019 1420 Plinius,
2049 1360 2200 1422 cujus
2231 1370 2409 1408 casum
2441 1358 2696 1407 describit

1625 1436 1828 1486 Plinius
1856 1436 2037 1500 junior
2073 1437 2164 1486 lib.
2201 1439 2251 1485 6.
2295 1437 2465 1501 Epist.
2498 1439 2584 1487 16.
2626 1435 2695 1486 ad

1624 1514 1797 1563 Tacit.
1847 1513 2125 1573 Vesuvius,
2177 1526 2323 1562 mons
2368 1513 2698 1577 Campaniae,

1627 1591 1729 1640 vini
1747 1590 1934 1654 optimi
1954 1588 2319 1640 fertilissimus.
2362 1590 2448 1638 Sic
2472 1591 2659 1640 Florus
2677 1605 2693 1638 ε

1625 1669 1640 1695 ‘
1657 1667 1763 1716 Hic
1787 1666 1968 1716 amicti
2001 1667 2197 1715 vitibus
2219 1675 2438 1730 montes,
2465 1667 2697 1728 Gaurus,

1625 1745 1896 1802 Falernus,
1930 1744 2207 1804 Massicus,
2231 1751 2285 1793 et
2316 1743 2698 1808 pulcherrimus

1624 1821 1851 1870 omnium
1871 1821 2131 1870 Vesuvius
2150 1821 2317 1870 AEtnae
2341 1821 2608 1871 imitator)

1689 1903 1723 1948 2
1753 1895 1931 1960 Lam]
1967 1896 2071 1948 Qui
2095 1896 2372 1960 excipiunt
2388 1897 2510 1945 vina
2531 1898 2701 1962 praelo

1625 1986 1889 2039 expressa.
1945 1974 2126 2037 Epigr.
2162 1978 2243 2023 27.
2276 1974 2368 2022 lib.
2400 1974 2450 2024 ⁷.
2488 1988 2626 2024 vers.
2650 1980 2701 2025 7.

1624 2050 1930 2101 Torcularia
1953 2063 2094 2113 vero,
2140 2051 2318 2115 quibus
2346 2066 2461 2101 uvae
2500 2062 2700 2115 pressae

1623 2128 1852 2178 fundunt
1875 2133 2078 2178 nectar.

1688 2212 1720 2257 3
1756 2208 1906 2271 Nysoe
1927 2206 2085 2267 colles,
2114 2205 2224 2268 ἅμ]
2281 2203 2445 2254 India*
2479 2208 2702 2269 montis,

1623 2287 1822 2337 Bacchi
1846 2284 2104 2335 natalibus
2139 2290 2196 2333 et
2231 2283 2509 2333 itineribus
2547 2285 2701 2339 clari.

1624 2364 1780 2415 Unde
1817 2372 1874 2414 et
1910 2363 2107 2412 invenit
2144 2376 2329 2410 nomen
2368 2363 2637 2427 Dionysii,
2669 2378 2703 2413 a

1623 2441 1756 2494 Jove
1781 2447 1837 2490 et
1861 2440 2009 2504 Nysa
2032 2437 2339 2488 derivatum.

1687 2521 1719 2569 4
1754 2516 1947 2581 Satyri]
1983 2511 2187 2565 Bacchi
2201 2516 2435 2566 comites.

1689 2603 1720 2647 6
1757 2596 1880 2645 Haec
1910 2595 2109 2645 Veneris
2146 2594 2302 2657 sedes]
2351 2596 2418 2645 In
2460 2596 2701 2647 Vesuvio

1626 2679 1799 2721 monte
1845 2671 1950 2721 duo
1991 2678 2146 2721 erant
2180 2671 2327 2734 fana,
2372 2673 2603 2724 Veneris
2644 2682 2701 2724 et

1625 2750 1886 2799 Herculis.
1966 2748 2368 2798 Lacedaemones
2417 2750 2576 2809 enim,
2638 2753 2701 2800 'ut

1626 2826 1789 2876 tradit
1805 2826 2113 2887 Pausanias,
2130 2826 2386 2874 Venerem
2405 2827 2699 2877 coluerunt.

1690 2908 1720 2952 7
1743 2900 2120 2964 Canceajacent,
2140 2901 2246 2965 ἔγω]
2281 2904 2369 2952 De
2388 2902 2538 2964 hujus
2555 2919 2700 2953 mon-

1627 2978 1694 3026 tis
1719 2979 1981 3039 incendio,
2016 2994 2115 3043 quo
2152 2980 2311 3041 periit
2335 2980 2538 3029 Plinius
2579 2982 2700 3031 Nat-f

1627 3054 1878 3106 Historiae
1899 3065 2074 3118 autor,
2086 3054 2208 3104 vide
2227 3056 2367 3107 Plin.
2386 3056 2511 3107 Jun.
2529 3057 2702 3122 Epist.

1630 3136 1710 3181 16.
1730 3131 1820 3181 lib.
1841 3137 1893 3182 6.
2691 3149 2698 3156 ”

1694 3215 1726 3259 8
1760 3210 1867 3259 Nec
1896 3210 2087 3273 Superi,
2103 3210 2214 3273 ξω]
2268 3211 2341 3259 Et
2376 3210 2518 3275 ipsos
2558 3211 2703 3261 Deos

1630 3287 1876 3353 poenituit
1910 3288 2058 3352 huJus
2101 3287 2352 3337 incendii.
2416 3288 2702 3353 Hyperbo-

1628 3366 1748 3415 lice.
2041 3377 2049 3397 ¹

1697 3443 1857 3498 Eme.
1925 3454 2053 3491 xxv.
2122 3440 2280 3490 Burri
2337 3441 2701 3506 quinquennis,

1628 3517 1900 3571 Parthenii
1920 3517 2037 3579 filii,
2056 3517 2283 3576 natalem
2307 3518 2565 3568 celebrat.

1694 3600 1721 3645 l
1760 3596 1884 3645 Haeo
1919 3594 2011 3644 tibi
2026 3608 2133 3657 pro,
2163 3593 2273 3657 ξω]
2322 3594 2441 3644 Hoc
2480 3593 2579 3646 tibi
2616 3602 2699 3647 tus

1626 3673 1770 3737 large
1800 3679 1860 3724 et
1891 3672 2092 3722 liberali
2127 3686 2283 3721 manu
2303 3672 2481 3723 adolet
2499 3686 2595 3737 pro
2616 3688 2696 3723 sa·

1625 3753 1736 3802 inte
1751 3751 1902 3802 filioli
1931 3751 2011 3801 sui
2043 3749 2384 3809 Parthenius,
2406 3752 2497 3816 qui
2518 3751 2573 3801 in
2595 3752 2698 3801 Pa-

1622 3829 1753 3881 latio
1786 3828 1951 3879 servit
1986 3827 2298 3891 Imperatori
2331 3827 2532 3879 Domit.
2557 3844 2590 3879 a
2609 3843 2698 3879 eu-

1625 3894 1819 3957 biculo.
1870 3906 2015 3955 Suet.
2050 3905 2247 3954 Domit.
2275 3918 2393 3967 cap.
2431 3909 2511 3957 16.
2538 3911 2699 3956 ει-ΙΊ.

1623 3983 1746 4034 Vid.
1761 3984 1852 4032 lib.
1874 3988 1924 4034 5.
1947 3982 2127 4046 Epigr.
2149 3984 2201 4031 6.
2235 3981 2335 4030 Est
2351 3995 2479 4030 vero
2501 3996 2703 4042 acerra,

1622 4060 1912 4114 thurarium
1942 4074 2052 4122 vas,
2070 4057 2346 4122 λιβανωτρὶς
2367 4059 2579 4127 Graece,
2603 4062 2695 4111 sed

1621 4137 1710 4186 hic
1729 4151 1824 4201 pro
1846 4142 1956 4187 toto
1992 4134 2253 4185 sacrificio
2293 4137 2532 4190 sumitur.
2593 4139 2696 4190 Pa·-

1624 4214 1816 4266 latinus
1832 4214 2051 4273 dicitur,
2074 4212 2195 4277 quia
2211 4212 2266 4262 in
2282 4214 2485 4277 palatio
2502 4216 2694 4267 servie-

1625 4289 1720 4341 bat
1741 4289 1958 4354 Caesari,
1994 4295 2051 4342 et
2074 4304 2105 4338 a
2126 4287 2375 4341 cubiculo
2413 4296 2554 4344 esset
2582 4292 2695 4342 Do-

1625 4368 1738 4427 mit.
