2985 4937
632 424 706 472 M.
755 424 925 476 VM..
973 423 1694 502 nanwuuls‘nrmu.
1747 426 1885 476 mn.

274 551 544 615 potuerint,
584 551 767 604 eadem
806 552 1019 616 facturi,
1053 552 1214 604 odere
1241 550 1313 603 fa·

273 626 520 678 cientem!
611 633 614 640 s

328 708 359 754 9
392 706 436 753 0
476 710 702 770 quantum
742 705 973 770 diatreta]
1024 705 1312 757 Scriverius

268 782 452 835 mavult
501 784 733 835 diatheem
800 786 852 835 N
858 799 924 835 on
973 798 1088 848 ego.
1156 784 1314 835 Ridet

267 860 507 910 hominem
527 867 778 927 'tanquam
824 869 1195 913 ostentatorem
1235 876 1313 911 re·

266 936 576 998 pentinarum
602 938 919 990 divitiarum.
988 940 1143 990 Nunc
1164 938 1315 1003 bibit,

266 1024 358 1062 non
380 1014 512 1078 qnod
535 1014 698 1079 sitiat,
735 1015 827 1065 sed
866 1016 989 1081 quia
1024 1021 1198 1079 potest
1241 1016 1315 1065 bi-

265 1086 380 1138 bere
407 1089 457 1139 in
480 1091 731 1153 diatretis,
758 1100 815 1144 et
852 1093 1075 1158 quinque
1098 1092 1313 1142 comatis

263 1164 494 1215 ministris
528 1168 624 1230 uti,
656 1168 744 1234 qui
780 1174 837 1219 et
869 1168 1071 1218 ebrium
1109 1167 1313 1219 domum

264 1239 535 1298 reducant:
569 1251 630 1294 ut
652 1246 823 1295 sciant
851 1246 1086 1295 homines
1119 1260 1176 1296 se
1210 1246 1315 1296 ista

261 1317 416 1367 ethos
434 1320 643 1370 habere.
678 1320 834 1371 Gran.
882 1321 1115 1371 Diatreta
1134 1321 1315 1385 valeat]

262 1395 451 1448 Calices
470 1398 700 1463 diatreti,
721 1400 774 1449 id
790 1409 893 1459 est,
911 1402 1107 1452 tornati
1123 1415 1184 1452 ac
1208 1407 1313 1453 tes-

256 1473 431 1525 sellati.
515 1476 654 1526 Vide
691 1478 920 1529 Turneb.
964 1476 1185 1528 Advers.
1227 1483 1311 1530 27.

258 1563 366 1615 cap.
388 1555 468 1602 31.
499 1553 515 1581 ‘
535 1554 793 1604 Diatreti’
813 1568 936 1618 ergo
953 1553 1140 1605 calices
1162 1561 1314 1604 erant

258 1626 422 1693 vitrei,
456 1630 631 1681 cavati
667 1629 1042 1697 perforatique,
1076 1632 1173 1698 hoc
1214 1638 1313 1695 est,

260 1707 456 1771 sculpti.
500 1709 761 1773 Διατρῆσαι
784 1708 919 1758 enim
938 1715 1021 1758 est
1043 1707 1310 1772 perforare

255 1782 335 1832 vel
350 1798 548 1845 cavare,
571 1785 712 1851 quod
745 1785 917 1835 Latini
953 1786 1193 1849 sculpere
1231 1785 1308 1835 di·

259 1865 395 1908 cant.
459 1860 564 1913 Qui
602 1860 740 1910 enim
776 1862 1311 1926 gemmasscalpunt,

257 1936 388 1999 quasi
408 1937 655 2001 quosdam
677 1938 849 1986 sulcos
871 1937 923 1985 in
948 1938 1010 1988 iis
1032 1946 1220 1989 cavant
1251 1945 1309 1988 et

254 2005 493 2065 foramina
508 2016 642 2065 caelo
659 2014 958 2080 imprimunt
975 2033 991 2079 ς
1024 2016 1143 2067 inde
1156 2015 1308 2080 cava-q

257 2094 385 2140 tores
436 2091 564 2142 dicti
627 2106 942 2155 gemmarum
1005 2095 1309 2157 scalptores.

256 2157 449 2220 Salmas.
518 2169 738 2232 Quinque
753 2169 949 2234 comati]
983 2171 1144 2220 Pueri
1160 2177 1208 2221 5.
1232 2186 1310 2220 re-

254 2242 366 2293 neti,
377 2252 704 2296 testamento,
775 2246 1038 2310 Epigram.
1055 2250 1137 2298 73.
1154 2247 1247 2297 lib.
1258 2252 1307 2298 1.

255 2327 306 2370 et
326 2313 590 2387 Epigram.
615 2326 697 2372 73.
721 2321 812 2373 lib.
832 2326 912 2371 10.

314 2398 466 2450 Eme.
503 2412 686 2449 Lxxn.
737 2391 1026 2448 Pannicum
1065 2400 1309 2451 caussidi·

253 2489 361 2526 cum
402 2476 671 2528 fructuosa
702 2476 907 2527 dicendi
942 2484 1055 2527 arte
1086 2476 1309 2543 deserta,

252 2553 436 2616 agellos
460 2561 719 2603 ementem
740 2552 964 2624 steriles,
979 2552 1180 2604 irridet.

312 2634 335 2679 1
369 2632 528 2691 Busta
563 2634 759 2683 latentis
775 2633 945 2697 agelli]
992 2635 1161 2684 Busta
1182 2634 1309 2685 Gal-

247 2688 364 2767 lica,
388 2709 473 2757 ubi
497 2709 645 2759 Galli
684 2709 737 2758 in
763 2709 970 2773 jacenti
1010 2717 1068 2758 et
1103 2709 1308 2774 ‹lepres-

248 2783 362 2833 siori
384 2787 522 2837 urbis
565 2787 681 2836 loco
705 2794 881 2837 castra
895 2787 1167 2850 habentes,
1192 2803 1307 2852 pes-

248 2860 428 2929 tilitate
452 2871 758 2927 pereuntes,
781 2866 864 2914 vel
887 2880 918 2914 a
940 2865 1161 2915 Camillo
1181 2865 1307 2916 caesi

248 2940 653 3007 sepeliebantur.
672 2941 784 2991 Liv.
805 2946 854 2992 5.

273 3008 274 3015 '
306 3018 334 3064 3
369 3017 571 3067 Deseris
604 3017 824 3081 urbanas,
857 3016 962 3082 θα]
992 3017 1207 3068 Deseris
1231 3016 1304 3068 fo·

246 3105 354 3149 turn
375 3102 429 3143 et
445 3092 620 3144 officia
636 3094 853 3157 urbana,
866 3093 1005 3144 unde
1024 3095 1117 3144 tibi
1141 3095 1308 3163 major

246 3177 548 3234 proventus,
579 3169 899 3219 donariorum
930 3169 1133 3220 scilicet
1154 3170 1251 3221 tibi
1275 3187 1307 3221 a

246 3243 511 3295 clientibus
540 3245 832 3305 missorum,
857 3259 1011 3310 quam
1032 3261 1099 3297 ex
1120 3247 1307 3310 sterili,

247 3334 392 3384 quem
417 3330 682 3373 mercatus
698 3337 773 3383 es,
791 3337 931 3387 agro.

306 3401 338 3446 6
378 3398 613 3462 Vendere]
654 3399 728 3448 Ut
765 3412 978 3464 quorum
1014 3398 1109 3449 tibi
1148 3399 1308 3449 abuu-

247 3468 393 3523 daret
409 3474 581 3538 copia,
598 3473 719 3524 dum
729 3475 900 3541 xmulta
916 3473 1013 3524 tibi
1035 3475 1308 3525 mitterent

246 3558 572 3600 monumenta
615 3550 851 3601 clientes.
940 3542 1304 3615 Pragmaticis-s]

247 3623 462 3675 Quando
482 3624 627 3676 fuisti
657 3625 1002 3676 caussidicus.
1039 3628 1121 3676 vel
1145 3628 1307 3691 Prag-

245 3703 483 3766 maticus,
499 3704 587 3768 qui
592 3717 816 3792 operam
834 3718 977 3752 suam
993 3703 1045 3752 in
1062 3702 1234 3753 verbis
1251 3711 1307 3754 et

244 3773 472 3828 formulis
494 3780 633 3843 juris
666 3781 1003 3844 suggerendis
1032 3779 1302 3829 subminis-

245 3860 374 3904 strat
398 3856 711 3905 oratoribus.
775 3855 824 3905 A
849 3856 1051 3913 Graecis
1073 3870 1304 3918 sumpse·

245 3936 364 3979 runt
380 3930 514 3980 hanc
537 3931 836 3993 dictionem,
858 3945 1012 3996 qnam
1029 3945 1121 3981 nos
1145 3928 1314 3980 etiam'

246 4005 463 4072 Gallice,
498 4021 787 4072 quanquam
809 4008 1161 4072 intersectum,
1181 4009 1305 4058 reti-

245 4095 449 4132 nemus:
486 4099 603 4133 nam
635 4083 949 4149 πραγματικαὶ
975 4084 1181 4134 Graecis
1213 4100 1304 4150 ap·

245 4159 529 4222 pellantur,
566 4177 692 4227 quos
732 4178 823 4212 nos
849 4164 1105 4227 practices
1125 4156 1318 4227 appel-⁷

244 4235 427 4301 lamna,
448 4237 754 4290 chartaceos
794 4247 850 4290 et
880 4239 1178 4290 calaniarios
1214 4242 1301 4290 ho-

246 4312 423 4366 miues.
489 4315 707 4368 Quintil.
730 4324 906 4391 tamen
928 4318 1019 4367 lib.
1042 4322 1090 4368 2.
1114 4331 1233 4382 cap.
1252 4322 1303 4368 6.

2238 403 2241 406 ’
2276 412 2447 479 1421

1385 552 1737 620 πραγμοιτικοὺς
1753 554 1954 608 Graecis
1976 555 2150 608 vocari
2180 557 2198 585 ‘
2208 557 2351 615 Jnris
2370 559 2450 608 in·

1389 630 1677 695 terpretes’
1713 630 1859 683 dicit.
1893 633 2097 685 Herald.
2163 635 2307 684 Nune
2328 636 2445 685 emis

1385 707 1619 772 agricola]
1645 708 1873 773 Propter
1895 710 2009 774 agri
2031 709 2381 761 sterilitatem.

1451 785 1614 836 Ena.
1630 797 1834 835 Lxxm.
1855 790 1888 836 2
1920 786 2038 836 Nisi
2050 787 2226 850 legero,
2243 787 2451 853 Catane]

1389 861 1509 916 Nisi
1525 875 1775 926 accepero
1795 862 2175 916 hereditatem.
2215 864 2336 928 Vel,
2353 865 2452 920 nisi

1387 938 1529 988 lecto
1553 944 1862 989 testamento
1884 937 2046 1006 (quod
2071 940 2367 1005 prinsquam
2391 947 2450 991 tu

1387 1022 1619 1065 mortuus
1646 1012 1807 1065 fueris
1830 1030 1930 1066 non
1952 1015 2154 1083 licebit)
2188 1017 2448 1081 praestite-

1387 1091 1456 1140 ris
1481 1090 1667 1141 fidemz
1704 1106 1904 1143 morere
1926 1093 2101 1159 itaque
2119 1100 2178 1144 ut
2191 1093 2422 1144 credam.

1404 1217 1409 1222 .
1452 1167 1617 1219 Erre.
1633 1182 1823 1220 mxxiv.
1856 1167 2149 1235 Anteponit
2166 1184 2310 1221 usum
2325 1171 2449 1222 cali·

1388 1258 1507 1296 cum
1550 1243 1809 1309 fictilium,
1851 1245 2100 1298 calicibus
2151 1246 2333 1297 vitreis
2392 1254 2450 1298 et

1386 1321 1702 1385 crystallinis
1723 1337 1791 1372 ex
1822 1322 2050 1387 AEgypto
2083 1323 2275 1388 allatis,
2293 1337 2449 1388 prop-.-

1387 1403 1470 1446 ter
1494 1412 1638 1448 usum
1651 1405 1707 1448 et
1724 1399 1947 1471 pretium
1961 1400 2146 1462 vilius;
2179 1400 2449 1467 minusque

1384 1474 1760 1525 incommodum
1788 1476 1831 1526 si
1865 1473 2170 1541 frangantur
2202 1483 2295 1527 aut
2314 1476 2450 1528 fran-

1385 1553 1545 1616 gendi
1567 1554 1687 1604 sint.
1720 1553 1848 1603 Raa.

1933 423 2073 476 x11.

1449 1633 1476 1679 1
1539 1629 1758 1680 Niliacus
1803 1629 1988 1694 portet]
2069 1632 2152 1681 Ex
2197 1630 2447 1697 AEgypto.

1386 1706 1650 1771 Crystalla]
1684 1706 1885 1756 Calices
1908 1707 2102 1758 vitreos
2135 1714 2192 1757 et
2228 1709 2461 1772 crystal-.

1380 1782 1533 1833 linos.
1602 1783 1853 1848 cataplus]
1876 1783 2154 1849 Navigatio
2171 1791 2226 1834 et
2242 1785 2450 1848 navigia

1380 1859 1759 1924 AEgyptiorum.
1826 1860 1907 1909 Ex
1923 1859 2149 1924 AEgypto
2166 1874 2291 1910 vero
2313 1875 2449 1911 mer-

1380 1949 1467 1985 ces
1491 1935 1606 1984 istae
1631 1935 1824 1985 allatae.
1890 1935 2072 1998 Epigr.
2115 1939 2226 1987 115.
2253 1936 2344 1986 lib.
2365 1941 2447 1987 14.

1381 2014 1641 2079 Crystalla
1653 2014 1752 2064 ista
1768 2028 1882 2079 quae
1899 2012 2270 2065 adferebantur
2289 2015 2449 2065 Alex·

1382 2090 1595 2141 andi-ino
1617 2090 1964 2153 Cataplo,non
1984 2087 2130 2139 fuere
2149 2104 2271 2139 vera
2284 2090 2441 2155 Crys-

1383 2168 1528 2230 talla,
1565 2166 1660 2216 sed
1703 2168 2118 2230 κρυσταλλοφανῆ,
2161 2181 2255 2218 seu
2295 2168 2447 2231 vitra,

1382 2244 1617 2308 crystalli
1639 2244 1989 2303 similitudine,
2010 2258 2126 2309 quae
2147 2244 2204 2307 in
2220 2242 2425 2308 Alexan
2446 2299 2453 2305 ⁴

1383 2322 1494 2373 dria
1515 2323 1944 2387 conficiebantur,
1978 2331 2035 2373 et
2071 2317 2256 2388 'magno
2295 2331 2448 2375 erant

1382 2400 1437 2460 in
1479 2400 1662 2464 pretio.
1748 2399 1823 2450 At
1864 2414 1980 2466 quae
2025 2401 2205 2450 Romae
2250 2399 2450 2451 fiebant

1381 2478 1802 2540 κρυσταλλοφανῆ,
1839 2491 1955 2527 asse
1989 2476 2282 2527 vaenibant:
2322 2493 2446 2535 nam

1383 2552 1686 2618 υἱαλουργοὺς
1719 2554 1998 2617 Romanos,
2032 2554 2198 2603 multa
2234 2553 2446 2607 adinve-

1382 2632 1520 2681 nisse
1543 2632 1703 2680 tradit
1716 2632 1902 2680 Strabo
1917 2629 1983 2679 ad
2005 2628 2310 2680 facilitatem
2325 2630 2447 2679 vitri

1382 2706 1694 2758 conficiendi
1745 2722 1808 2757 ac
1855 2707 2124 2757 vilitatem.
2201 2707 2448 2767 Pretiosa

1381 2785 1706 2835 nihilominus
1724 2784 1896 2834 habita
1913 2798 2136 2847 semper,
2155 2797 2272 2848 quae
2290 2783 2345 2833 in
2360 2783 2463 2845 AE-,

1381 2869 1542 2928 gypto
1562 2861 1779 2923 fiebant,
1803 2868 1966 2927 atque
1998 2860 2120 2910 inde
2158 2858 2446 2911 affereban-

1380 2948 1485 2989 tur.
1549 2938 1681 2989 Ideo
1724 2938 1897 2988 Poe‘ta
1940 2937 2198 3003 Crystalla
2222 2937 2451 3004 Niliaci,

1379 3016 1476 3066 hoc
1515 3023 1598 3066 est
1636 3015 1849 3079 catapli,
1892 3016 2292 3080 κρυσταλλοφανῆ
2326 3029 2447 3066 cum

1381 3094 1561 3144 Romae
1602 3092 1963 3141 vaeneuntibus
2000 3099 2288 3157 comparat,
2325 3105 2449 3145 cara

1380 3170 1589 3220 vilibus.

1381 3247 1473 3312 qui
1510 3248 1688 3296 Romae
1725 3243 2106 3309 conflabantur,
2141 3261 2204 3297 eo
2240 3246 2446 3295 nomine
2537 3266 2547 3278 =

1381 3323 1710 3374 commendat
1731 3323 1868 3372 idem
1900 3322 2180 3386 Martialis,
2204 3322 2343 3389 quod
2366 3337 2449 3372 ca·

1381 3401 1500 3450 lidis
1521 3401 1667 3466 aquis
1702 3414 1803 3449 non
1829 3399 2176 3450 vitiarentur.
2212 3401 2448 3450 ‘Nostra

1379 3491 1479 3527 nec
1502 3475 1699 3525 ardenti
1721 3470 1926 3566 ffemma'
1947 3474 2133 3525 feritur
2155 3475 2325 3540 aqua!
2370 3474 2453 3525 At

1379 3552 1776 3617 κρυσταλλοφανῆ
1797 3551 2172 3615 Alexandrina,
2187 3566 2290 3601 non
2313 3553 2446 3616 pati-

1373 3630 1602 3680 ebantur
1618 3643 1803 3693 aquam
1821 3629 2062 3681 calidam.
2077 3628 2284 3680 Salmas.
2317 3630 2446 3679 Tur-

1379 3707 1498 3758 neb.
1524 3707 1615 3756 lib.
1639 3705 1774 3758 Adv.
1795 3711 1877 3756 30.
1897 3722 1943 3757 c.
1963 3711 2047 3756 26.
2067 3712 2123 3755 et
2144 3707 2181 3755 l.
2205 3710 2280 3755 10.
2297 3721 2345 3756 c.
2362 3686 2446 3765 23.

1443 3789 1475 3834 2
1510 3786 1588 3834 De
1609 3783 1752 3847 circo,
1786 3783 1894 3849 qua]
1928 3783 2139 3833 Fictilia
2161 3796 2254 3831 seu
2276 3781 2444 3831 vitrea

1380 3875 1499 3926 quae
1516 3861 1571 3909 in
1595 3861 1748 3910 Circo
1771 3860 2022 3909 Flaminio
2044 3857 2355 3909 venduntur.

1442 3941 1472 3987 3
1509 3938 1676 4000 Magis
1711 3938 1925 4001 audaces,
1963 3935 2074 3999 Bra]
2126 3933 2332 4000 Alludit
2374 3934 2442 3984 ad

1380 4013 1396 4043 ⁸
1412 4012 1603 4063 calices
1623 4011 1882 4063 audaces.'
1949 4012 2341 4077 Epigrammate
2358 4014 2453 4076 942

1377 4090 1511 4139 libro
1535 4092 1615 4139 14.
2250 4106 2253 4111 ’
2389 4144 2393 4148 ,

1440 4170 1474 4217 4
1508 4165 1607 4215 Sed
1635 4159 1875 4229 geminus]
1921 4164 2008 4214 Ita
2039 4163 2333 4214 Gruterus:
2387 4169 2444 4213 et

1378 4257 1591 4291 sensus:
1626 4243 1730 4292 Sed
1754 4242 1831 4290 liis
1850 4241 2034 4290 vilibus
2050 4240 2300 4290 calicibus
2324 4254 2449 4303 usus,

1377 4318 1573 4385 duplex
1597 4327 1696 4386 est,
1716 4334 1884 4391 neque
1921 4316 2056 4370 enim
2080 4317 2256 4387 ,furem
2278 4318 2444 4384 allici-

1679 3167 1882 3219 Calices
1923 3168 2184 3237 ejusmodi
2226 3169 2448 3227 vitreos,
2552 3220 2555 3225 s
