2985 4937
617 428 695 474 M.
739 395 1375 500 vAugMAn'mAms
1422 422 1668 471 amen.
1718 419 1861 470 ms.
1909 422 2074 470 xiv.

164 569 177 582 “
249 571 354 622 bile
398 575 446 621 ιζ.
485 567 762 633 sestertiis,
792 579 857 620 ea
894 576 1065 619 tamen
1099 568 1217 632 lege
1251 572 1310 616 ut

248 648 401 697 simul
440 645 603 697 etiam
640 659 814 696 emere
851 644 1066 697 deberet
1109 643 1310 709 Clesip÷

249 737 371 790 pum
413 722 684 787 fullonem,
736 729 1021 774 monstrum
1076 721 1313 784 hominis,

246 802 405 866 gibbo
436 799 650 851 fustium.
714 801 907 851 Postea
938 804 1109 849 tamen
1143 798 1314 860 Gega-

247 879 332 928 nia
353 892 452 928 suo
473 877 720 943 Clesippo
735 876 929 941 nupsit,
949 875 1172 940 eumque
1191 887 1314 922 mox

136 1002 146 1012 ,
251 969 317 1004 ex
337 970 455 1005 asse
489 955 703 1018 scripsit
725 951 1017 1004 heredem:
1051 951 1139 1016 qui
1175 964 1312 1015 prie-

249 1032 399 1082 dives
431 1032 546 1097 jam
581 1029 945 1081 candelabrum
980 1027 1128 1092 illud,
1165 1027 1314 1092 cujus

248 1108 505 1158 beneficio
547 1114 752 1172 emptus
787 1113 919 1168 erat,
950 1103 1171 1155 numinis
1195 1104 1314 1154 loco

247 1187 432 1238 coluit.
497 1185 726 1236 Foemina
744 1183 872 1235 hinc
889 1177 1096 1233 summa
1112 1181 1314 1232 labora·

193 1320 203 1335 ‚
247 1265 340 1315 hat
370 1262 603 1327 infamia,
628 1262 840 1328 ejusque
864 1262 1030 1312 virum
1055 1258 1122 1309 ob
1142 1257 1314 1309 decor-

249 1341 486 1391 mitatem
524 1340 621 1391 hoc
656 1341 1044 1405 Epigrammata
1078 1336 1316 1398 deridet3

248 1425 306 1469 et
354 1417 506 1468 simul
541 1415 752 1487 jocatur
796 1415 970 1468 Poeta
1008 1415 1062 1464 in
1106 1415 1317 1463 Prome-

250 1496 429 1546 theum
455 1495 543 1560 qui
565 1494 819 1544 hominem
857 1506 888 1541 e
921 1494 1034 1542 luto
1070 1489 1317 1540 formavit

251 1573 522 1637 pulchrum
563 1578 620 1622 et
659 1575 968 1632 venustum3
1004 1567 1139 1635 quod
1176 1566 1318 1618 idem

251 1649 343 1700 ille
368 1649 545 1699 ebrius
568 1655 622 1698 et
647 1648 701 1697 in
741 1646 1096 1698 Saturnalibus
1119 1644 1316 1708 Clesip-

252 1740 377 1790 pum
432 1725 699 1790 gibberem
748 1723 1046 1790 fedumque
1099 1730 1315 1786 aspectu

252 1802 486 1852 finxerit.
520 1803 647 1852 Rod.

317 1882 483 1930 Eme.
524 1891 816 1934 cmxxxiii.
873 1875 1077 1931 Homeri
1101 1874 1191 1939 3.]
1241 1874 1315 1926 0-

250 1956 525 2021 pasculum
557 1955 625 2005 de
663 1968 895 2005 ranarum
931 1969 1047 2004 cum
1084 1952 1316 2003 muribus

250 2047 450 2098 pugna,
485 2032 621 2098 quod
646 2032 881 2098 plerique
899 2025 1133 2081 Homero
1163 2029 1316 2094 abju-

247 2110 451 2162 dicant.

318 2192 346 2237 1
382 2184 737 2251 Meuium-e]
774 2183 1006 2236 Maeonia
1023 2185 1315 2235 oriundum.

181 2296 187 2300 <
247 2261 393 2313 vide
409 2263 684 2320 Plutarch.
703 2262 797 2313 lib.
819 2260 884 2311 de
909 2261 1154 2312 Homero.

255 2381 260 2387 .
312 2343 348 2389 8
384 2337 694 2403 Etfrontm]
717 2339 789 2387 Et
805 2338 894 2387 illo
906 2338 1062 2402 lecto,
1088 2337 1317 2403 aequiore

251 2420 425 2471 auimo
457 2418 531 2468 his
554 2419 679 2468 meis
703 2418 902 2468 veniam
925 2419 1089 2470 dabis.
1155 2417 1319 2481 Nugis

248 2499 426 2546 advers
446 2496 574 2546 disee
594 2496 736 2561 meis]
785 2496 925 2564 Lips.
948 2497 1038 2547 lib.
1065 2502 1112 2547 1.
1146 2497 1319 2561 Epist.

251 2574 459 2626 Quaest.
478 2578 527 2623 5.
570 2587 640 2622 ex
672 2572 964 2638 Anglicauo
990 2574 1123 2624 libro
1147 2588 1319 2624 emen·

250 2650 349 2701 dat
357 2648 525 2713 sodis,
547 2649 598 2698 id
617 2656 717 2713 est,
737 2651 1049 2716 quisquiliis.

318 2725 485 2775 Erro.
509 2738 779 2776 cunw.
845 2731 871 2776 1
910 2727 979 2775 Et
999 2725 1320 2791 Priamum]

256 2802 331 2854 Et
357 2801 613 2867 Odyssea.

320 2880 486 2929 Eme.
506 2893 748 2933 cmxxxv.
815 2885 841 2930 1
879 2880 1108 2944 Culicem]
1153 2880 1322 2945 Virgi-

245 2955 446 3006 lianum
487 2956 803 3020 poematium
831 2972 960 3021 esse,
993 2973 1142 3009 nemo
1164 2974 1319 3009 sanus

249 3032 352 3082 ibit
368 3041 647 3096 negatum:
681 3033 775 3084 sed
813 3035 927 3087 Jos.
958 3037 1197 3100 Scaliger
1220 3039 1320 3088 Cu·

247 3107 408 3159 licem
453 3109 658 3172 Virgilii
702 3125 804 3160 non
846 3113 1010 3176 pueri,
1042 3115 1130 3162 sed
1166 3116 1319 3177 plane

251 3186 434 3236 viriet
466 3188 654 3236 maturi
687 3187 825 3252 ἆδροῦ
853 3187 932 3239 καὶ
963 3189 1149 3239 τελείου
1187 3207 1319 3256 opus

254 3277 391 3326 esse,
440 3278 506 3313 ex
549 3266 799 3316 Suetonio
843 3266 911 3316 de
967 3269 1081 3318 vita
1123 3269 1320 3319 Lucani

254 3338 482 3389 nondum
511 3340 656 3391 edito
677 3341 970 3404 confirmat,
995 3344 1319 3409 rationesque

251 3416 405 3466 addit
423 3424 526 3466 tam
549 3423 743 3479 certas,
763 3424 823 3468 ut
838 3419 1070 3483 quemvis
1091 3417 1244 3470 facile
1267 3421 1319 3471 in

252 3492 574 3543 sententiam
599 3494 785 3547 trahat.
820 3494 945 3544 ΒΜ.

317 3573 354 3619 2
391 3569 473 3619 Ne
494 3570 638 3632 augis
650 3570 842 3635 positis]
873 3571 958 3622 Ne
977 3586 1131 3622 vaces
1153 3572 1323 3636 gravi·

253 3644 437 3697 oribus
471 3644 655 3694 studiis
687 3659 783 3710 per
803 3647 1116 3711 Saturnalia,
1140 3647 1323 3712 quibus

254 3724 578 3777 conveniunt
592 3738 747 3787 nugoe
771 3725 902 3775 istae.
1315 3766 1320 3773 .

321 3804 491 3855 Erro.
533 3814 806 3853 csxxxw.
898 3808 923 3853 1
974 3805 1130 3859 Qum
1169 3803 1325 3852 brevis

255 3882 555 3939 nummum,
596 3878 708 3942 aaa]
755 3881 770 3908 ‘
790 3879 972 3931 Prima
1002 3881 1228 3942 tabella:
1265 3880 1323 3931 τὸ

254 3962 443 4024 'fita'
468 3957 689 4021 mxlv,
715 3957 935 4021 primum
963 3956 1168 4009 folium:
1203 3958 1323 4009 hinc

256 4036 504 4086 Isidorus.
538 4032 668 4085 folia
716 4034 965 4085 librorum
1013 4033 1157 4086 dicta
1208 4050 1342 4085 esse·

256 4113 463 4175 scribit,
499 4112 515 4139 ‘
533 4110 676 4176 qaod
709 4126 778 4160 ex
811 4109 1015 4161 follibus
1036 4109 1243 4174 fierent,
1270 4112 1323 4162 id

258 4198 362 4253 est,
385 4205 456 4241 ex
479 4187 738 4253 pellibus,’
779 4203 892 4253 quie
916 4186 982 4237 de
1005 4188 1186 4238 occisis
1218 4189 1325 4239 aui.

257 4267 480 4318 malibus
501 4264 706 4316 detrahi
726 4264 917 4315 solent:
951 4264 1026 4314 sic
1059 4272 1118 4315 et
1157 4267 1324 4330 pugil.

256 4346 397 4399 lares
436 4344 679 4410 componi
717 4340 954 4395 solebant
990 4356 1055 4391 ex
1092 4342 1325 4406 pluribus

2275 407 2447 474 1455

1387 565 1612 629 tabellis,
1649 579 1761 632 qua»,
1798 565 1981 628 mxla
2017 565 2204 617 dicunt
2233 565 2449 617 Groeci:

1384 644 1503 694 hinc
1525 643 1731 706 δίπτυχα
1755 645 2091 705 vocabantur,
2124 657 2242 707 quae
2265 657 2334 692 ex
2353 643 2449 693 du·

1386 721 1725 786 plicitabells
1747 719 2077 772 constabant.
2142 719 2316 770 Latini
2350 719 2453 769 eti·-⁴

1386 813 1470 849 am
1492 799 1510 826 ‘
1528 797 1795 863 duplices'
1821 798 2035 857 dixere;
2068 803 2124 846 et
2147 797 2163 825 ⁴
2181 796 2449 860 triplices,'

1388 893 1502 942 quae
1545 893 1612 928 ex
1652 876 1839 936 tribus,
1876 877 1971 926 διο.
1992 873 2310 937 romnus,
2333 885 2451 940 qnoe

1389 971 1453 1007 ex
1473 956 1724 1022 pluribus.
1790 955 2052 1006 Martialis
2083 955 2150 1005 de
2185 956 2454 1020 pugillari·

1387 1034 1485 1084 bus
1502 1033 1800 1098 citreis,lib.
1817 1037 1899 1083 14.
1917 1033 2177 1100 Epigram.
2203 1036 2252 1082 8.
2283 1035 2300 1062 ⁸
2326 1033 2452 1081 sec·

1390 1118 1449 1162 ta
1468 1111 1569 1161 nisi
1591 1111 1641 1160 in
1661 1117 1847 1162 tenues
1869 1124 2096 1159 essemus
2120 1109 2260 1173 ligna
2281 1108 2448 1161 tabelq
2490 1131 2499 1134 ¹

1389 1189 1483 1250 las,
1532 1188 1775 1240 Essemus
1821 1186 2006 1251 Libyci
2054 1185 2227 1235 nobile
2279 1184 2450 1236 dentis

1390 1264 1557 1329 opus.'
1624 1264 1912 1330 Pugillares
1947 1278 2072 1328 ergo
2105 1264 2180 1314 illi
2208 1262 2361 1313 citrei
2382 1275 2451 1313 ex

1390 1342 1569 1393 multis
1590 1342 1859 1393 sectilibus
1895 1341 2119 1400 tabellis,
2140 1340 2236 1391 hoc
2256 1348 2353 1402 est,
2374 1339 2453 1391 fo-

1391 1420 1475 1470 liis
1509 1420 1696 1484 ligneis
1749 1419 2006 1483 compacti
2058 1425 2243 1483 eraut,
2267 1419 2452 1470 eadem

1391 1498 1545 1562 plane
1577 1495 1764 1560 forma,
1799 1512 1904 1562 qua
1925 1504 1980 1547 et
2003 1496 2280 1561 pugillares
2314 1496 2454 1547 dele·
2539 1523 2553 1540 .

1393 1574 1498 1624 titii
1534 1574 1718 1637 nostri,
1757 1573 1937 1638 quibus
1965 1573 2116 1624 hodie
2153 1575 2363 1635 utimur,
2396 1581 2453 1624 et
2560 1615 2563 1620 .

1377 1653 1411 1681 “
1429 1651 1678 1702 tabletas'
1710 1665 1971 1712 vocamus,
1991 1651 2138 1716 quasi
2161 1666 2351 1716 parvas
2375 1645 2452 1701 tass

1390 1727 1557 1777 bulas.
1609 1727 1815 1777 Solinus.
1882 1725 2184 1789 Immensum,
2203 1726 2310 1789 ξω]
2366 1726 2453 1775 An

1391 1803 1568 1869 operis
1608 1800 2015 1866 magnitudinem
2048 1803 2302 1868 respicit?
2367 1801 2453 1852 An

1393 1879 1578 1931 Poetae
1593 1880 1821 1929 divinam
1838 1880 2158 1944 majestatem
2175 1882 2194 1930 i

1437 1961 1489 2006 -2
1522 1957 1682 2022 Ipsius
1696 1955 1995 2020 vultus,8fc.]
2049 1956 2451 2022 Frontispicium

1392 2033 1551 2086 habet
1567 2033 1842 2097 imaginem
1863 2034 2091 2099 Virgilii.
2484 2083 2487 2084 γ

1458 2114 1625 2161 Erro.
1646 2124 1934 2162 csxxxvrr.
2000 2117 2026 2162 l
2064 2111 2335 2176 Heus-a]
2354 2103 2456 2162 Po.

1395 2195 1497 2238 test
1542 2188 1644 2252 legi
1684 2194 1740 2238 et
1774 2189 1893 2250 Hic,
1925 2188 1977 2238 id
2011 2197 2110 2252 est,
2141 2190 2455 2239 Menander.

1394 2264 1617 2314 Primam
1636 2264 1772 2328 lusit]
1802 2266 1950 2315 Inter
1968 2256 2198 2315 *caeteras
2219 2267 2458 2315 meretri-

1394 2356 1480 2391 ces
1505 2343 1747 2406 princeps
1768 2342 1924 2392 Thais
1946 2349 2177 2392 amantes
2213 2357 2329 2392 suos
2363 2343 2459 2392 de·

1394 2419 1551 2468 lusit:
1608 2422 1622 2447 ‘
1647 2409 1866 2484 primum
1917 2418 2079 2481 lusit,’
2132 2418 2183 2468 id
2241 2425 2340 2482 est,
2391 2418 2456 2467 τὰ

1392 2499 1570 2561 πρῶτα,
1591 2498 1758 2560 prima
1787 2498 1839 2547 in
1864 2506 1976 2546 arte
2000 2497 2299 2547 meretricia
2318 2498 2458 2547 obti-

1394 2575 1509 2627 nuit
1540 2573 1710 2635 Thais‚
1738 2574 1813 2624 ita
1846 2581 1905 2623 ut
1936 2588 2058 2623 vere
2083 2574 2329 2624 meretrix
2353 2574 2459 2625 dici

1397 2660 1717 2702 merereturz
1753 2650 2113 2716 ηουηλυκερὰ,
2148 2652 2200 2700 id
2237 2658 2333 2715 est,
2366 2650 2458 2700 be-

1395 2730 1573 2794 nigna,
1604 2729 1783 2790 comis,
1822 2744 1923 2779 non
1946 2730 2180 2792 molesta,
2215 2743 2315 2778 non
2339 2742 2456 2793 pro·

1395 2822 1511 2871 cax,
1529 2805 1623 2858 sed
1646 2807 1663 2836 ‘
1684 2821 1806 2857 vere
1828 2804 2147 2870 amica,’-hoc
2171 2811 2271 2867 est,
2291 2818 2457 2854 mere·

1395 2886 1520 2947 trix,
1557 2900 1673 2950 quae
1720 2890 1946 2934 amantes
1976 2897 2095 2932 suos
2138 2882 2336 2944 eludat,
2368 2895 2457 2929 ex-

1394 2961 1594 3024 cludat,
1626 2968 1857 3021 revocet,
1880 2959 2196 3024 intercipiat.
2249 2960 2460 3011 Petinus.

1394 3040 1590 3089 Verum
1628 3039 1924 3090 Gronovius
1949 3053 2014 3088 eo
2034 3038 2189 3088 modo
2209 3039 2424 3102 exponit
2443 3052 2458 3087 ε

1395 3116 1538 3176 Hoec,
1560 3130 1631 3166 sc.
1652 3130 1755 3166 non
1787 3131 1914 3166 vera
1938 3114 2208 3176 meretrix,
2229 3129 2326 3165 nec
2350 3115 2463 3163 sola

1396 3208 1616 3256 persona
1659 3193 1857 3243 comica
1900 3193 2173 3254 Thaidos3·
2204 3191 2296 3241 sed
2353 3192 2463 3254 illa,

1396 3287 1514 3333 quae
1591 3272 1642 3320 in
1713 3272 1956 3322 lemmate
2027 3270 2298 3334 designata
2361 3277 2462 3332 est,

1394 3347 1707 3398 ‘Menandri
1749 3347 1940 3406 Thais,'
1974 3362 2066 3397 seu
2102 3352 2218 3397 tota
2266 3344 2463 3409 fabula,

1392 3425 1588 3485 Tuus,
1623 3425 1911 3488 inscripta:
1946 3429 2005 3472 ut
2039 3422 2238 3472 Andria
2272 3423 2466 3472 Tereu-

1396 3502 1475 3551 tii.
1542 3504 1621 3551 Ea
1640 3502 1799 3565 igitur
1813 3500 1989 3562 Thais,
2009 3498 2288 3550 Menandri
2310 3496 2460 3547 fabu-

1395 3579 1447 3628 la
1500 3578 1858 3640 celeberrima,
1922 3577 2177 3641 ‘primum
2244 3575 2461 3624 lascivos

1396 3669 1597 3705 amores
1627 3656 1878 3720 juvenum
1903 3652 2062 3715 lusit:
2094 3654 2192 3702 hoc
2229 3658 2328 3713 est,
2357 3652 2462 3715 pri-

1396 3747 1536 3783 mum
1576 3734 1630 3783 in
1667 3748 1823 3783 scena
1860 3731 2097 3784 exhibuit
2116 3738 2171 3780 et
2193 3729 2462 3779 materiam

1397 3813 1662 3863 comoediae
1701 3812 1829 3863 fecit
1870 3820 2127 3862 amantem
2161 3809 2463 3859 adolescen-

1398 3898 1521 3942 tem.
1585 3890 1855 3956 Siguificat
1897 3892 2074 3955 itaque
2113 3886 2461 3938 Menandrum

1399 3976 1667 4019 auctorem
1722 3982 1836 4018 esse
1885 3981 2034 4017 novae
2089 3962 2388 4026 Comoediae,
2430 3977 2464 4011 a

1397 4045 1599 4094 Thaide
1639 4044 1982 4108 auspicatum.
2045 4042 2164 4093 Jatn
2210 4038 2344 4105 quod
2380 4054 2461 4090 se·

1400 4123 1610 4188 quitur:
1647 4120 1799 4170 ‘Nec
1846 4117 2110 4182 Glyoere:
2155 4116 2247 4167 sed
2304 4118 2461 4167 ‘vere

1397 4198 1587 4262 Thais,’
1623 4202 1731 4249 εισι
1783 4198 1838 4249 Si
1879 4212 2030 4261 roges
2087 4196 2296 4256 iterum,
2345 4208 2460 4259 quae

1397 4277 1586 4327 Thais?
1635 4274 1959 4341 respondebo
1992 4290 2006 4324 ε
2062 4287 2166 4323 non
2220 4269 2462 4335 profecto

1403 4355 1526 4418 alia,
1546 4368 1695 4420 quam
1732 4353 1822 4402 illa
1844 4352 1957 4417 ipsa
1979 4349 2279 4411 Comoedia;
2311 4348 2459 4412 cujus
