2985 4937
447 396 449 401 ⁴
488 401 663 467 1214

489 565 678 622 mater,
703 574 734 608 a
754 557 935 609 Baulis
957 557 1113 608 Baias
1137 564 1292 608 vecta
1306 558 1555 622 perierat.

476 635 682 700 Arguit
703 634 873 685 Poeta
893 648 1052 698 aquas
1084 635 1319 685 ¹criminis
1353 643 1411 686 et
1442 635 1557 699 jac·

492 720 625 761 turae
651 712 848 775 gloria»,
867 727 983 776 quae
1018 720 1248 762 monstro
1270 711 1369 762 hoe
1389 713 1559 762 simile
1619 746 1624 751 -

478 789 763 851 imperium
783 787 1004 838 Neronis
1012 788 1064 838 in
1081 794 1248 837 matre
1260 802 1351 837 sua
1365 788 1497 852 Agri
1503 803 1560 852 p-

491 867 617 930 pina
649 865 794 931 (vide
834 865 1051 915 Sueten.
1082 865 1286 915 Neron.
1319 879 1447 928 cap.
1473 869 1557 915 34.

490 943 666 994 Tacit.
707 940 849 991 Anu.
895 945 975 991 14.
1013 947 1073 992 et
1113 940 1301 990 Dionis
1328 938 1559 1005 Neron.)

490 1020 901 1080 detrectassent,
930 1017 1234 1084 illique-vel
1261 1018 1423 1082 jussoe
1467 1029 1557 1080 pe·

492 1098 813 1162 pei-cissent:
859 1095 995 1144 hane
1036 1099 1210 1145 autem
1247 1094 1557 1145 immeritam
1623 1134 1630 1141 .

491 1173 565 1237 inj
573 1187 705 1222 ussoe
725 1170 1041 1224 mersissent.

558 1254 590 1299 3
629 1247 804 1299 Gloria
838 1246 1037 1311 quantu]
1054 1247 1319 1311 ,Magnam
1354 1247 1560 1297 laudem

491 1324 639 1374 vobis
655 1338 767 1375 com
774 1330 1008 1387 paratam
1019 1326 1199 1389 (quum
1213 1324 1562 1389 Agrippinam

480 1403 511 1467 ,j
519 1417 650 1454 ussoe
666 1416 770 1453 non
786 1399 1064 1465 mersistis)
1078 1401 1134 1451 in
1157 1401 1401 1451 Caerellia
1417 1402 1563 1451 inno·

493 1488 649 1531 cente
699 1480 997 1533 submersa.
1030 1478 1353 1543 perdidistis,
1407 1493 1562 1542 quam

490 1558 654 1609 etiam
697 1557 906 1621 injussae
959 1556 1224 1607 hausistis.
1318 1553 1563 1618 Monstra]

481 1636 703 1698 sessum,
719 1632 1058 1697 naufragium,
1079 1640 1319 1683 mortem.

558 1717 593 1762 4
628 1713 734 1761 Nec
772 1713 1005 1774 quondam
1032 1709 1208 1773 jussa]
1243 1710 1403 1759 Olim·
1424 1709 1564 1760 enim

495 1788 562 1838 ad
600 1788 797 1839 Baulos
833 1787 977 1839 Nero
1014 1794 1251 1850 matrem,
1288 1787 1460 1837 soluto
1481 1802 1564 1836 re-

493 1872 659 1930 pente
712 1865 1009 1915 machinoso
1063 1865 1288 1928 navigio,
1332 1865 1567 1928 jusserat

493 1943 680 2006 mergi,
723 1957 840 2006 quae
881 1948 1054 1991 tamen
1086 1942 1290 1992 enavit:
1326 1942 1406 1991 ita
1425 1943 1592 1999 illam,

485 2020 652 2082 jussae
675 2034 823 2083 aquae
849 2033 952 2067 non
986 2026 1390 2082 oppresserunt3
1429 2020 1565 2069 hane

493 2096 707 2159 injussae
728 2095 1029 2144 hauserunt.
1062 2095 1211 2144 Rad.

562 2172 728 2223 Eme.
763 2183 920 2222 Lxrv.
948 2171 1174 2221 Laudat
1212 2148 1390 2229 hortos
1433 2171 1566 2222 Julii

496 2249 779 2311 Martialis,
798 2264 830 2298 a
851 2250 976 2308 situ,
1007 2263 1038 2297 a
1071 2234 1221 2313 eaelo,
1258 2264 1290 2298 a
1318 2249 1566 2314 subjectis

497 2326 712 2377 amoenis
756 2326 1071 2389 regionibus,
1109 2341 1140 2374 a
1182 2326 1380 2390 quiete,
1419 2341 1450 2376 a
1479 2327 1569 2377 be·

495 2405 759 2466 nignitate
810 2411 866 2453 et
912 2403 1269 2468 hospitalitate
1325 2403 1571 2461 Domini;

498 2480 819 2547 praefertque
886 2496 977 2532 eos
1037 2481 1256 2542 Tiburi,·
1288 2479 1573 2545 Praenesti,

490 2559 676 2610 setim.
740 2585 747 2588 ι

565 2642 589 2685 1
627 2637 739 2686 Juli
754 2636 950 2698 jugeru,
971 2633 1077 2699 εγω]
1111 2633 1195 2683 Ad
1221 2648 1372 2699 quem
1394 2636 1497 2699 Ep.
1522 2640 1569 2685 1.

484 2722 555 2765 et
576 2719 662 2767 82.
696 2714 788 2765 lib.
820 2718 871 2766 6.
904 2712 1087 2778 Epigr.
1112 2713 1193 2761 16.
1214 2717 1273 2760 et
1291 2715 1374 2761 71.
1406 2711 1498 2761 lib.
1523 2715 1572 2763 7.

499 2801 557 2843 et
580 2793 726 2846 alias.

547 2876 594 2920 2
628 2868 949 2931 Horti-zm]
985 2866 1168 2932 Epigr.
1189 2870 1273 2916 21.
1296 2865 1386 2916 lib.
1394 2866 1568 2930 Spec-

498 2955 605 3001 tac.
627 2964 763 2998 vers.
789 2953 838 2998 3.

563 3031 593 3075 3
630 3027 795 3086 Longo
838 3022 1076 3085 Janieuln,
1118 3023 1224 3085 ξω]
1254 3020 1569 3084 Porrigeba·

496 3109 584 3151 tur
601 3101 740 3150 enim
762 3100 826 3148 ad
849 3106 1062 3164 pontem
1094 3097 1332 3150 Milvinm
1354 3097 1571 3149 sanicu-

484 3178 626 3238 -lum,
668 3175 905 3224 excelsus
948 3188 1095 3223 mons
1138 3187 1241 3222 non
1277 3174 1460 3237 procul
1503 3173 1568 3223 ab

488 3253 667 3316 Urbe,
698 3258 845 3301 trans
886 3250 1114 3300 Tiberim
1155 3250 1303 3300 situs.
1362 3239 1569 3299 *Recum-

497 3330 639 3393 bunt]
675 3328 835 3380 Horti
855 3342 1044 3391 nempe
1065 3327 1176 3379 Jul.
1200 3326 1482 3376 Martialis.

565 3413 595 3454 5
634 3407 705 3455 Et
740 3407 928 3469 μαπιιε,
949 3403 1054 3468 ⁸5⁴²}
1085 3403 1149 3453 In
1186 3402 1387 3453 vertice
1421 3402 1569 3454 Jani-

498 3483 604 3533 euli
632 3482 874 3546 planities
898 3487 998 3544 est,
1016 3496 1132 3546 quae
1158 3480 1317 3529 colles
1339 3488 1571 3544 superat,

496 3571 685 3609 serena
715 3565 771 3609 et
804 3559 954 3620 suda,
991 3572 1094 3611 non
1130 3556 1358 3618 nebulis,
1382 3563 1441 3606 ut
1460 3555 1570 3609 val·

492 3637 598 3699 les,
618 3641 796 3686 tecta.
828 3637 911 3685 hic
933 3636 969 3687 J
974 3636 1065 3685 uln
1087 3636 1250 3684 Mart.
1271 3634 1407 3683 villa.

563 3718 598 3763 9
632 3713 784 3763 Puris
821 3713 991 3776 ostris]
1028 3712 1172 3760 Pura
1214 3718 1368 3762 vocat
1412 3718 1571 3771 astra,

496 3806 620 3856 quoe
658 3791 815 3842 nullis
848 3789 1050 3839 nebulis
1081 3788 1319 3852 aspectui
1365 3788 1573 3839 subtra-

496 3867 713 3919 huntur.
779 3867 981 3917 Eadem
1017 3866 1247 3929 eleganti
1268 3868 1575 3931 metaphora

498 3942 636 3996 infra
668 3944 762 3996 lib.
796 3948 847 3994 8.
888 3943 1190 4007 Epignmi.
1220 3944 1236 3971 ‘
1258 3957 1412 4007 puros
1434 3945 1572 3993 soles

500 4032 558 4075 et
575 4027 688 4075 sine
703 4024 839 4074 foece
862 4024 1024 4074 diem’
1049 4024 1202 4075 dixit.

566 4107 626 4152 11
662 4100 876 4167 Septem]
909 4100 1123 4165 Septem
1151 4102 1334 4163 eolles,
1373 4100 1572 4151 Palati·

494 4191 644 4240 num,
679 4177 1050 4242 Capitolinum,
1083 4178 1426 4240 Quirinalem,
1460 4177 1575 4226 (2oe-

500 4253 645 4315 lium‚
668 4252 1012 4317 Esquilinum,
1046 4254 1380 4316 Viminalem,
1400 4252 1574 4303 Aven-

498 4330 688 4393 tinum,
722 4331 909 4397 quibus
930 4333 1173 4397 imposita
1197 4334 1369 4384 Roma
1386 4346 1574 4408 ¹rerum

1164 452 1169 455 -
1197 415 1413 465 No‘l‘AE
1461 411 1866 465 vAmoRUM

1923 412 2104 465 ΙΝ.

1633 558 1889 609 domina.
2603 572 2606 579 ·

1701 640 1764 687 12
1798 635 2081 699 AEstz‘mure,
2102 638 2184 699 esc.
2188 634 2212 698 ]
2248 635 2503 685 Lustrare
2523 592 2707 685 nouus.

1702 717 1766 762 13
1795 712 2027 777 Albanos]
2076 713 2293 762 Dicitur
2335 724 2482 760 mons
2544 708 2706 758 Alba-

1633 802 1749 855 nus,
1771 791 1837 840 ab
1874 791 2013 841 Alba
2041 791 2215 854 longa,
2236 789 2311 838 ibi
2336 787 2593 854 quondam
2614 798 2707 836 ex-

1633 874 1852 918 structa.
1916 869 2195 918 Tusculum
2217 880 2346 915 vero
2367 864 2491 914 urbs
2508 863 2663 915 Latii.

1699 944 1762 993 14
1798 944 1867 993 Et
1901 946 2231 1007 quodcumque,
2280 942 2402 1005 &ml-
2439 942 2510 991 Et
2563 952 2709 1005 φικ-

1632 1033 1841 1083 cunque
1862 1020 1975 1070 loca
1992 1019 2183 1083 frigida
2199 1018 2512 1069 suburbana.

1700 1100 1764 1145 15
1804 1097 2021 1161 Veteres]
2054 1097 2222 1146 Roma
2261 1095 2420 1145 enim.
2442 1093 2708 1158 antiquio-

1634 1184 1735 1222 res.
1798 1173 2094 1237 Breoesqroe,
2106 1171 2215 1236 esa]
2250 1171 2712 1237 Oppid.parvum,

1621 1248 1775 1300 forte
1798 1249 2045 1300 Ulubrns.

1677 1329 1766 1374 416
1801 1325 1943 1382 Quod
1975 1326 2211 1389 virgineo,
2240 1324 2351 1389 ξω]
2388 1325 2588 1374 Nemus
2608 1322 2710 1381 Di-

1638 1417 1749 1453 anae
1776 1402 2026 1466 Aricinus,
2061 1404 2116 1452 in
2154 1418 2256 1468 quo
2289 1402 2532 1452 fecerant
2555 1415 2711 1452 sacra

1636 1494 1740 1528 non
1782 1479 2008 1543 mitiora,
2043 1493 2197 1544 quam
2221 1479 2468 1528 .'1'auricae
2506 1478 2710 1527 Dianae.

1639 1557 1834 1608 Strabo
1852 1557 1941 1610 lib.
1960 1563 2011 1608 6.
2063 1558 2232 1607 Cruor
2250 1557 2427 1622 itaque
2449 1558 2529 1606 vel
2554 1556 2710 1620 virgi-

1636 1646 1759 1685 num
1780 1648 2055 1697 caesarum,
2097 1636 2183 1685 vel
2222 1634 2391 1684 Annae
2438 1634 2714 1695 Perennae,

1637 1725 1777 1776 quae,
1806 1710 2027 1760 Didonis
2056 1724 2218 1774 soror,
2237 1711 2328 1776 (ut
2344 1711 2539 1760 habent
2560 1709 2711 1760 fabu-

1640 1788 2001 1852 lae).Laviniae
2041 1788 2252 1838 insidias
2289 1788 2516 1853 fugiens,
2560 1803 2618 1838 se
2658 1788 2714 1838 in

1640 1864 1936 1916 Numicium
1958 1861 2195 1914 fl.·dedit
2227 1864 2583 1928 praeeipitemz
2623 1876 2714 1913 seu

1640 1942 1727 2008 (ut
1766 1941 1983 1991 tradunt
2022 1940 2251 1990 melioris
2290 1940 2415 1990 fidei
2452 1940 2717 2004 historici)

1641 2017 2028 2068 anusBovillis
2071 2016 2323 2079 oriunda»,
2363 2032 2478 2082 quae
2516 2017 2714 2081 populo

1643 2110 1740 2160 per
1776 2094 2087 2145 seditionem
2117 2095 2171 2143 iu
2216 2100 2444 2143 montem
2471 2094 2747 2161 digresso<
2847 2137 2854 2145 .

1642 2173 1815 2223 eibum
1852 2172 2052 2235 tulerit,
2085 2185 2247 2234 seque
2285 2178 2472 2234 postea
2509 2183 2576 2218 ex
2609 2170 2716 2218 alta
2815 2169 2824 2176 “

1642 2249 1878 2299 fenestra
1922 2244 2318 2315 praecipitavit.
2339 2246 2499 2295 -Vide
2549 2244 2715 2295 ovid.

1644 2332 1694 2377 3.
1718 2325 2201 2376 Fast.=Macrob..l.
2224 2323 2436 2373 Satura.
2473 2335 2592 2385 cap.
2635 2326 2714 2375 12.

1648 2412 1703 2454 et
1724 2404 2002 2468 Tiraquell.
2025 2402 2089 2452 ad
2110 2401 2197 2451 lib.
2216 2405 2265 2452 3.
2305 2397 2569 2449 Alexand.

1631 2511 1638 2519 -
1713 2486 1778 2532 18
1812 2482 1921 2532 Illic
1941 2479 2215 2542 Flaminia,
2236 2477 2341 2541 ἐγὼ]
2375 2479 2455 2526 Ex
2474 2478 2572 2528 hae
2597 2477 2715 2527 villa

1648 2559 2033 2625 prospiciuntur
2053 2554 2239 2606 esseda
2260 2562 2333 2606 et·
2352 2570 2534 2604 currus
2559 2555 2614 2605 in
2627 2557 2718 2605 -via

1629 2637 1814 2686 Flam.
1831 2641 1888 2685 et
1904 2634 2138 2685 Salaria:
2177 2647 2280 2682 non
2302 2639 2479 2682 tamen
2502 2633 2718 2688 audiun·

1647 2722 1753 2777 tur,
1767 2721 1860 2763 aut
1877 2725 2110 2762 somnum
2136 2710 2492 2773 interpellant.
2682 2735 2688 2746 ·

1711 2795 1773 2841 21
1829 2788 2096 2852 Celeusmo]
2142 2788 2326 2852 Epigr.
2380 2791 2462 2838 66.
2517 2785 2618 2888 lib.
2667 2790 2715 2836 3.

1633 2882 1782 2918 svers.
1802 2872 1853 2917 3.

1710 2948 1775 2993 22
1811 2938 2185 3001 Heleiariorum]
2243 2938 2358 2990 Qui
2392 2950 2608 2987 navem
2629 2936 2720 2986 ad-

1647 3034 1799 3071 verso
1817 3017 2047 3076 flumine,
2072 3016 2157 3067 vel
2177 3015 2264 3080 qui
2295 3014 2414 3063 navi
2440 3013 2718 3064 anchoram

1647 3112 1739 3147 seu
1759 3109 1921 3159 grave
1945 3091 2086 3145 aliud
2126 3091 2328 3156 pondus
2363 3106 2465 3141 uno
2491 3092 2719 3141 connixu

1633 3181 1705 3228 et
1757 3179 1936 3222 mutuo
1990 3170 2205 3220 hortatu
2259 3168 2580 3275 moliuntur:
2654 3167 2717 3217 ab

1637 3248 1789 3312 ἕλκω,
1809 3249 1968 3300 traho

1637 3363 1642 3372 .
1710 3330 1774 3376 23
1809 3323 2053 3388 Mulvius]
2089 3324 2227 3374 Pons
2265 3266 2501 3384 Milvius,
2539 3323 2628 3386 qui
2669 3322 2719 3370 in

1649 3404 1733 3454 via
1755 3402 2010 3453 Flaminia
2045 3402 2183 3454 ultra
2213 3399 2437 3464 primum
2473 3398 2720 3463 lapidem.

1646 3481 1957 3544 Samumque,
2004 3477 2109 3542 &cd
2162 3477 2272 3527 Pro
2327 3477 2450 3525 Deo
2506 3476 2718 3525 cultum.

1646 3556 1832 3623 Virgil.
1855 3560 1907 3606 8.
1925 3553 2129 3605 AEneid.
2168 3560 2224 3603 et
2265 3552 2589 3617 Epigramm.
2623 3552 2715 3636 lib.

1551 3671 1557 3678 ›
1643 3640 1693 3686 3.
1717 3649 1853 3684 vers.
1872 3637 1922 3682 3.

1712 3717 1775 3763 25
1811 3711 1924 3760 Hoc
1957 3724 2059 3768 rus,
2091 3705 2197 3771 δῖα]
2254 3705 2565 3767 Honestior,
2603 3720 2719 3769 gra-

1650 3790 1770 3853 tior,
1807 3787 2068 3838 laudatior
2106 3785 2168 3835 fit
2202 3785 2383 3835 domus
2422 3784 2526 3833 ista
2561 3799 2593 3832 a
2631 3784 2754 3832 do>

1644 3866 1784 3918 mino
1814 3865 1847 3917 J
1855 3865 1958 3914 ulio
1974 3865 2141 3914 Mart.
2167 3863 2274 3912 viro
2302 3861 2571 3925 hospitali.

1640 3978 1646 4008 5
1709 3945 1773 3991 29
1807 3941 2022 4003 Alcinoi]
2077 3940 2238 4003 Regis
2285 3937 2719 4001 Phaeacum„qui

1645 4017 1885 4081 Ulyssem
1909 4024 2212 4086 enatantem
2247 4016 2471 4078 benigno
2493 4014 2721 4078 hospitio

1644 4097 1878 4161 excepit.
1912 4096 2073 4145 Hom.
2088 4095 2287 4159 Odyss.
2309 4092 2380 4156 ζ’.

1710 4178 1773 4224 30
1809 4174 1950 4224 Facti
1972 4175 2105 4223 modo
2128 4170 2320 4233 divitis]
2354 4171 2524 4222 Quem
2562 4168 2717 4219 modo

1645 4247 1861 4301 divitem
1895 4250 2094 4301 factum
2116 4249 2350 4313 appellat
2369 4247 2560 4309 Poeta,
2579 4244 2716 4310 quod

1635 4330 1789 4394 juxta
1813 4331 2062 4380 Herculis
2077 4328 2276 4392 fanum,
2299 4324 2574 4391 splendido
2592 4323 2715 4371 luxu
