2985 4937
437 423 612 495 1126

400 608 411 613 ·
434 576 573 635 idern
608 584 983 636 observabatur
1017 586 1071 637 in
1108 584 1346 644 floribus,
1380 598 1507 652 qnos

435 663 598 712 etiam
623 663 885 726 serebant,
897 663 1053 727 juxta
1074 664 1363 727 sepulchra.

501 743 532 788 7
556 739 878 789 -Monumenta
913 739 1112 803 laboris]
1167 739 1306 791 Quid
1343 747 1509 791 tanto-

438 829 564 879 pere
596 815 840 865 laborant
881 831 976 880 pro
1015 817 1102 866 illo
1133 815 1348 868 laboris?
1402 816 1509 868 Au-

436 893 565 943 dent
588 894 743 942 etiarn
766 893 969 957 ineptos
991 894 1187 957 dicere,
1207 895 1294 961 qui
1322 897 1508 960 legunt

439 975 642 1023 doloris.-
713 981 769 1022 et
809 973 982 1036 perire
1033 988 1234 1023 ornnem
1283 976 1504 1038 gratiam

431 1051 840 1115 epigrammatis,
861 1051 958 1101 nisi
992 1053 1280 1102 retineatur
1315 1053 1507 1102 laboris.

437 1127 514 1177 At
556 1127 684 1176 illud
731 1128 883 1191 plane
921 1128 1117 1192 legitur
1156 1129 1209 1178 in
1253 1128 1508 1179 Arondel·

438 1206 598 1266 liano,
626 1214 682 1253 et
718 1205 981 1254 Martialis
1010 1205 1170 1255 tertio
1194 1220 1345 1255 versu
1369 1221 1508 1270 prae·

438 1283 663 1332 cedente
697 1283 976 1348 improbat,
1009 1299 1128 1349 quae
1168 1299 1327 1335 vanus
1360 1285 1509 1335 labor

438 1360 532 1408 dat
575 1359 758 1409 cineri.
825 1361 1135 1412 Monumenta
1171 1364 1348 1413 doloris
1385 1369 1509 1414 sunt

436 1437 610 1485 luctus
625 1450 995 1502 mnemosynon
1016 1445 1072 1488 et
1095 1438 1398 1490 admonitio.
1433 1438 1510 1490 At

439 1513 581 1563 inter
596 1513 737 1577 ipsos
760 1515 986 1564 nondum
1014 1516 1280 1579 convenit,
1300 1517 1509 1568 laborem

436 1602 570 1653 opus
593 1604 658 1638 an
675 1604 899 1640 amorem
915 1591 1347 1657 interpretentur.
1381 1595 1509 1658 Sed,

438 1667 605 1730 ajunt,
624 1681 792 1733 neque
810 1668 1152 1734 bypampelus
1186 1685 1353 1735 neque
1375 1672 1515 1720 hux-e

439 1750 583 1791 etum
609 1746 823 1807 possunt
844 1759 961 1795 esse
990 1754 1379 1797 monumentum
1413 1749 1506 1798 dod

438 1820 582 1882 loris,
604 1821 727 1885 quia
749 1823 950 1886 pridem
974 1832 1126 1873 erant
1161 1827 1388 1887 exculta,
1418 1840 1508 1875 an·

438 1905 646 1961 tequam
663 1906 896 1950 mortuus
912 1901 984 1951 ibi
1002 1902 1322 1954 humaretur.
1354 1904 1509 1954 Unde

438 1981 614 2024 autem
637 1975 735 2027 hoc
753 1978 1036 2043 colligunt?
1068 1978 1257 2030 Annon
1283 1982 1512 2046 loquitur

440 2051 612 2101 Poiita
633 2068 697 2102 ex
722 2068 945 2117 persona
980 2055 1175 2106 domini
1189 2058 1305 2121 jam
1334 2059 1410 2108 sic
1435 2059 1510 2108 in-

441 2128 691 2177 struentis
715 2130 924 2180 locum?
973 2132 1154 2182 Fuerit
1186 2140 1362 2184 autem
1387 2136 1533 2184 olim·

442 2204 760 2270 hypampelo
798 2213 854 2257 et
884 2207 1084 2259 buxeto
1106 2211 1366 2274 consitum
1416 2227 1513 2262 cur

440 2296 659 2333 necesse
702 2289 782 2334 est
818 2286 874 2336 id
915 2286 1109 2338 domini
1145 2290 1322 2353 potius
1357 2306 1510 2355 quam

438 2361 598 2417 villici
640 2376 797 2413 manu
835 2377 948 2414 esse
979 2364 1216 2416 factum?
1266 2369 1511 2434 Denique

438 2450 506 2487 ne
522 2438 598 2489 sic
620 2439 829 2503 quidem
851 2442 1087 2507 ineptum
1106 2445 1310 2496 doloris:
1345 2447 1512 2497 omnis

440 2515 578 2564 enim
612 2516 777 2578 locus,
800 2519 889 2583 qui
910 2528 1115 2570 mortuo
1136 2522 1283 2573 illato
1303 2525 1513 2590 religio·

440 2606 527 2641 sus
561 2590 640 2656 fit,
683 2592 907 2646 efficitur
941 2604 1288 2649 monumentum
1318 2602 1513 2651 doloris.

440 2668 528 2718 lta
548 2668 713 2721 foret:
751 2671 956 2737 Accipe
980 2674 1116 2724 hunc
1141 2677 1309 2727 locum
1332 2678 1514 2727 viridi-

441 2747 537 2797 bus
589 2757 919 2814 exornatum,
956 2752 1125 2818 sitque
1167 2756 1369 2819 positus
1422 2757 1513 2807 ille

438 2826 563 2875 mihi
585 2837 973 2879 monumentum
994 2832 1210 2882 doloris.
1278 2834 1517 2898 Respicit

441 2915 498 2953 et
518 2906 792 2970 opposita:
816 2922 934 2956 nam
957 2909 1060 2959 ista
1083 2910 1100 2939 ‘
1120 2909 1309 2961 Phario
1329 2920 1515 2963 nutan-

442 2984 517 3031 tia
542 2984 776 3046 pondera
813 2986 975 3045 saxo‚'
1022 2993 1079 3058 et
1100 2988 1305 3050 similia,
1339 2992 1513 3055 potius

441 3066 565 3111 sunt
603 3071 988 3114 monumentum
1025 3066 1324 3118 ambitionis
1360 3085 1514 3134 quam

442 3137 649 3188 doloris.
687 3140 976 3192 Gronovius.
1012 3142 1239 3208 Laboris]
1275 3146 1337 3194 In
1357 3148 1513 3213 cippo

442 3218 752 3280 excolendo,
773 3226 829 3269 et
851 3219 950 3271 hoc
971 3222 1221 3275 carmine.
1290 3225 1410 3275 Non
1440 3230 1513 3276 la-

444 3294 577 3342 bores
598 3295 773 3357 operis
795 3297 929 3355 vult,
949 3304 1006 3346 ut
1024 3291 1237 3364 Scalig„
1257 3303 1348 3351 sed
1373 3319 1513 3354 amo·

443 3372 534 3421 ris.
598 3371 781 3421 Poetis
805 3374 941 3423 enim
976 3391 1124 3426 amor
1161 3387 1242 3429 est
1283 3381 1435 3443 labor,
1455 3389 1515 3431 ut

443 3449 641 3499 Atticis
677 3450 836 3515 πόνος,
873 3460 927 3501 et
968 3454 1180 3504 laborare
1219 3445 1417 3519 amare,
1455 3467 1515 3509 ut

442 3524 640 3577 Atticis
660 3521 839 3592 nove‘a'v,
858 3533 1069 3592 μοχθεῖν;
1099 3533 1221 3582 vide
1259 3536 1328 3585 sis
1370 3537 1513 3587 Mar·

441 3606 620 3656 cilium
647 3608 710 3655 ad
737 3608 929 3659 Horat.
953 3608 1058 3659 Od.
1085 3614 1163 3659 17.
1193 3611 1286 3662 lib.
1314 3617 1360 3663 1.

507 3687 540 3732 8
580 3685 847 3748 Perpetuus
884 3685 1054 3750 honor]
1121 3689 1204 3738 De
1256 3699 1516 3757 perpetuo

443 3760 614 3810 virore
635 3761 760 3811 buxi
784 3769 839 3812 et
862 3764 1000 3826 prati
1020 3765 1221 3829 accipe.

508 3842 542 3886 9
575 3838 816 3901 Lachesis,
845 3841 953 3905 ὅτι]
988 3842 1034 3891 Ε
1067 3844 1252 3894 Parcis
1289 3860 1424 3895 una:
1460 3847 1516 3897 id

444 3922 546 3976 est,
572 3915 659 3965 ubi
682 3916 795 3967 fata
809 3918 1128 3970 absolverint
1151 3936 1365 3987 pensum
1391 3924 1514 3975 vitae

444 4007 593 4043 meae.

471 4068 480 4075 ’
511 4070 673 4121 Eme.
700 4085 788 4122 xe.
841 4077 865 4122 l
897 4073 1072 4122 Garris
1105 4075 1154 4123 in
1174 4077 1360 4142 aurem]
1395 4078 1516 4128 Cin-

444 4162 564 4196 nam
590 4151 782 4212 carpit,
805 4151 889 4200 cui
915 4151 957 4200 is
975 4152 1183 4202 sederat
1206 4155 1435 4215 morbus,
1457 4163 1517 4205 ut
1550 4149 1557 4160 ⁸

445 4240 654 4289 semper
677 4227 727 4274 iu
754 4242 930 4276 aurem
957 4230 1193 4292 proximo
1217 4233 1440 4295 garriret
1462 4238 1518 4283 et

447 4306 887 4356 immurmuraret.

509 4385 542 4429 2
576 4382 713 4430 Teste
746 4384 885 4443 quod,
914 4384 1018 4448 ξω]
1077 4386 1231 4438 Quod
1272 4386 1518 4438 audiente

450 4459 603 4521 vulgo
622 4458 825 4522 *profari
849 4462 994 4512 licet.

1140 443 1358 493 No'rAE
1407 442 1748 494 VAmoRtJ
1763 447 1812 492 M
1863 444 1941 493 ΙΝ

1648 593 1680 638 8
1717 594 1883 656 Rides,
1925 592 2153 657 quereris,
2183 591 2296 656 θα]
2345 589 2526 641 Studia
2562 605 2653 655 po-

1585 674 1693 737 puli
1715 673 1766 722 iu
1793 673 1999 722 theatro
2022 670 2104 720 vel
2129 670 2270 721 circo
2304 668 2515 719 videtur
2548 669 2650 730 sig-

1582 751 1813 801 nificare.
1877 750 1958 800 Ibi
1991 748 2128 797 enim
2166 745 2320 796 modo
2362 746 2652 807 ridebatur,

1583 830 1737 881 modo
1779 828 2101 894 plorabatur,
2131 824 2474 884 clamabatur,
2513 823 2653 870 ‹lam-

1583 909 1822 968 nabatur,
1845 909 1943 956 dcc.
1966 918 2061 968 pro
2084 903 2338 967 cujusque
2372 898 2561 948 affectu
2596 902 2654 947 et'

1583 1001 1752 1038 sensu.
1820 985 1952 1034 Haec
1976 981 2150 1030 omnia
2181 995 2298 1044 quae
2336 977 2558 1042 populus
2578 973 2655 1022 fa-

1583 1063 1757 1114 ciebat
1800 1062 1989 1126 palam,
2026 1059 2193 1109 Cinna
2237 1056 2392 1116 clam,
2429 1060 2588 1118 atque
2612 1052 2655 1101 si

1581 1143 1800 1192 haberet
1821 1153 2033 1198 arcana,
2052 1133 2349 1184 factitabat.
2385 1132 2623 1209 Raderus.
2647 1133 2652 1137 ’

1648 1225 1676 1269 5
1716 1219 1907 1267 Adeone
1927 1211 2139 1278 penitus]
2194 1209 2403 1260 Nullam
2439 1208 2543 1256 vim
2580 1205 2657 1254 vta

1583 1299 1682 1351 deo
1706 1297 1756 1344 in
1776 1289 2204 1355 interrogatione.
2269 1286 2460 1350 Itaque.
2496 1284 2660 1346 magis

1584 1374 1771 1441 probo,
1789 1372 1925 1436 quod
1952 1376 2030 1419 est
2052 1368 2104 1418 in
2132 1363 2402 1415 Arondell.
2434 1360 2658 1423 Adeoque

1582 1453 1790 1518 penitus.
1824 1448 2057 1498 Gronov.
2124 1440 2287 1503 Sedit]
2322 1437 2540 1489 Adeone
2562 1436 2658 1485 fix-

1583 1545 1670 1580 um
1696 1534 1778 1579 est
1812 1532 1867 1577 et
1903 1525 2255 1573 inveteratum
2285 1515 2533 1566 stolidum
2557 1513 2657 1562 hoc

1584 1605 1812 1657 vitium?
1854 1603 1992 1653 Sane
2015 1599 2031 1627 ‘
2052 1596 2285 1647 morbum
2305 1592 2320 1616 ⁹
2350 1591 2660 1658 quandoque

1580 1680 1759 1730 Latini
1799 1679 1983 1727 dicunt
2032 1687 2249 1738 pravam
2291 1669 2555 1735 quandam
2600 1674 2656 1716 et

1583 1755 1903 1821 pertinacem
1925 1752 2143 1814 alicujus
2154 1749 2232 1799 rei
2250 1745 2663 1797 affectationem,

1585 1833 1734 1896 cujus
1757 1831 2011 1880 rationem
2030 1828 2221 1876 nullam
2245 1825 2482 1889 reperire
2505 1832 2662 1887 queas

1586 1908 1757 1965 aliam,
1811 1918 1965 1970 quam
2021 1900 2419 1966 propensionem
2468 1897 2664 1958 ἄλογον.

1590 1988 1796 2037 Her-ald.
1874 1980 2098 2044 Morbus]
2149 1979 2349 2030 Vitium
2395 1977 2663 2029 affectata!

1587 2061 1984 2114 taciturnitatis.
2054 2059 2251 2108 Natum
2297 2063 2473 2106 autem
2518 2054 2661 2104 vide·

1589 2147 1675 2191 tur
1697 2139 1795 2189 lroc
1818 2139 1987 2203 epigr.
2011 2151 2039 2186 e
2053 2126 2177 2200 joco
2214 2135 2420 2197 Scauri,
2442 2146 2544 2198 quo
2564 2133 2660 2184 Ju-

1589 2218 1729 2267 nium
1775 2217 2039 2267 Othonem
2099 2212 2379 2262 Rhetorem
2422 2218 2567 2261 tecto
2606 2213 2662 2258 et

1590 2294 1875 2358 suspicioso
1913 2290 2123 2341 dicendi
2152 2301 2344 2352 genere
2377 2302 2527 2338 usum
2553 2294 2663 2336 tax-

1589 2373 1718 2432 avit,
1756 2371 2014 2436 inquiens,
2045 2374 2167 2417 acta
2203 2367 2345 2415 illum
2383 2365 2436 2415 in
2482 2374 2660 2414 aurem

1592 2449 1808 2499 alterius
1830 2448 2024 2513 legere,
2046 2460 2162 2511 quae
2203 2443 2416 2509 publica
2452 2441 2661 2507 quidem

1592 2534 1734 2591 sunt,
1764 2528 2028 2590 vulgoque
2066 2524 2171 2588 legi
2196 2528 2425 2587 oportet.
2491 2519 2662 2570 Rade-

1593 2619 1680 2654 rus
1722 2601 2035 2654 clancularie
2057 2599 2457 2651 obtrectationis
2480 2596 2661 2647 vitium

1590 2682 1736 2731 innui
1758 2682 1888 2731 vult.

1656 2763 1689 2807 6
1726 2759 1965 2806 Coesarem
1999 2754 2182 2818 laudes]
2239 2752 2404 2817 Cujus
2449 2750 2659 2817 quidem

1590 2836 1831 2886 laudibus
1855 2835 1981 2883 nihil
2001 2833 2166 2897 magis
2201 2831 2456 2896 publicari
2482 2828 2662 2878 debet.

1657 2916 1818 2964 Eme.
1840 2925 1976 2963 xcn.
2025 2915 2057 2960 2
2086 2910 2173 2960 Vel
2194 2911 2276 2959 ede
2297 2909 2406 2973 tua]
2459 2908 2536 2956 Ut
2557 2905 2662 2954 sint

1591 3006 1710 3058 quae
1755 3006 1854 3057 ego
1893 2988 2117 3039 vicissim
2163 2999 2402 3049 carpam;
2458 2981 2661 3031 videbis

1589 3068 1747 3134 ῥᾴδιον
1789 3083 1902 3118 esse
1944 3067 2190 3129 μωμᾶσθαι
2228 3061 2262 3123 ἣ
2300 3063 2549 3124 μιμεῖσθαι,
2605 3064 2662 3106 et

1588 3163 1741 3212 quam
1782 3147 1851 3197 sit
1883 3145 1900 3174 ‘
1922 3144 2091 3194 facilis
2125 3142 2280 3207 rigidi
2316 3151 2538 3191 censura
2576 3150 2663 3186 ca·

1588 3223 1799 3276 chinni!

1654 3304 1817 3351 Eme.
1857 3313 2013 3350 xcxv.
2085 3303 2112 3348 1
2157 3294 2381 3348 Fabricio
2418 3290 2665 3358 Aquinus]

1590 3379 1760 3429 Poeta
1805 3377 1987 3427 laudat
2039 3374 2257 3425 formam
2303 3380 2362 3423 et
2408 3371 2660 3422 aeternatn

1590 3454 1787 3520 Aquini
1830 3461 1888 3504 et
1930 3451 2164 3504 Fabricii
2204 3449 2505 3507 amicitiam,
2544 3457 2661 3508 quoe

1592 3545 1692 3581 non
1717 3532 1858 3581 vivos
1882 3536 2109 3593 tantum,
2131 3528 2223 3579 sed
2246 3532 2480 3577 mortuos
2500 3521 2660 3572 etiam

1592 3608 1880 3674 conjunxit.
1946 3609 2075 3657 Tum
2115 3606 2254 3672 quod
2280 3615 2455 3652 rarum
2488 3610 2662 3649 exem·

1592 3687 1735 3753 plum
1790 3693 1891 3748 est,
1930 3683 2157 3735 eundem
2208 3681 2385 3732 ambos
2425 3676 2664 3728 ordinem·

1590 3766 1822 3827 duxisse,
1833 3763 1976 3812 inter
1988 3775 2115 3827 quos
2128 3767 2302 3809 tamen
2318 3755 2566 3807 facillime
2577 3763 2663 3799 ex-

1591 3843 1706 3895 istit
1730 3843 1982 3893 simultas.
2018 3840 2147 3890 Rad.
2195 3837 2277 3886 De
2300 3835 2376 3884 his
2393 3829 2661 3896 Polybius.

1656 3927 1688 3973 2
1726 3922 1825 3979 Qui
1844 3921 1992 3985 prior,
2018 3917 2128 3983 ξω]
2178 3914 2280 3967 Qui
2305 3912 2539 3979 Aquinus
2575 3909 2669 3956 lae·

1593 4001 1695 4051 tior
1716 4005 1936 4048 mortem
1973 3996 2124 4059 obiit,
2166 3993 2304 4059 quod
2341 3991 2440 4042 sibi
2484 3995 2666 4056 supero‘

1592 4084 1701 4129 stes
1723 4076 1860 4127 foret
1878 4074 2107 4125 amicus:
2141 4072 2263 4123 vide
2286 4083 2444 4134 supra
2466 4083 2552 4131 ep.
2577 4070 2658 4117 37.

1656 4160 1686 4205 3
1722 4156 1825 4205 Ara
1844 4154 2037 4217 duplex,
2057 4149 2161 4215 ξα]
2204 4148 2369 4199 Simul
2388 4146 2472 4195 vel
2498 4157 2661 4209 prope

1591 4235 1810 4300 sepultis
1840 4232 2047 4297 gemina
2091 4228 2325 4278 excitata
2356 4238 2448 4272 ara
2493 4228 2548 4271 et
2584 4220 2661 4309 in-

1592 4313 1796 4376 scripta
1830 4316 2059 4360 testatur
2093 4304 2257 4356 fuisse
2298 4316 2388 4353 eos
2429 4297 2664 4365 primipi-

1589 4392 1745 4441 lares.

1655 4471 1686 4517 4
1728 4468 1858 4531 Plus,
1883 4464 1988 4531 aym]
2033 4465 2152 4516 Hoc
2178 4469 2349 4514 tamen
2373 4456 2549 4524 (quem
2572 4451 2662 4503 do·
