2985 4937
624 421 699 469 M.
746 419 921 470 vAL.
968 418 1394 469 MAR‘mAms
1445 419 1690 468 RPJGR.
1737 421 1884 470 mn.
1934 423 2034 471 vl.
2100 490 2107 493 Λ

263 565 374 619 Nat.
411 565 736 628 Animalinm,
771 580 890 630 cap·
927 570 1006 616 13.
1028 565 1220 630 Papin.
1245 570 1296 615 2.

245 641 378 713 ζὸγίν.
430 642 766 707 ιΡΙιιιιῆιιιῃιιε
807 644 1049 706 exempla
1098 641 1298 691 volucri

257 717 520 768 cinnama?
547 719 684 768 Vide
706 720 930 769 Turneb.
954 718 1176 768 Advers.
1206 718 1297 798 lib.

256 795 329 842 26.
346 808 460 857 cap.
484 796 573 844 27.

277 874 337 916 5
370 871 519 933 Malo,
545 873 628 933 ξω
632 873 669 936 ]‹
694 871 832 922 Vide
856 834 1171 935 Epigramm.
1216 875 1295 922 12.

254 945 337 997 lib.
359 951 407 996 2.

304 1023 457 1072 Emo.
479 1038 616 1074 nvn.
631 1023 883 1075 Phoebum
908 1039 1090 1075 cauum
1116 1032 1172 1075 et
1195 1025 1297 1073 cal·

255 1112 379 1160 vum,
396 1098 611 1151 fictitios
633 1102 730 1152 sibi
747 1101 966 1166 capillos
989 1110 1293 1167 comparan

248 1181 344 1224 tem
366 1175 565 1228 irridet.
601 1179 703 1230 Qui
720 1179 841 1228 olim
860 1179 996 1229 enim
1019 1186 1131 1229 toto
1147 1186 1298 1229 erant

250 1251 414 1315 capite
452 1253 609 1315 calvi,
645 1254 743 1304 sibi
767 1255 1006 1305 solebant
1029 1263 1296 1331 unguento

247 1329 431 1393 perfusi
456 1334 605 1382 velut
627 1333 714 1382 fila
736 1335 1040 1398 capillorum
1063 1328 1273 1386 imitari.

303 1412 325 1455 1
360 1409 595 1458 Mentiris
617 1409 767 1476 fictos
806 1411 1070 1475 unguento]
1126 1412 1298 1464 Calvi-

244 1484 357 1533 tiem
379 1485 705 1537 dissimulare
740 1489 817 1538 vis
836 1498 1101 1552 unguento
1124 1489 1297 1554 perfu-

243 1575 339 1623 sus,
375 1562 520 1626 quod
559 1563 647 1613 fila
687 1565 996 1629 capillorum
1048 1567 1299 1618 imitetur.

242 1639 363 1693 Vide
379 1641 612 1695 Turneb.
637 1641 857 1694 Advers.
874 1644 962 1695 lib.
979 1649 1062 1695 25.
1077 1660 1192 1709 cap.
1213 1650 1297 1697 27.

243 1722 294 1765 et
309 1717 493 1780 Epigr.
518 1722 600 1769 74.
615 1718 774 1769 infra.

298 1797 328 1849 4
362 1795 602 1861 Spongia]
634 1796 766 1847 Quae
802 1796 973 1860 pictos
1012 1800 1185 1849 crines
1208 1800 1295 1850 ab·

241 1876 442 1935 stergat.

299 1950 455 2000 Erro.
477 1964 638 2001 Lvm.
676 1950 815 2003 Aulo
831 1956 1082 2018 Pudenti,
1103 1956 1155 2005 in
1177 1957 1298 2007 Sar-

240 2027 422 2077 matico
442 2028 588 2078 bello
626 2041 901 2095 occupato,
926 2033 1141 2096 exponit
1163 2048 1296 2083 mor-

240 2101 349 2153 bum
385 2120 561 2168 suum,
596 2120 700 2170 quo
721 2122 779 2156 se
803 2123 965 2173 prope
989 2110 1064 2160 ait
1100 2110 1299 2159 extinc-

240 2185 372 2231 tum:
408 2182 505 2232 sed
528 2198 663 2232 utine
701 2187 1043 2251 revalescere,
1063 2202 1296 2251 sperare-

241 2270 332 2316 que
353 2272 479 2306 mox
502 2257 752 2321 futurum,
777 2270 835 2310 ut
858 2264 1030 2312 salvus
1052 2264 1165 2327 ipse
1198 2265 1296 2314 sal-

235 2345 344 2381 vum
368 2349 436 2383 ex
456 2335 643 2385 militia
665 2338 960 2388 venientem
982 2340 1297 2404 Pudentem,

238 2415 291 2456 et
313 2411 663 2475 primipilatu,
684 2414 781 2463 hoc
820 2422 917 2480 est,
944 2418 1173 2482 equestri
1209 2419 1297 2467 ho·

233 2498 351 2535 nore
375 2486 651 2553 affectum,
672 2492 883 2542 salutet.
920 2494 1047 2543 Rau.

297 2568 323 2612 1
382 2566 596 2615 Cernere
648 2567 955 2633 Parrhasios,
994 2571 1099 2636 ξω]
1157 2573 1299 2621 Dum

236 2644 287 2689 tu
305 2643 633 2692 centurionis
653 2644 919 2708 stipendia
936 2648 1146 2697 mereris
1163 2648 1298 2712 apud

234 2718 397 2769 Getas
421 2721 480 2769 in
516 2720 939 2789 Sannatissquae
972 2725 1037 2774 ad
1080 2726 1301 2789 Septen-

236 2795 480 2846 trionem.
517 2798 635 2847 ·De
683 2800 971 2850 Parrhasiis
1012 2802 1141 2851 ursis
1181 2802 1301 2852 vide

233 2885 346 2935 quae
389 2873 463 2923 ad
499 2874 685 2939 Epigr.
724 2881 805 2926 11.
831 2878 919 2927 lib.
940 2882 990 2929 4.
1013 2878 1149 2929 vers.
1171 2884 1219 2929 3.
1247 2887 1302 2930 et

235 2947 417 3014 Epigr.
442 2956 529 3000 25.
549 2966 705 3015 supra
720 2969 853 3004 vers.
871 2959 921 3005 2.

293 3030 327 3075 2
361 3027 540 3077 Sidera
580 3030 746 3095 pigra]
795 3032 954 3081 Ursas
996 3034 1145 3084 tarde
1193 3049 1300 3084 mo-

234 3112 443 3166 ventes,
468 3106 588 3169 quia
612 3109 729 3170 polo
748 3103 963 3160 vicinas.

295 3185 325 3231 3
377 3185 427 3231 0
471 3198 610 3247 quam
651 3201 787 3249 poene
827 3186 937 3249 tibi,
977 3189 1087 3254 ξω]
1134 3191 1338 3242 Quam,

235 3274 390 3322 paene
413 3266 653 3312 mortuus
687 3278 799 3312 sum
821 3280 834 3313 ε
869 3257 947 3314 sic
972 3266 1158 3316 Horat.
1181 3267 1302 3317 Ode

234 3341 315 3389 13.
333 3338 431 3389 lib.
456 3342 508 3387 2.
556 3339 572 3366 ‘
595 3339 763 3391 Quam
788 3356 937 3405 paeue
955 3341 1121 3393 furvas
1142 3357 1305 3407 regna

232 3414 616 3480 Proserpinaess
636 3420 734 3467 ὅτε.

297 3497 329 3542 6
389 3493 622 3549 Quamvis
663 3495 809 3555 lawa,
847 3495 951 3558 ξε]
1002 3494 1157 3545 Oculi
1200 3496 1301 3545 mei

234 3570 389 3633 quasi
412 3570 469 3618 in
487 3577 655 3620 morte
672 3585 855 3635 graves
877 3580 934 3621 et
952 3578 1194 3621 natantes
1215 3571 1308 3620 de·

230 3645 543 3695 sidet-abant
564 3653 709 3695 tunm
732 3657 1087 3711 conspectum.

227 3731 232 3736 ’
298 3727 333 3771 7
359 3724 424 3773 Si
441 3723 562 3772 mihi
581 3724 802 3789 lonificoe,
817 3726 923 3789 ξω]
948 3725 1002 3775 Si
1029 3726 1212 3774 Parcae
1231 3724 1306 3774 vi·

231 3806 349 3852 tam
391 3800 514 3850 mihi
554 3801 930 3851 diuturniorem
977 3802 1305 3884 indulserint.

233 3876 380 3925 vide
396 3885 572 3927 notam
598 3876 663 3926 ad
688 3879 866 3943 Epigr.
887 3883 969 3928 ⁷8.
991 3879 1083 3929 lib.
1106 3883 1156 3929 4.

305 3957 342 4002 8
377 3953 483 4002 Nec
499 3956 687 4014 surdos,
705 3956 812 4019 ξω]
844 3953 1157 4005 Audientes.

305 4032 377 4080 lo
410 4030 607 4091 Rfferes
624 4031 734 4095 pili,
758 4032 867 4095 ξω]
899 4032 1113 4081 Redibis
1134 4030 1309 4094 primi-

2260 402 2438 476 1265

1372 571 1591 627 vestem,
1606 571 1665 614 ut
1677 564 1857 615 videre
1873 572 1975 628 est,
1986 565 2077 618 lib.
2095 570 2143 617 2.
2165 568 2435 634 Epigram.

1373 646 1452 692 16.
1473 642 1548 691 ita
1571 643 1806 692 Baccara
1825 644 1923 693 iste
1945 645 2182 708 hyemem
2200 646 2437 710 optab‘a‘t,

1371 732 1470 782 qua
1491 715 1696 768 ferendi
1720 720 2027 783 gausapinas
2050 728 2191 771 esset
2211 725 2435 772 occasio.

1370 794 1541 845 Poeta
1573 795 1887 859 indignatur,
1920 803 1976 846 et
2005 811 2109 847 non
2144 796 2322 848 baberi
2357 801 2435 849 sui

1369 872 1624 923 rationem
1655 887 1686 923 a
1720 874 1974 938 Baccara,
2006 874 2094 938 qui
2124 871 2324 936 frigora
2343 875 2437 924 de·

1368 944 1586 999 fenden-e
1609 949 1784 999 multis
1815 949 2113 1014 gausapinis
2148 951 2345 1013 possit;
2380 952 2436 1001 in

1368 1024 1587 1087 gratiam
1612 1026 1903 1076 tenuiorum
1941 1026 2115 1090 potius
2149 1026 2436 1091 optandam

1368 1116 1482 1151 esse
1508 1109 1745 1153 aestatem
1768 1119 1783 1165 ;
1820 1104 1902 1153 vel
1924 1110 2069 1154 certo
2091 1104 2275 1155 mediis
2299 1105 2436 1155 calo-

1369 1178 1509 1229 ribus
1531 1179 1816 1229 sumendas
1830 1180 2159 1244 gausapinas.

1437 1260 1464 1305 l
1502 1258 1572 1306 Et
1591 1259 1803 1319 dolend
1831 1258 2065 1321 qaeu-itur,
2095 1257 2200 1320 ξω]
2230 1257 2313 1307 De
2347 1272 2439 1323 pe-

1370 1333 1508 1383 nulis
1540 1334 1638 1383 viri
1671 1334 1813 1385 docti
1851 1336 2298 1398 interpretantur:
2334 1350 2435 1384 non

1371 1414 1546 1459 tamen
1570 1407 1748 1461 obstat
1766 1411 1891 1476 quin
1906 1416 1972 1459 et
2001 1411 2226 1460 lacernae
2255 1424 2441 1473 gausa-

1371 1487 1508 1551 pinae
1530 1486 1742 1538 fuerint.
1766 1493 1814 1537 1.
1848 1489 1971 1552 qnia
1992 1494 2153 1537 aetate
2177 1486 2441 1537 Martialis

1371 1563 1600 1613 nondum
1620 1564 1828 1627 penulae
1848 1564 1900 1631 in
1925 1564 2215 1628 promiscuo
2236 1577 2333 1613 usu
2355 1578 2441 1612 ur-

1373 1640 1510 1690 bano
1548 1639 1731 1703 fuere3
1776 1641 1868 1690 sed
1914 1647 2116 1690 tautum
2157 1639 2211 1689 in
2251 1640 2441 1691 itinere

1371 1724 1630 1780 sumptaez
1665 1723 1721 1767 et
1759 1717 2060 1782 gausapina*
2089 1716 2298 1781 quidem
2321 1726 2441 1766 cunr

1373 1794 1557 1843 sudum
1597 1801 1730 1858 erat,
1766 1802 1988 1846 scorteae
2032 1794 2222 1858 plu'viae
2267 1807 2440 1844 cansa.

1373 1872 1647 1921 Praeterea
1684 1874 1866 1938 jocose
1906 1873 2142 1938 queritur
2183 1871 2445 1922 Martialis

1373 1952 1613 2002 lacernas
1633 1967 1751 2002 suas
1781 1940 1966 2003 tenues
1998 1966 2060 2001 ac
2094 1951 2313 2003 detritas
2336 1951 2444 2001 vel-

1374 2028 1448 2079 u'ti
1489 2043 1588 2093 per
1623 2029 1859 2094 injuriam
1883 2029 2161 2080 alacernis
2201 2028 2463 2094 gausapi->

1372 2105 1451 2155 nis
1485 2106 1702 2171 expelli,
1739 2106 1974 2157 dicturus
2003 2104 2192 2170 alioqui
2223 2105 2443 2169 penulas

1372 2188 1501 2232 suas'
1515 2184 1659 2233 leves
1693 2199 1723 2233 a
1755 2184 2055 2248 gausapinis
2077 2184 2327 2238 Baccaroe
2354 2188 2466 2246 pe·'

1372 2258 1509 2307 nulis
1532 2258 1762 2310 extrudi.
1827 2261 1980 2312 Quod
2005 2259 2365 2324 comperiebat
2393 2274 2445 2308 a·

1371 2334 1470 2383 lias
1505 2334 1743 2385 lacernas
1769 2335 2011 2385 hibernas
2050 2333 2230 2398 fuisse,
2263 2350 2447 2397 gausa·

1375 2411 1522 2475 piuas
1554 2416 1744 2476 nempe
1776 2413 1985 2461 villosas
2015 2420 2073 2463 et
2106 2412 2332 2461 hirsutas
2352 2424 2446 2458 *ar-·

1374 2487 1542 2538 cendo
1563 2485 1766 2551 frigori,
1784 2504 1902 2553 quae
1918 2495 2055 2552 togae
2074 2494 2131 2538 et
2155 2488 2346 2538 tunicae
2365 2488 2442 2535 in·

1364 2567 1690 2631 jicerentu-r3
1723 2569 1851 2629 alias
1882 2569 2108 2618 leviores
2142 2573 2198 2617 et
2222 2569 2446 2627 aestivas,

1376 2658 1494 2707 quae
1518 2642 1614 2691 soli
1638 2644 1828 2692 tnuicae
1853 2644 1968 2692 loco
1991 2650 2233 2707 togarum
2263 2640 2446 2691 induc·

1375 2728 1463 2771 tae.
1501 2720 1738 2769 Baccara
1757 2720 1916 2784 igitur
1931 2726 1990 2769 ut
2013 2720 2186 2783 plures
2207 2720 2447 2767 lacernas

1378 2796 1709 2861 gausapinaS‚
1741 2811 1956 2862 quarum
1995 2811 2098 2846 non
2128 2795 2225 2845 nisi
2258 2794 2447 2858 hyeme

1376 2890 1498 2924 usus
1537 2879 1847 2935 ostentaret,
1883 2873 2107 2937 optabat
2133 2870 2299 2936 frigus
2326 2884 2448 2920 veu-

1378 2960 1567 3016 tosque
1606 2968 1667 3002 ac
1704 2953 1868 3002 nives.
1932 2952 1981 3001 Α
2005 2950 2298 3013 Ροὸια,οιιί
2322 2949 2454 2998 artis

1375 3031 1516 3080 malo
1533 3031 1689 3094 genio
1706 3029 1916 3080 detrita
1938 3030 2189 3093 levesque
2220 3029 2449 3077 lacernas

1376 3115 1551 3171 erant,
1585 3108 2047 3160 crudeliterillum
2082 3106 2261 3157 facere
2290 3104 2449 3166 dicit,

1378 3186 1464 3251 qui
1501 3187 1634 3236 male
1672 3185 1878 3235 vestitis
1912 3184 2153 3249 hyemem
2192 3183 2450 3245 imprece-

1380 3271 1506 3324 tur3
1547 3262 1819 3312 humanius
1858 3275 1919 3311 ac
1959 3260 2242 3325 simplicius
2280 3256 2451 3308 factu-

1380 3354 1514 3402 rum,
1537 3339 1580 3389 si
1613 3340 1726 3403 ipse
1760 3339 1844 3388 vel
1867 3337 2038 3388 media
2054 3343 2240 3387 aestate
2265 3349 2449 3398 gausa·

1381 3416 1532 3480 pinas
1555 3422 1744 3477 sumat,
1780 3417 2062 3479 luxumque
2087 3414 2141 3463 in
2165 3412 2354 3463 nullius
2374 3413 2457 3461 in-

1369 3491 1562 3556 juriam
1585 3499 1836 3543 ostentet.
1904 3490 2209 3555 Legendum
2227 3502 2373 3553 ergo,
2392 3495 2455 3538 nt

1379 3571 1575 3621 habent
1597 3579 1804 3621 veteres
1829 3570 2114 3620 editiones:
2155 3568 2457 3632 Quidsecere

1379 3649 1498 3698 muli
1516 3653 1688 3698 noum
1703 3648 1813 3711 eibi,
1825 3661 1959 3707 seve,
1977 3644 2210 3695 lacerum?
2229 3646 2304 3695 Ut
2318 3645 2455 3693 Bac-

1381 3740 1507 3776 cara
1529 3739 1713 3775 nomen
1735 3724 1833 3773 viri
1851 3723 1938 3787 sit‘,
1969 3738 2070 3772 non
2094 3721 2337 3770 feminae:
2378 3721 2452 3770 la-

1382 3816 1656 3852 cernarum
1688 3802 1824 3850 enim
1859 3815 1980 3850 usus
2013 3799 2184 3848 nullus
2219 3798 2450 3847 mulieri-

1381 3878 1498 3928 bus.
1540 3877 1807 3928 Ferrarius.
1890 3875 1998 3924 Sibi
2037 3884 2155 3924 non·
2175 3874 2448 3937 contingere

1366 3954 1563 4017 frigus]
1594 3953 1670 4002 Ut
1703 3953 1855 4001 detur
1890 3950 1962 4000 illi
1999 3950 2208 4001 occasio
2242 3949 2446 3999 ferendi

1384 4028 1792 4093 ostentandique
1846 4027 2176 4092 gausapinas,
2232 4027 2453 4091 penulas

240 4103 342 4167 pili
367 4119 455 4156 seu
490 4106 645 4170 primi
678 4108 998 4157 centurionis
1031 4108 1226 4156 honore
1256 4111 1310 4155 et
1386 4107 1600 4157 crebras
1635 4113 1691 4155 et
1721 4105 1928 4153 villosas
1952 4099 2238 4165 (mantice).
2311 4100 2451 4151 Vide

239 4183 564 4232 ornamentis
579 4184 911 4247 equestribus
932 4192 1162 4234 ornatus.

309 4257 471 4309 Eric.
494 4273 609 4311 ux.
646 4261 722 4312 Ut
759 4262 937 4312 Zoilus
972 4262 1208 4312 morbum
1243 4261 1315 4311 sio

242 4334 498 4397 mulahat,
550 4350 653 4400 quo
695 4346 986 4388 ostentaret
1028 4340 1308 4403 stragulam

1236 4423 1463 4472 Martial.

387 4417 553 4481 Delph.
575 4423 622 4467 et
645 4419 758 4468 Vur.
775 4420 902 4482 Clas.

1387 4184 1709 4248 Epigramm.
1745 4184 1827 4230 16.
1859 4179 1950 4229 lib.
1981 4183 2031 4229 2.
2099 4178 2303 4228 Zoilum
2339 4178 2455 4241 pari
2540 4171 2545 4178 ’

1386 4261 1567 4311 morbo
1588 4260 1937 4319 laborantem,
1967 4263 2185 4321 propter
2205 4256 2455 4320 stragula.

1456 4343 1485 4389 3
1525 4338 1762 4388 Obscuros
1783 4338 1926 4399 laces,
1945 4334 2054 4398 ξω]
2083 4336 2157 4385 Ut
2180 4333 2455 4384 coelunrsit

2219 4421 2251 4465 4
2283 4416 2326 4463 L
