2985 4937
653 426 732 475 M.
780 420 1430 472 VAL0'MAR'1'1ABIS-
1469 423 1720 472 EPIGR.
1769 424 1911 472 LlB.
1958 424 2092 471 vll.

277 570 484 637 mentis,
500 568 839 633 aromatibus,
871 573 928 618 et
957 566 1343 634 liquaminibus,

277 651 375 698 dcc.

342 729 405 776 10
447 725 770 775 Conturbator
803 723 942 789 aper]
987 722 1052 773 In
1088 737 1206 788 quo
1224 735 1346 774 con-

278 802 467 853 diendo
482 801 950 853 conturbabuntur
963 801 1189 849 rationes
1205 813 1353 862 meae,

2309 408 2484 475 1283

1418 571 1505 617 44.
1528 568 1617 618 lib.
1640 572 1690 620 4.
1710 583 1842 620 vers.
1866 573 1917 619 2.

1421 674 1428 679 -
1483 651 1535 695 6
1554 647 1619 695 Te
1675 647 1888 697 Palantia
1945 648 2159 712 laudent]
2224 645 2483 709 Agentem

1423 738 1623 815 causas.

1455 807 1523 852 6
1553 803 1729 852 Palma
1752 802 1929 867 fores]
1945 803 2131 852 Palma
2173 800 2486 866 affigebatur

281 888 336 930 et
355 880 926 945 decoquenturopes.
960 876 1066 929 Qui
1088 890 1225 925 emm
1246 890 1349 925 non
1415 879 1591 945 januis
1631 876 2055 940 caussidicorum,
2095 879 2186 944 qui
2223 878 2276 927 in
2315 876 2495 927 causis

279 961 398 1007 sunt
451 956 719 1019 solvendo,
772 968 943 1020 neque
986 967 1042 1004 se
1089 952 1352 1002 extricare

279 1032 849 1095 nominibus-possunt
903 1037 961 1080 et
1016 1042 1122 1078 aere
1160 1027 1351 1088 alieno,

280 1110 353 1161 illi
376 1109 736 1170 conturbant3
758 1123 859 1158 nec
893 1107 1029 1157 enim
1064 1119 1241 1156 eorum
1274 1118 1354 1153 ra·

282 1185 727 1250 tiones‘explicari
766 1191 821 1234 et
857 1183 1106 1247 expediri
1120 1188 1356 1247 possunt.

279 1264 499 1315 Plautus
519 1261 916 1326 Amphitryonis
937 1261 1166 1324 Prologo
1187 1258 1352 1322 expli·

282 1348 368 1392 cat
399 1340 719 1392 contrariam
742 1338 950 1389 dicendi
973 1336 1213 1398 formam,
1236 1349 1355 1385 cum

281 1418 483 1483 inquit:
517 1417 534 1445 ‘
555 1418 625 1466 Et
663 1422 721 1466 ut
756 1429 838 1466 res
879 1416 1209 1479 rationesque
1244 1427 1354 1462 ves·

284 1500 482 1544 trorum
501 1493 731 1543 omnium
744 1492 890 1541 Bene
900 1506 962 1541 ex
971 1490 1152 1555 pedire
1162 1487 1247 1537 vol
1254 1486 1355 1537 tis.'

286 1568 515 1622 Tui-neb.
559 1569 647 1619 lib.
689 1572 736 1618 4.
777 1582 893 1631 cap.
928 1573 1005 1618 15.
1079 1566 1235 1617 Vilius
1256 1579 1361 1615 esu-

281 1650 377 1714 rio]
417 1648 645 1698 Minoris
686 1651 894 1695 constat
923 1643 1247 1704 famesmea,
1286 1640 1358 1692 vi·

280 1723 394 1774 liori
419 1725 542 1775 cibo
563 1729 811 1773 contenta
828 1728 941 1783 est3
967 1721 1165 1770 minore
1188 1734 1358 1783 sump-

283 1805 339 1850 tu
359 1815 568 1851 coenam
593 1799 717 1849 mihi
738 1804 979 1848 constare
1004 1796 1178 1846 velim.

345 1879 509 1928 Eme.
556 1889 764 1929 xxvnr.
807 1874 891 1925 Ad
933 1875 1152 1923 Fuscum
1196 1871 1363 1921 mittit

284 1955 469 2005 librum
490 1952 861 2004 Saturnalibus
900 1950 1175 2015 legendum
1207 1957 1263 1998 et
1276 1949 1362 2014 ju-

287 2032 594 2085 dicandum.

353 2115 380 2160 1
409 2110 498 2160 Sic
521 2108 813 2172 Tiburtinas,
831 2104 940 2171 δια]
961 2106 1051 2156 Sic
1073 2105 1170 2155 tibi
1193 2105 1365 2154 omnia

287 2188 516 2240 feliciter
563 2188 789 2250 cedant,
813 2198 1040 2251 precor;
1082 2184 1157 2234 sic
1203 2186 1367 2250 sylva,

291 2281 440 2331 quam
472 2264 674 2315 Tibure
699 2263 881 2324 habes,
903 2278 1041 2313 caesa
1067 2263 1366 2314 revirescat.

289 2344 490 2408 Dianae]
529 2342 819 2392 Nemorum
853 2339 1094 2404 praesidis
1125 2354 1186 2389 ac
1210 2341 1364 2389 Deae.

351 2425 381 2471 8
418 2421 530 2471 Nec
571 2417 905 2482 Tartessiacis]
960 2416 1078 2466 Nec
1114 2416 1366 2465 olivetum

292 2503 435 2547 tuum
458 2496 744 2546 fertilitate
766 2494 991 2544 olearum
1026 2499 1118 2542 aut
1138 2493 1261 2542 olivi
1285 2507 1368 2542 co·

291 2574 379 2638 pia
407 2574 573 2624 cedat
593 2571 844 2635 Hispanis
863 2570 1033 2620 olivis».
1097 2570 1369 2618 Tartessus

291 2653 544 2704 Straboni
577 2651 763 2701 fluvius
785 2657 884 2710 est,
916 2649 1006 2714 qui
1038 2648 1154 2719 aliis
1183 2648 1372 2710 Boetis,

295 2731 429 2781 unde
455 2728 674 2780 Boetica
698 2729 851 2792 Hisp.
903 2726 1088 2776 ‘Pallas
1108 2725 1216 2789 tua]
1251 2724 1375 2775 olei

296 2806 584 2869 inventrix,
631 2820 769 2871 quae,
818 2803 1032 2868 reliquis
1078 2801 1192 2851 Diis
1229 2802 1376 2852 steri·

297 2885 371 2934 les
417 2884 489 2936 ad
525 2883 758 2947 speciem
780 2880 1096 2945 eligentibus
1144 2878 1374 2945 arbores,

300 2962 460 3011 oleam
485 2975 608 3011 cum
633 2955 819 3021 forma,
862 2963 973 3007 tum
1001 2955 1196 3018 fructu,
1217 2956 1373 3020 insig-

299 3053 415 3090 nem
454 3037 699 3101 sumpsit.
758 3037 930 3100 Fusae]
993 3034 1237 3084 ·Videtur
1287 3034 1376 3084 hic

304 3129 430 3180 esse,
452 3116 523 3165 ad
543 3128 704 3180 quem.
719 3114 861 3163 Plin.
880 3114 998 3163 Sec.
1015 3113 1116 3176 Ep·
1137 3116 1186 3161 9.
1211 3110 1306 3161 lib.
1323 3115 1376 3160 7.

306 3191 555 3258 Ῥωμαία]
577 3191 764 3240 Praelis
778 3190 999 3240 oleariis.
1023 3189 1198 3239 Gloss.
1219 3187 1379 3238 ‘Tra-

307 3277 507 3333 petum,
558 3268 726 3319 ἐλαιῶν
780 3265 984 3329 abacos,
1030 3264 1381 3330 ἐλαωυριγεῖονῖ

309 3347 477 3398 Varro
495 3345 587 3396 lib.
609 3349 661 3395 4.
685 3344 753 3394 de
771 3344 923 3408 Ling.
951 3344 1070 3392 Lat.
1093 3342 1380 3405 {Trapetes

307 3426 455 3475 molae
512 3423 749 3474 oleariae·
776 3424 1067 3478 vocantur.’
1134 3418 1381 3468 Sidonius

309 3504 670 3570 Panegyrico:
717 3503 732 3529 ‘
753 3500 975 3565 oleique
1011 3498 1233 3563 liquores
1266 3496 1381 3547 Isse

311 3596 403 3644 per
438 3580 698 3632 attonitas
730 3577 890 3627 bacca
916 3574 1180 3639 pendente
1206 3578 1382 3636 trape-

314 3658 431 3709 tas?
462 3656 673 3707 Boetica
693 3661 869 3704 autem
910 3652 1026 3701 oleo
1067 3649 1390 3711 abundabat,

314 3749 476 3801 eoque
500 3733 752 3799 pretioso.
787 3728 973 3793 Papin.
1014 3727 1106 3777 lib.
1125 3731 1177 3776 2.
1201 3726 1388 3789 Sylva·

317 3827 456 3862 rum.
489 3813 506 3840 ‘
529 3809 663 3861 Quae
684 3804 948 3857 Tritonide
978 3802 1183 3853 fertiles
1213 3800 1382 3852 Athe-

319 3903 407 3939 nas
443 3888 653 3949 Unctis,
672 3885 897 3948 Boetica,
919 3896 1172 3946 provocas
1205 3886 1383 3944 trape-

322 3965 402 4014 tis·
404 3966 419 3989 '
471 3966 680 4017 Quanta
705 3960 868 4011 fuerit
888 3959 1129 4009 ,Tartessi
1148 3957 1388 4019 dignitas,

323 4047 514 4091 norunt
554 4042 643 4106 qni
681 4040 744 4088 de
786 4037 989 4088 Boetica
1012 4035 1290 4101 quidquam
1312 4035 1388 4082 le-

327 4127 527 4183 gerunt.
584 4113 846 4166 Her-aldus.

388 4200 421 4244 4
456 4193 702 4244 Immodici
723 4190 872 4253 lacus]
905 4189 1079 4245 Pleni,
1115 4188 1268 4237 immo
1309 4201 1390 4235 re·

330 4271 617 4321 dundantes
651 4277 819 4318 inusto
837 4270 982 4317 lacus
985 4266 1104 4331 ,qui
1121 4263 1396 4328 excipiunt

332 4351 501 4402 vinum
541 4348 763 4411 trapetis
807 4359 1124 4410 expressum.
1210 4342 1389 4406 Epigr.

1418 957 1689 1022 vicissent,
1710 972 1872 1023 quam·
1886 955 2146 1007 Ausonius
2184 960 2349 1005 vocat·
2381 955 2490 1019 pal·

1426 1049 1581 1085 mam>
1598 1033 1899 1086 forensem.·-
1926 1034 2062 1083 Vide
2093 1033 2203 1083 Sat.
2225 1037 2275 1081 7.
2298 1031 2489 1083 Juven.

1430 1127 1565 1166 vers.
1589 1117 1705 1162 117.
1739 1114 1756 1142 ‘
1777 1113 1979 1175 Rumpe
2000 1110 2157 1159 miser
2192 1114 2391 1158 tensum
2407 1108 2491 1172 je-

1430 1205 1544 1253 cur,
1583 1198 1643 1241 ut
1686 1190 1783 1241 tibi
1823 1191 1956 1239 lasso
1997 1188 2255 1251 Figantur
2298 1184 2491 1234 virides

1430 1268 1686 1317 scalarum
1711 1268 1875 1332 gloria
1908 1265 2156 1330 palmoe.’·
2195 1264 2372 1313 Scalas
2408 1262 2495 1311 liic

1431 1358 1528 1409 pro
1552 1343 1699 1394 aditu
1730 1343 1929 1406 domus,
1964 1343 2073 1393 sive
2095 1342 2259 1405 janua
2280 1339 2498 1403 accipit,

1431 1427 1494 1471 ut
1551 1416 1835 1471 Oratoruns
1886 1420 2160 1484 pauperies
2219 1417 2500 1477 indicetur,

1435 1498 1522 1562 qui
1540 1513 1682 1547 more
1701 1497 1925 1547 omnium
1948 1510 2234 1560 pauperum
2255 1494 2309 1543 in
2329 1507 2503 1543 coena·

1435 1575 1565 1624 culis
1593 1573 1917 1623 habitabant.
1952 1573 2157 1622 Heraia.
2326 1632 2329 1637 μ

1434 1668 1444 1677 ·
1499 1658 1531 1703 7
1568 1652 1686 1702 ocia
1705 1654 1817 1700 dum
1839 1650 2040 1711 medius,
2055 1650 2162 1713 ξι]
2185 1646 2424 1697 A‘causis
2439 1653 2500 1697 et

1435 1729 1571 1781 foro.
1636 1729 1991 1799 Justitiumin
2021 1728 2099 1776 his
2124 1726 2500 1776 Saturnalibus.

1439 1812 1458 1827 '·
1502 1812 1534 1857 8
1571 1810 1717 1857 Certa
1740 1821 1868 1870 quos,
1893 1804 1998 1869 &sc-J
2036 1804 2269 1855 'Critica'
2292 1810 2346 1853 et
2382 1818 2502 1853 een·

1438 1885 1592 1935 soria.
1657 1880 1822 1945 Jocos]
1856 1881 2038 1945 Epigr.
2058 1881 2171 1930 haec
2206 1892 2340 1929 mea.

1442 1966 1450 1979 ’
1503 1964 1664 2012 Erro.
1699 1974 1861 2010 xxix.
1896 1965 1922 2009 1
1972 1959 2269 2015 Tor-mentum
2306 1954 2504 2018 Voconi]

1439 2040 1664 2091 Delicioe
1688 2046 1744 2088 et
1764 2051 1930 2098 amor,
1970 2035 2057 2100 qui
2090 2035 2221 2084 risus
2255 2032 2509 2096 lugubris,

1441 2112 1609 2166 dolor*
1630 2115 1821 2175 suavis,
1854 2113 2014 2164 timo'r
2048 2125 2347 2176 generosus,
2370 2124 2508 2159 mors

1443 2194 1581 2255 viva,
1601 2195 1702 2243 &c.

1509 2274 1538 2320 3
1578 2269 1760 2319 Positis
1788 2267 1998 2332 capillis]
2032 2265 2167 2315 Vide
2215 2263 2397 2331 Epigr.
2425 2268 2506 2314 32.

1441 2347 1532 2396 lib.
1560 2351 1606 2396 1.
1631 2359 1769 2395 vers.
1795 2349 1842 2394 1.

1507 2426 1540 2472 4
1575 2422 1796 2488 Placeat,
1820 2420 1926 2485 ξω]
1957 2419 2080 2471 Prae
2105 2428 2176 2472 te·

1445 2517 1450 2522 ·
1511 2493 1542 2549 7
1576 2501 1646 2549 Et
1671 2500 1946 2561 Moecenati,
1975 2498 2091 2561 qa]
2116 2496 2251 2547 Etsi
2264 2487 2511 2561 capieba-

1449 2584 1535 2627 tur
1551 2579 1776 2627 maxime
1809 2577 2073 2626 Maecenas
2121 2574 2337 2636 Eulogii,
2358 2577 2513 2636 quam

1449 2655 1734 2736 scripserat
1767 2653 1954 2717 virgil.
1977 2653 2059 2702 de
2086 2650 2315 2701 formoso
2346 2647 2510 2703 Alexi

1423 2728 1601 2812 quem
1633 2731 1883 2782 ardebat:
1922 2743 2023 2779 non
2063 2735 2235 2777 tamen
2267 2726 2515 2802 dedigna-

1450 2816 1535 2860 tus
1564 2814 1647 2859 est
1689 2815 1743 2858 et
1767 2808 2009 2868 Carmen,
2031 2796 2168 2870 quod
2192 2794 2453 2867 Marsus,
2439 2817 2517 2851 ιιι-

1450 2885 1611 2937 ferior
1657 2885 1835 2949 poeta,
1896 2882 2181 2946 scripserat
2240 2879 2306 2929 de
2369 2878 2518 2929 fusca

1450 2964 1753 3013 Melaenide.
1823 2961 1911 3011 Ita
1933 2974 2032 3010 nec
2054 2959 2242 3008 Victor
2263 2972 2384 3007 mea
2403 2957 2516 3006 haue

1453 3035 1840 3106 aspernabitur,
1863 3041 1968 3088 διο.

1457 3141 1464 3146 ’
1517 3122 1549 3167 8
1587 3116 1812 3167 Melaenis
1831 3111 1960 3177 erat]
1984 3112 2041 3164 Α
2064 3109 2285 3174 μέλαινα.
2362 3133 2365 3142 ·

1451 3215 1456 3222 ·
1521 3192 2099 3270 E121a.xxx1.Empta
2140 3189 2285 3250 foro,
2306 3202 2407 3238 non
2444 3187 2518 3235 in-

1454 3281 1643 3338 empta
1657 3272 1833 3321 rurive
1851 3277 1996 3333 nata,
2019 3271 2221 3333 Regulo
2236 3282 2266 3316 a
2289 3275 2345 3315 se
2366 3266 2525 3315 missa

1455 3364 1672 3399 munera
1688 3348 1783 3399 ait.
2510 3361 2515 3366 ·

1525 3433 1552 3478 1
1591 3427 1791 3491 Raucae]
1822 3425 1904 3475 Ab
1928 3425 2099 3474 avium
2123 3421 2523 3473 domesticarum

1456 3519 1616 3554 rauco
1641 3510 1820 3554 cantu.
1893 3497 2081 3564 Coi-tis]
2114 3500 2381 3550 'Pluribus
2415 3504 2524 3547 tec-

1459 3582 1525 3631 tis
1560 3581 1669 3630 sive
1698 3574 1861 3628 'muris
1894 3583 2080 3641 septae,
2115 3576 2281 3625 instar
2298 3572 2526 3635 mapalii.

1458 3659 1665 3707 Festus.
1719 3653 1766 3703 A
1811 3657 1947 3702 court
1968 3668 2024 3701 or
2058 3652 2243 3699 bartam
2280 3649 2455 3707 Ἀπί,
2479 3651 2528 3695 et

1457 3732 1570 3795 ova]
1603 3730 1847 3788 Gallinae,
1870 3741 2096 3788 anseres,
2112 3736 2309 3783 anates,
2333 3724 2526 3771 colum·

1459 3812 1564 3875 bae,
1587 3815 1685 3861 διο.
1728 3807 1968 3870 Metram]
2024 3805 2362 3865 Gallinarum‚
2409 3814 2527 3849 ana·

1462 3896 1588 3939 tum.

1528 3968 1560 4012 2
1596 3964 1772 4013 Flavus
1804 3960 1973 4022 medio,
2005 3959 2113 4021 mn]
2142 3954 2417 4005 Moderato
2444 3965 2529 4003 ca-

1462 4043 1573 4090 lore
1597 4039 1817 4089 siccatas
1835 4035 1966 4084 ficus
1994 4034 2186 4083 Chias:
2223 4046 2382 4096 supra
2406 4033 2529 4093 Epi·
2558 4093 2565 4097 ff

1465 4132 1679 4183 greum.
1696 4119 1780 4168 24.
1815 4126 1950 4161 vers·
1985 4116 2033 4161 8.
2060 4121 2115 4162 et
2133 4110 2223 4160 lib.
2249 4114 2329 4160 13.
2354 4111 2532 4173 Epigr.

1464 4200 1549 4246 23.
1596 4194 1676 4244 vel
1713 4191 1954 4240 hibernas
1986 4196 2041 4238 et
2082 4188 2312 4252 gelatas:
2352 4185 2533 4248 Epigr.

1464 4270 1811 4396 manhatum]
1848 4330 2090 4387 Haedum.
2130 4329 2407 4389 ‘Quen-ula,
2430 4322 2538 4388 ason]
