2985 4937
745 461 820 510 M.
870 462 1037 511 vAL.
1086 463 1508 515 MAR'HALIS
1559 467 1804 517 EPIGR.
1857 473 1999 520 LlB.
2048 474 2096 520 1.

322 647 328 653 .
380 605 413 650 4
437 602 689 671 Extremo,
707 606 812 670 Bm]
848 607 974 656 Oris
991 605 1390 659 foetorem‘forte

319 679 627 741 emendant3
660 692 869 733 ructum
885 699 950 733 ex
973 683 1076 735 imo
1099 687 1389 736 ventriculo

318 767 662 820 nequaquam.
731 760 1042 809 Barathrum
1069 763 1279 826 proprie
1315 764 1387 813 lo·

318 843 406 879 cus
453 838 605 885 tanta
658 835 935 885 altitudine
990 838 1287 902 depressus,
1329 846 1389 890 ut

317 921 463 971 aegre
490 909 766 974 despicere
789 913 949 976 possis
975 929 988 962 ι
1039 915 1121 964 hic
1158 929 1252 979 pro
1284 916 1387 966 imo

317 988 606 1036 stomacho.
828 1025 832 1029 -

325 1080 329 1086 Δ
377 1068 407 1110 5
441 1063 782 1128 Diapasmate]
847 1066 1235 1118 Medicamento
1278 1069 1388 1131 illo,

315 1139 398 1209 cui
441 1139 804 1191 immiscentur
835 1144 1038 1206 odores,
1073 1159 1103 1192 a
1140 1141 1387 1194 διαπάσσω

314 1230 586 1279 conspergo.
653 1219 698 1267 E
725 1220 851 1269 tusis
887 1226 1061 1269 autem
1086 1229 1143 1269 et
1184 1221 1238 1269 in
1272 1222 1384 1285 pul·

312 1308 484 1343 vei-em
509 1295 737 1363 redactis
770 1297 925 1347 siccis
958 1299 1276 1349 aromatibus
1298 1299 1388 1350 fie-

315 1370 440 1421 bant
478 1371 827 1437 diapasmata,
861 1375 1046 1439 quibus
1077 1377 1236 1426 etiam
1259 1378 1385 1428 lecti

312 1452 543 1514 geniales
568 1461 625 1502 et
648 1453 973 1504 discubitorii
1011 1456 1385 1520 respergeban·

313 1535 417 1589 tur,
450 1531 614 1595 etqui
638 1529 702 1579 ad
727 1531 1041 1583 cohibendos
1079 1532 1294 1582 sudores
1331 1533 1385 1582 in

311 1603 510 1657 balneis
569 1609 873 1672 corporibus
931 1610 1386 1674 inspergebantur.

317 1683 485 1748 Virus]
521 1685 711 1736 Gravis
729 1686 920 1748 anima,
942 1687 1133 1736 halitus
1158 1688 1351 1751 gravis.

314 1800 322 1811 .
369 1767 404 1812 6
439 1764 660 1827 Duplex,
679 1764 785 1829 qa]
816 1764 1068 1814 Hesterni
1092 1765 1197 1813 vini
1220 1772 1277 1814 et
1306 1765 1383 1814 di·

308 1841 609 1903 apasmatis.
659 1841 675 1869 ‘
698 1840 973 1891 Animam'
1012 1841 1267 1892 vocabant
1294 1842 1380 1891 ba·

307 1917 492 1967 litum:
549 1919 628 1967 sic
671 1919 687 1946 ‘
710 1917 898 1968 foetere
931 1918 1087 1968 alicui
1125 1915 1379 1969 animam'

311 1992 574 2045 dicebant.
641 1995 796 2045 Unde
837 1995 1049 2058 ‘bene,'
1083 1997 1166 2045 vel
1206 1997 1379 2046 ‘male

310 2071 559 2135 animati,'
585 2087 678 2135 pro
701 2073 784 2135 iis,
798 2073 983 2137 quibus
1012 2073 1206 2122 halitus
1227 2072 1379 2122 foete·

309 2147 417 2210 bat,
462 2150 549 2199 vel
594 2150 728 2200 bene
770 2150 963 2200 olebat.
1027 2150 1281 2201 Titinnius
1323 2151 1379 2201 in

310 2227 645 2278 Fullonibus:
700 2230 716 2256 ‘
741 2224 957 2278 Interea
994 2227 1178 2278 foetida
1206 2230 1381 2280 anima

308 2318 509 2355 nasumv
535 2304 845 2370 oppugnat.’
911 2306 982 2355 Et
1021 2306 1087 2354 de
1133 2301 1380 2356 inferiore

307 2387 520 2444 gutture
543 2382 766 2432 Plautus
788 2381 1024 2433 Aulular.
1048 2383 1201 2432 Scen.
1224 2382 1379 2432 Post-

307 2475 461 2525 quam
497 2460 679 2511 obson.
700 2463 800 2511 διο.
867 2462 883 2490 ‘
905 2461 990 2512 Ne
1028 2460 1150 2526 quid
1191 2460 1378 2511 animae

304 2538 442 2589 forte
480 2539 693 2589 amittat
724 2538 1020 2589 dormiens!
1084 2537 1289 2587 Alludit
1309 2538 1376 2588 ad

306 2616 474 2677 gulam
497 2616 652 2676 follis,
674 2617 762 2680 qui
793 2617 845 2666 in
877 2616 1145 2666 veteribus
1178 2615 1376 2665 Glossis

303 2693 603 2756 exponitur,
620 2692 822 2744 θύλακος
841 2692 1048 2757 καμίνου,
1066 2690 1226 2742 ἀσκός·
1262 2692 1375 2742 foc-

302 2770 396 2819 lex.
436 2772 611 2834 Rigal.

365 2853 397 2897 7
432 2850 597 2898 Notas
615 2864 745 2912 ergo,
768 2851 875 2915 ξω]
910 2851 1082 2904 Quum
1108 2866 1193 2901 ars
1207 2858 1298 2900 tua
1320 2857 1378 2901 et

305 2924 445 2975 fraus
475 2926 803 2990 deprehensa
845 2928 933 2991 sit,
977 2926 1190 2977 frustra·
1221 2943 1374 2978 voras

304 3004 560 3066 pastillos,
578 3004 765 3069 quibus
794 3019 897 3054 non
922 3006 1078 3054 modo
1101 3020 1204 3054 non
1239 3006 1375 3069 tegis

302 3080 501 3143 vinum,
524 3082 616 3132 sed
640 3082 807 3147 magis
840 3083 1033 3147 prodis.
1096 3084 1284 3149 Itaque
1308 3099 1376 3133 ne

304 3155 627 3208 dissimulain
646 3165 911 3222 posterum
929 3160 1102 3209 vinum
1117 3160 1375 3223 haustum,

304 3241 358 3284 et
380 3235 551 3285 minus
585 3237 689 3285 eris
712 3250 920 3288 nocens.
986 3238 1130 3287 Nota
1153 3235 1378 3286 artificia

302 3318 358 3362 et
392 3310 597 3376 flagitia
626 3313 982 3364 ‘Romanarum
1027 3321 1377 3364 matronarum

305 3386 356 3442 in
379 3386 623 3449 tegendis
647 3388 952 3439 sceleribus.
988 3390 1228 3439 Raderus.

365 3464 397 3510 8
431 3462 515 3512 Sis
546 3462 678 3514 ebria
708 3464 1016 3527 simpliciter]
1062 3465 1252 3513 Vinum
1288 3478 1379 3529 po·

302 3539 407 3589 tius
463 3540 624 3603 oleas,
674 3555 828 3606 quam
882 3538 1123 3591 foetorem
1162 3541 1376 3605 spiritus

301 3617 696 3668 medicamentis
718 3619 940 3682 sumptis
963 3634 1175 3683 augeas.
1237 3620 1376 3670 Vide

301 3694 577 3758 epigr.42.
610 3696 647 3745 l.
668 3699 719 3745 3.
761 3699 905 3746 vs.3.
937 3701 992 3744 et
1026 3696 1188 3760 epigr.
1205 3700 1254 3747 7.
1277 3696 1311 3746 l.
1327 3700 1376 3747 6.

303 3783 375 3820 vs.
398 3775 449 3821 4.

365 3850 531 3899 Eme.
555 3862 792 3900 mxxxix.
834 3850 926 3910 <Ad
947 3850 1207 3914 Alcimum]
1252 3851 1377 3915 Epi-

299 3925 533 3989 taphium
568 3932 652 3975 est
691 3925 759 3975 ad
801 3926 1132 3989 sepulchrum
1183 3924 1376 3976 Alcimi

300 4002 436 4051 servi
456 4002 543 4051 vel
566 4002 718 4066 pueri
739 4002 1026 4064 Martialis,
1041 4002 1093 4051 in
1115 4002 1227 4066 ipso
1252 4009 1376 4052 aeta-

301 4078 370 4127 tis
389 4077 519 4128 flore
536 4078 693 4143 rapti,
715 4092 870 4144 quem
890 4078 942 4127 in
964 4093 1091 4142 agro
1112 4078 1376 4130 Labicano

303 4155 604 4219 sepelierat.

368 4237 396 4281 1
434 4232 647 4295 Raptum
671 4229 882 4294 domino]
938 4231 1082 4280 Puer
1101 4230 1188 4281 hic
1228 4232 1375 4282 vide-

307 4314 390 4358 tur
411 4308 570 4374 fuisse
592 4308 876 4360 Martialis.
945 4308 1273 4359 crescentibus
1292 4326 1375 4360 un·

308 4384 402 4450 nis]
433 4384 553 4436 Jam
579 4385 981 4448 adolescentem.

2357 461 2529 530 1125

1530 615 1563 660 2
1596 613 1862 679 Labicana]
1912 617 1977 666 Iu
2002 618 2085 667 via
2111 619 2391 683 Labicana,
2414 636 2533 687 quae

1465 700 1497 733 a
1520 695 1676 750 porta
1698 691 1962 756 Esquilina
1998 693 2146 744 ducit
2178 696 2244 745 ad
2284 699 2533 748 Labicum

1463 761 1635 811 Itatiae
1663 778 1868 827 pagum.
1936 769 2020 818 De
2057 782 2199 818 more
2231 771 2360 832 hoc;
2410 789 2533 823 nam

1462 840 1742 902 sepulchra
1781 844 1904 893 olim
1935 845 2093 908 juxta
2132 848 2242 895 vias
2281 849 2534 913 publicas,

1459 922 1522 964 ut
1544 924 1922 981 praetereuntes
1955 932 2226 973 monerent
2248 927 2535 981 mortalita·

1460 992 1545 1043 tis.
1607 994 1727 1044 Leti
1746 997 1937 1060 cespite,
1951 1000 2059 1063 ξω]
2107 1000 2227 1049 Non
2256 1000 2531 1063 magnifico

1461 1072 1693 1121 tumulo:
1721 1075 1799 1121 vel
1826 1075 2037 1139 respicit
2054 1079 2367 1139 precationis
2385 1086 2441 1127 et
2459 1079 2536 1128 in-

1458 1146 1755 1211 scriptionis
1787 1148 2078 1216 formulam,
2110 1154 2163 1203 S.
2185 1156 2244 1205 T.
2262 1157 2326 1204 Τ.
2354 1157 2411 1206 L.
2433 1156 2532 1207 hoc

1459 1233 1560 1288 est,
1581 1227 1608 1295 ‚⁶
1628 1225 1710 1276 Sit
1733 1228 1828 1277 tibi
1860 1235 2002 1278 terra
2025 1230 2190 1280 levis?
2253 1231 2349 1281 Cui
2392 1234 2530 1282 enim

1457 1304 1594 1353 male
1618 1305 1881 1368 volebant,
1902 1314 2092 1356 terram
2132 1323 2340 1371 gravem
2371 1317 2426 1359 et
2452 1317 2533 1360 tu·

1457 1380 1653 1433 mulum
1677 1396 1951 1431 onerosum
1986 1384 2378 1447 precabantur;
2425 1401 2529 1451 quo

1456 1456 1648 1519 anima,
1672 1473 1825 1522 quam
1847 1460 2120 1523 sepulchro
2152 1475 2257 1509 una
2275 1466 2392 1511 cum
2413 1476 2530 1512 cor-

1457 1548 1585 1597 pore
1608 1535 1763 1584 condi
1805 1536 2115 1599 credebant,
2152 1537 2421 1602 depressa,
2459 1540 2528 1589 ad

1457 1612 1728 1663 beatorum
1764 1616 1916 1665 sedes
1957 1618 2105 1667 tarde
2139 1626 2230 1667 aut
2266 1634 2405 1682 aegre
2441 1620 2531 1670 de-

1457 1692 1685 1751 volaret3
1738 1699 1897 1757 atque
1932 1709 2073 1756 aegre
2113 1696 2253 1744 ultro
2284 1697 2527 1759 citroque

1455 1767 1520 1815 ad
1542 1768 1821 1831 sepulchra
1849 1777 2169 1820 commearet
2205 1771 2257 1820 in
2298 1774 2528 1822 solenni-

1455 1843 1552 1893 bus
1576 1844 1839 1895 funereis:
1876 1841 2157 1908 utcontra,
2174 1848 2259 1897 cui
2280 1848 2412 1898 bene
2436 1864 2529 1899 vo-

1451 1922 1653 1985 lebant,
1678 1931 1888 1975 tenuem
1912 1933 1968 1976 et
2007 1926 2119 1976 sine
2144 1927 2377 1990 pondere
2417 1934 2525 1977 ter-

1452 2015 1561 2052 ram
1586 2003 1953 2065 precabantur.
1987 2005 2138 2055 Fara.
2211 2011 2217 2016 '
2459 2050 2463 2057 ,

1519 2085 1550 2130 3
1586 2082 1699 2131 Non
1719 2082 2054 2147 Pharias-eq
2091 2083 2359 2148 AEgyptio.
2405 2083 2527 2135 Non

1451 2157 1708 2209 obeliscos
1748 2172 1804 2209 et
1829 2161 2146 2224 pyramidas,
2180 2176 2281 2210 non
2306 2167 2528 2222 statuas,

1453 2249 1569 2300 quae
1594 2237 1844 2286 columnis
1868 2253 1899 2286 e
1923 2253 2045 2287 saxo
2060 2239 2306 2303 AEgyptio
2330 2238 2526 2303 innixas

1452 2312 1683 2376 pendere
1725 2321 1779 2362 et
1819 2320 2003 2364 nutare
2045 2314 2350 2365 videantur:
2407 2315 2527 2363 vide

1453 2389 1627 2451 epigr.
1650 2403 1690 2439 1.
1715 2389 1895 2453 Spect.
1938 2404 2069 2439 vers.
2108 2395 2188 2440 ll.
2259 2390 2525 2453 Nutantia]

1453 2465 1542 2515 Ob
1564 2466 1863 2516 immensam
1882 2466 2232 2517 altitudinem.

1516 2546 1549 2591 4
1586 2544 1710 2600 Quoe
1729 2544 1897 2606 cineri,
1918 2542 2026 2607 Bra]
2077 2544 2094 2570 ‘
2114 2545 2395 2592 Consumet
2420 2541 2528 2591 fer-

1450 2633 1564 2669 rum
1590 2620 1919 2685 lapidemque
1943 2618 2215 2679 vetustas‚’
2231 2623 2328 2668 &tu
2368 2618 2510 2667 ovid

1448 2704 1499 2750 4.
1536 2699 1603 2748 de
1635 2699 1824 2749 Ponto.
1853 2705 1909 2748 et
1929 2699 2119 2750 Juven.
2146 2698 2256 2748 Sat.
2284 2703 2364 2749 10.
2394 2699 2411 2727 ⁴
2436 2697 2526 2746 da·

1450 2781 1509 2825 ta
1562 2781 1687 2825 sunt
1735 2775 1863 2838 ipsis
1918 2789 2126 2840 quoque
2176 2772 2291 2823 fata
2353 2774 2525 2839 sepul-

1450 2850 1625 2902 chris!
2229 2873 2234 2880 ·

1516 2935 1545 2978 5
1582 2930 1769 2992 eros,
1789 2928 1897 2992 δτι]
1929 2930 2215 2989 Buxetnm,
2236 2928 2527 2993 hypampe·

1423 3016 1427 3023 ·
1450 3007 1557 3067 lon,
1580 3006 1898 3068 viridarium,
1916 3004 2071 3054 flores
2092 3013 2363 3069 pratenses
2386 3023 2399 3056 ι
2445 3013 2527 3056 tu·

1449 3082 1604 3131 mulis
1628 3097 1848 3147 namque
1871 3081 2027 3130 moris
2061 3089 2178 3131 erat
2200 3081 2428 3130 virentes
2451 3082 2526 3130 in-

1450 3173 1622 3209 serere
1645 3158 1877 3218 arbores,
1899 3161 1913 3185 ‘
1935 3157 2305 3223 Spirantesque
2341 3172 2526 3207 crocos

1452 3245 1509 3288 et
1525 3235 1706 3288 florum
1741 3242 2057 3300 perpetuum
2080 3235 2225 3287 Ver!
2290 3236 2529 3285 Ramire-

1451 3314 1559 3364 sius
1603 3327 1705 3362 non
1745 3311 1993 3374 intelligit
2028 3326 2248 3361 coronas
2285 3326 2352 3360 ex
2389 3310 2527 3363 foliis

1451 3388 1582 3438 buxi
1605 3396 1661 3439 et
1693 3388 1832 3449 vitis,
1856 3395 1917 3437 ut
1953 3387 2191 3438 Raderus
2227 3388 2423 3437 sentire
2452 3389 2527 3437 vi·

1451 3466 1624 3517 detur.
1655 3464 1943 3529 Sepulchra
1964 3465 2102 3513 enim
2120 3463 2528 3528 designabantur

1452 3542 1508 3592 in
1530 3543 1686 3608 agris,
1701 3550 1757 3593 et
1773 3543 1826 3591 in
1848 3540 2024 3591 fronte
2046 3542 2342 3605 ponebatur
2362 3542 2529 3606 scrip-

1453 3619 1549 3681 tio,
1591 3633 1707 3684 quae
1756 3617 2052 3667 contineret
2094 3616 2425 3666 latitudinem
2471 3623 2528 3665 et

1451 3693 1826 3759 longitudinem
1847 3694 1943 3743 soli
1959 3694 2236 3757 sepulchro
2259 3693 2529 3755 destinati,

1451 3772 1589 3836 quod
1629 3771 1855 3836 spatium
1880 3771 1979 3820 soli
2010 3785 2213 3819 sacrum
2252 3778 2385 3819 erat.
2457 3772 2528 3820 Et

1451 3849 1508 3898 in
1550 3848 1650 3897 hoc
1697 3846 1868 3911 spatio
1929 3845 2273 3909 erigebantur
2319 3848 2528 3907 tumuli,

1450 3924 1690 3987 obelisci,
1730 3922 2049 3989 pyramideS,
2080 3924 2179 3971 ἃς.
2247 3920 2354 3972 Alii
2379 3921 2532 3972 arbo-

1450 4021 1537 4055 res
1561 4004 1850 4071 ponebant,
1870 4018 1989 4070 quae
2027 4010 2324 4053 crescentes
2360 4004 2529 4053 locum

1449 4082 1769 4133 monumenti
1790 4087 2093 4147 opacarent.
2158 4081 2287 4129 Tum
2312 4081 2433 4143 quia
2454 4078 2529 4129 fe-

1448 4159 1638 4209 licibus
1656 4157 1892 4207 manibus
1915 4163 2197 4221 perpetuas
2218 4162 2275 4204 et
2297 4155 2527 4205 virentes

1450 4236 1664 4286 arbores
1682 4233 1963 4284 convenire
1978 4231 2350 4282 existimabant
2368 4247 2383 4293 ;
2407 4231 2527 4282 ideo

1449 4311 1719 4376 eligebant
1766 4310 1950 4373 buxos,
1971 4299 2294 4372 cupressos,
2335 4310 2529 4371 laurus,

1451 4405 1569 4456 quae
1593 4387 1854 4453 nunquam
1894 4386 2139 4436 amittunt
2172 4383 2332 4446 folia;
2388 4386 2527 4450 quod
