<?xml version="1.0" encoding="UTF-8"?>
<!DOCTYPE html PUBLIC "-//W3C//DTD XHTML 1.0 Transitional//EN"
    "http://www.w3.org/TR/xhtml1/DTD/xhtml1-transitional.dtd">
<html xmlns="http://www.w3.org/1999/xhtml" xml:lang="en" lang="en">
 <head>
  <title>
</title>
<meta http-equiv="Content-Type" content="text/html;charset=utf-8" />
  <meta name='ocr-system' content='tesseract 3.04.00' />
  <meta name='ocr-capabilities' content='ocr_page ocr_carea ocr_par ocr_line ocrx_word'/>
</head>
<body>
  <div class='ocr_page' id='page_1' title='image "./marcivaleriimar09martgoog_0040.png"; bbox 0 0 2985 4937; ppageno 0'>
   <div class='ocr_carea' id='block_1_1' title="bbox 466 367 639 447">
    <p class='ocr_par' dir='ltr' id='par_1_1' title="bbox 466 367 639 447">
     <span class='ocr_line' id='line_1_1' title="bbox 466 367 639 447; baseline 0 -13"><span class='ocrx_word' id='word_1_1' title='bbox 466 367 639 447; x_wconf 75' lang='lat'>1106</span> 
     </span>
    </p>
   </div>
   <div class='ocr_carea' id='block_1_2' title="bbox 462 524 1531 822">
    <p class='ocr_par' dir='ltr' id='par_1_2' title="bbox 462 524 1531 822">
     <span class='ocr_line' id='line_1_2' title="bbox 464 524 1529 593; baseline -0.002 -14"><span class='ocrx_word' id='word_1_2' title='bbox 464 527 618 579; x_wconf 87' lang='lat' dir='ltr'><strong>minis</strong></span> <span class='ocrx_word' id='word_1_3' title='bbox 641 524 876 593; x_wconf 83' lang='lat' dir='ltr'><strong>probi-ac</strong></span> <span class='ocrx_word' id='word_1_4' title='bbox 893 540 1046 593; x_wconf 72' lang='lat' dir='ltr'><strong>paene</strong></span> <span class='ocrx_word' id='word_1_5' title='bbox 1068 528 1178 578; x_wconf 85' lang='lat' dir='ltr'><strong>sola</strong></span> <span class='ocrx_word' id='word_1_6' title='bbox 1198 526 1529 593; x_wconf 86' lang='lat' dir='ltr'><strong>commenda-</strong></span> 
     </span>
     <span class='ocr_line' id='line_1_3' title="bbox 464 603 1528 670; baseline -0.004 -12"><span class='ocrx_word' id='word_1_7' title='bbox 464 607 543 658; x_wconf 83' lang='lat' dir='ltr'><strong>tio</strong></span> <span class='ocrx_word' id='word_1_8' title='bbox 561 610 693 656; x_wconf 81' lang='lat' dir='ltr'><strong>erat.</strong></span> <span class='ocrx_word' id='word_1_9' title='bbox 744 604 1032 670; x_wconf 86' lang='lat' dir='ltr'><strong>Postquam</strong></span> <span class='ocrx_word' id='word_1_10' title='bbox 1057 620 1180 655; x_wconf 81' lang='lat' dir='ltr'><strong>vero</strong></span> <span class='ocrx_word' id='word_1_11' title='bbox 1201 603 1281 654; x_wconf 77' lang='lat' dir='ltr'><strong>hae</strong></span> <span class='ocrx_word' id='word_1_12' title='bbox 1305 605 1528 655; x_wconf 82' lang='lat' dir='ltr'><strong>virtutes</strong></span> 
     </span>
     <span class='ocr_line' id='line_1_4' title="bbox 465 678 1529 742; baseline -0.003 -11"><span class='ocrx_word' id='word_1_13' title='bbox 465 682 680 732; x_wconf 84' lang='lat' dir='ltr'><strong>aliorum</strong></span> <span class='ocrx_word' id='word_1_14' title='bbox 697 680 930 742; x_wconf 84' lang='lat' dir='ltr'><strong>malitiae,</strong></span> <span class='ocrx_word' id='word_1_15' title='bbox 953 680 1248 742; x_wconf 78' lang='lat' dir='ltr'><strong>calliditati,</strong></span> <span class='ocrx_word' id='word_1_16' title='bbox 1265 687 1319 730; x_wconf 86' lang='lat' dir='ltr'><strong>et</strong></span> <span class='ocrx_word' id='word_1_17' title='bbox 1352 678 1529 730; x_wconf 82' lang='lat' dir='ltr'><strong>fraudi</strong></span> 
     </span>
     <span class='ocr_line' id='line_1_5' title="bbox 462 756 1531 822; baseline -0.006 -12"><span class='ocrx_word' id='word_1_18' title='bbox 462 757 714 822; x_wconf 65' lang='lat' dir='ltr'><strong>exposita</strong></span> <span class='ocrx_word' id='word_1_19' title='bbox 791 771 905 808; x_wconf 85' lang='lat' dir='ltr'><strong>esse</strong></span> <span class='ocrx_word' id='word_1_20' title='bbox 959 763 1252 821; x_wconf 81' lang='lat' dir='ltr'><strong>coeperunt,</strong></span> <span class='ocrx_word' id='word_1_21' title='bbox 1307 758 1323 784; x_wconf 89' lang='lat'>‘</span> <span class='ocrx_word' id='word_1_22' title='bbox 1345 756 1531 818; x_wconf 84' lang='lat' dir='ltr'><strong>bonos,</strong></span> 
     </span>
    </p>
   </div>
   <div class='ocr_carea' id='block_1_3' title="bbox 462 831 1539 898">
    <p class='ocr_par' dir='ltr' id='par_1_3' title="bbox 462 831 1539 898">
     <span class='ocr_line' id='line_1_6' title="bbox 462 831 1539 898; baseline 0 -15"><span class='ocrx_word' id='word_1_23' title='bbox 462 833 745 898; x_wconf 75' lang='lat' dir='ltr'><strong>simplices,</strong></span> <span class='ocrx_word' id='word_1_24' title='bbox 809 834 1022 883; x_wconf 88' lang='lat' dir='ltr'><strong>minime</strong></span> <span class='ocrx_word' id='word_1_25' title='bbox 1087 833 1287 894; x_wconf 88' lang='lat' dir='ltr'><strong>malos,’</strong></span> <span class='ocrx_word' id='word_1_26' title='bbox 1333 831 1539 894; x_wconf 64' lang='grc' dir='ltr'><strong>εὐήθεις,</strong></span> 
     </span>
    </p>
   </div>
   <div class='ocr_carea' id='block_1_4' title="bbox 422 910 1532 3519">
    <p class='ocr_par' dir='ltr' id='par_1_4' title="bbox 456 910 1528 1053">
     <span class='ocr_line' id='line_1_7' title="bbox 456 910 1528 977; baseline -0.001 -15"><span class='ocrx_word' id='word_1_27' title='bbox 456 910 714 977; x_wconf 74' lang='grc' dir='ltr'><strong><em>χρηστοὺς,</em></strong></span> <span class='ocrx_word' id='word_1_28' title='bbox 735 913 1322 977; x_wconf 75' lang='lat' dir='ltr'><strong>appellaruntliomines</strong></span> <span class='ocrx_word' id='word_1_29' title='bbox 1344 928 1528 977; x_wconf 88' lang='lat' dir='ltr'><strong>parum</strong></span> 
     </span>
     <span class='ocr_line' id='line_1_8' title="bbox 459 990 1463 1053; baseline -0.001 -12"><span class='ocrx_word' id='word_1_30' title='bbox 459 993 662 1052; x_wconf 81' lang='lat' dir='ltr'><strong>cautos,</strong></span> <span class='ocrx_word' id='word_1_31' title='bbox 693 995 750 1039; x_wconf 89' lang='lat' dir='ltr'><strong>et</strong></span> <span class='ocrx_word' id='word_1_32' title='bbox 782 996 923 1053; x_wconf 83' lang='lat' dir='ltr'><strong>saepe</strong></span> <span class='ocrx_word' id='word_1_33' title='bbox 956 990 1191 1045; x_wconf 78' lang='lat' dir='ltr'><strong>stolidos.</strong></span> <span class='ocrx_word' id='word_1_34' title='bbox 1257 991 1463 1041; x_wconf 83' lang='lat' dir='ltr'><strong>Herald.</strong></span> 
     </span>
    </p>

    <p class='ocr_par' dir='ltr' id='par_1_5' title="bbox 457 1066 1530 1285">
     <span class='ocr_line' id='line_1_9' title="bbox 525 1066 1528 1131; baseline -0.002 -14"><span class='ocrx_word' id='word_1_35' title='bbox 525 1073 556 1117; x_wconf 76' lang='lat'><strong>5</strong></span> <span class='ocrx_word' id='word_1_36' title='bbox 591 1067 735 1117; x_wconf 79' lang='lat' dir='ltr'><strong>Recti</strong></span> <span class='ocrx_word' id='word_1_37' title='bbox 769 1072 938 1130; x_wconf 74' lang='lat' dir='ltr'><strong>custos,</strong></span> <span class='ocrx_word' id='word_1_38' title='bbox 981 1066 1086 1131; x_wconf 60' lang='lat' dir='ltr'><strong>fisa]</strong></span> <span class='ocrx_word' id='word_1_39' title='bbox 1144 1068 1332 1117; x_wconf 84' lang='lat' dir='ltr'><strong>Stoicae</strong></span> <span class='ocrx_word' id='word_1_40' title='bbox 1369 1067 1528 1117; x_wconf 86' lang='lat' dir='ltr'><strong>disci·</strong></span> 
     </span>
     <span class='ocr_line' id='line_1_10' title="bbox 457 1143 1530 1208; baseline 0.002 -16"><span class='ocrx_word' id='word_1_41' title='bbox 457 1143 616 1208; x_wconf 77' lang='lat' dir='ltr'><strong>plinae</strong></span> <span class='ocrx_word' id='word_1_42' title='bbox 640 1144 854 1194; x_wconf 74' lang='lat' dir='ltr'><strong>satelles</strong></span> <span class='ocrx_word' id='word_1_43' title='bbox 886 1149 943 1193; x_wconf 91' lang='lat' dir='ltr'><strong>et</strong></span> <span class='ocrx_word' id='word_1_44' title='bbox 969 1149 1216 1205; x_wconf 79' lang='lat' dir='ltr'><strong>sectator.</strong></span> <span class='ocrx_word' id='word_1_45' title='bbox 1255 1145 1393 1193; x_wconf 77' lang='lat' dir='ltr'><strong>Recti</strong></span> <span class='ocrx_word' id='word_1_46' title='bbox 1425 1160 1530 1194; x_wconf 80' lang='lat' dir='ltr'><strong>cus-</strong></span> 
     </span>
     <span class='ocr_line' id='line_1_11' title="bbox 457 1219 1526 1285; baseline 0.002 -16"><span class='ocrx_word' id='word_1_47' title='bbox 457 1219 554 1285; x_wconf 82' lang='lat' dir='ltr'><strong>tos]</strong></span> <span class='ocrx_word' id='word_1_48' title='bbox 590 1219 724 1270; x_wconf 84' lang='lat' dir='ltr'><strong>Haec</strong></span> <span class='ocrx_word' id='word_1_49' title='bbox 760 1219 925 1269; x_wconf 76' lang='lat' dir='ltr'><strong>virtus</strong></span> <span class='ocrx_word' id='word_1_50' title='bbox 964 1219 1029 1269; x_wconf 88' lang='lat' dir='ltr'><strong>ab</strong></span> <span class='ocrx_word' id='word_1_51' title='bbox 1067 1219 1249 1269; x_wconf 87' lang='lat' dir='ltr'><strong>eadem</strong></span> <span class='ocrx_word' id='word_1_52' title='bbox 1280 1221 1526 1284; x_wconf 89' lang='lat' dir='ltr'><strong>simplici·</strong></span> 
     </span>
    </p>

    <p class='ocr_par' dir='ltr' id='par_1_6' title="bbox 422 1294 1532 2735">
     <span class='ocr_line' id='line_1_12' title="bbox 422 1294 1527 1361; baseline 0.005 -17"><span class='ocrx_word' id='word_1_53' title='bbox 422 1294 425 1297; x_wconf 80' lang='grc'><strong>’</strong></span> <span class='ocrx_word' id='word_1_54' title='bbox 459 1296 704 1358; x_wconf 82' lang='lat' dir='ltr'><strong>tate,sive</strong></span> <span class='ocrx_word' id='word_1_55' title='bbox 719 1296 895 1361; x_wconf 87' lang='lat' dir='ltr'><strong>potius</strong></span> <span class='ocrx_word' id='word_1_56' title='bbox 913 1296 1119 1346; x_wconf 86' lang='lat' dir='ltr'><strong>virtutis</strong></span> <span class='ocrx_word' id='word_1_57' title='bbox 1133 1297 1272 1346; x_wconf 85' lang='lat' dir='ltr'><strong>illius</strong></span> <span class='ocrx_word' id='word_1_58' title='bbox 1288 1296 1527 1349; x_wconf 84' lang='lat' dir='ltr'><strong>effectus.</strong></span> 
     </span>
     <span class='ocr_line' id='line_1_13' title="bbox 459 1373 1531 1437; baseline 0.001 -14"><span class='ocrx_word' id='word_1_59' title='bbox 459 1373 597 1423; x_wconf 82' lang='lat' dir='ltr'><strong>Nam</strong></span> <span class='ocrx_word' id='word_1_60' title='bbox 622 1373 718 1422; x_wconf 86' lang='lat' dir='ltr'><strong>viri</strong></span> <span class='ocrx_word' id='word_1_61' title='bbox 740 1388 860 1423; x_wconf 81' lang='lat' dir='ltr'><strong>vere</strong></span> <span class='ocrx_word' id='word_1_62' title='bbox 876 1373 1159 1437; x_wconf 77' lang='lat' dir='ltr'><strong>simplices,</strong></span> <span class='ocrx_word' id='word_1_63' title='bbox 1176 1379 1232 1423; x_wconf 90' lang='lat' dir='ltr'><strong>et</strong></span> <span class='ocrx_word' id='word_1_64' title='bbox 1247 1374 1315 1424; x_wconf 90' lang='lat' dir='ltr'><strong>ab</strong></span> <span class='ocrx_word' id='word_1_65' title='bbox 1331 1374 1531 1425; x_wconf 89' lang='lat' dir='ltr'><strong>callidi·</strong></span> 
     </span>
     <span class='ocr_line' id='line_1_14' title="bbox 460 1450 1529 1516; baseline 0 -15"><span class='ocrx_word' id='word_1_66' title='bbox 460 1456 570 1501; x_wconf 87' lang='lat' dir='ltr'><strong>tate</strong></span> <span class='ocrx_word' id='word_1_67' title='bbox 594 1450 767 1514; x_wconf 91' lang='lat' dir='ltr'><strong>alieni,</strong></span> <span class='ocrx_word' id='word_1_68' title='bbox 789 1450 842 1500; x_wconf 88' lang='lat' dir='ltr'><strong>id</strong></span> <span class='ocrx_word' id='word_1_69' title='bbox 867 1457 1067 1501; x_wconf 85' lang='lat' dir='ltr'><strong>tantum</strong></span> <span class='ocrx_word' id='word_1_70' title='bbox 1091 1458 1353 1515; x_wconf 86' lang='lat' dir='ltr'><strong>spectant,</strong></span> <span class='ocrx_word' id='word_1_71' title='bbox 1387 1452 1529 1516; x_wconf 89' lang='lat' dir='ltr'><strong>quod</strong></span> 
     </span>
     <span class='ocr_line' id='line_1_15' title="bbox 454 1527 1530 1591; baseline 0.004 -16"><span class='ocrx_word' id='word_1_72' title='bbox 454 1541 657 1588; x_wconf 82' lang='lat' dir='ltr'><strong>verum,</strong></span> <span class='ocrx_word' id='word_1_73' title='bbox 676 1534 892 1587; x_wconf 83' lang='lat' dir='ltr'><strong>rectum,</strong></span> <span class='ocrx_word' id='word_1_74' title='bbox 899 1527 1101 1590; x_wconf 86' lang='lat' dir='ltr'><strong>justum</strong></span> <span class='ocrx_word' id='word_1_75' title='bbox 1123 1528 1446 1591; x_wconf 84' lang='lat' dir='ltr'><strong>existimant,</strong></span> <span class='ocrx_word' id='word_1_76' title='bbox 1461 1529 1530 1579; x_wconf 88' lang='lat' dir='ltr'><strong>de</strong></span> 
     </span>
     <span class='ocr_line' id='line_1_16' title="bbox 456 1605 1532 1661; baseline 0.002 -6"><span class='ocrx_word' id='word_1_77' title='bbox 456 1612 649 1655; x_wconf 84' lang='lat' dir='ltr'><strong>eventu</strong></span> <span class='ocrx_word' id='word_1_78' title='bbox 662 1605 849 1661; x_wconf 83' lang='lat' dir='ltr'><strong>securi.</strong></span> <span class='ocrx_word' id='word_1_79' title='bbox 864 1606 1069 1657; x_wconf 79' lang='lat' dir='ltr'><strong>Herald.</strong></span> <span class='ocrx_word' id='word_1_80' title='bbox 1124 1607 1350 1656; x_wconf 71' lang='lat' dir='ltr'><strong>Imitatur</strong></span> <span class='ocrx_word' id='word_1_81' title='bbox 1369 1609 1532 1658; x_wconf 74' lang='lat' dir='ltr'><strong>hones-</strong></span> 
     </span>
     <span class='ocr_line' id='line_1_17' title="bbox 455 1681 1529 1748; baseline 0.005 -18"><span class='ocrx_word' id='word_1_82' title='bbox 455 1681 523 1745; x_wconf 71' lang='lat' dir='ltr'><strong>ti]</strong></span> <span class='ocrx_word' id='word_1_83' title='bbox 557 1681 726 1739; x_wconf 85' lang='lat' dir='ltr'><strong>Immo</strong></span> <span class='ocrx_word' id='word_1_84' title='bbox 755 1682 971 1744; x_wconf 66' lang='grc' dir='ltr'><strong>ςηίνοέον,</strong></span> <span class='ocrx_word' id='word_1_85' title='bbox 1008 1688 1067 1733; x_wconf 93' lang='lat' dir='ltr'><strong>ut</strong></span> <span class='ocrx_word' id='word_1_86' title='bbox 1115 1683 1301 1746; x_wconf 83' lang='lat' dir='ltr'><strong>optimi</strong></span> <span class='ocrx_word' id='word_1_87' title='bbox 1333 1684 1529 1748; x_wconf 88' lang='lat' dir='ltr'><strong>quique</strong></span> 
     </span>
     <span class='ocr_line' id='line_1_18' title="bbox 456 1759 1528 1826; baseline 0.002 -17"><span class='ocrx_word' id='word_1_88' title='bbox 456 1760 682 1812; x_wconf 86' lang='lat' dir='ltr'><strong>codices.</strong></span> <span class='ocrx_word' id='word_1_89' title='bbox 771 1761 868 1810; x_wconf 87' lang='lat' dir='ltr'><strong>Est</strong></span> <span class='ocrx_word' id='word_1_90' title='bbox 918 1759 936 1787; x_wconf 87' lang='lat'>‘</span> <span class='ocrx_word' id='word_1_91' title='bbox 957 1759 1170 1823; x_wconf 89' lang='lat' dir='ltr'><strong>mirari,’</strong></span> <span class='ocrx_word' id='word_1_92' title='bbox 1239 1762 1528 1826; x_wconf 78' lang='lat' dir='ltr'><strong>eleganter,</strong></span> 
     </span>
     <span class='ocr_line' id='line_1_19' title="bbox 456 1835 1527 1903; baseline -0.001 -15"><span class='ocrx_word' id='word_1_93' title='bbox 456 1839 630 1903; x_wconf 84' lang='lat' dir='ltr'><strong>magni</strong></span> <span class='ocrx_word' id='word_1_94' title='bbox 653 1836 847 1900; x_wconf 85' lang='lat' dir='ltr'><strong>facere,</strong></span> <span class='ocrx_word' id='word_1_95' title='bbox 869 1843 926 1887; x_wconf 83' lang='lat' dir='ltr'><strong>ct</strong></span> <span class='ocrx_word' id='word_1_96' title='bbox 943 1852 1045 1902; x_wconf 86' lang='lat' dir='ltr'><strong>qua</strong></span> <span class='ocrx_word' id='word_1_97' title='bbox 1069 1835 1169 1898; x_wconf 87' lang='lat' dir='ltr'><strong>fas,</strong></span> <span class='ocrx_word' id='word_1_98' title='bbox 1193 1836 1404 1898; x_wconf 80' lang='lat' dir='ltr'><strong>imitari.</strong></span> <span class='ocrx_word' id='word_1_99' title='bbox 1437 1838 1527 1888; x_wconf 93' lang='lat' dir='ltr'><strong>Sic</strong></span> 
     </span>
     <span class='ocr_line' id='line_1_20' title="bbox 462 1913 1529 1979; baseline 0 -14"><span class='ocrx_word' id='word_1_100' title='bbox 462 1914 687 1967; x_wconf 79' lang='lat' dir='ltr'><strong>Ovidius</strong></span> <span class='ocrx_word' id='word_1_101' title='bbox 731 1916 783 1965; x_wconf 92' lang='lat' dir='ltr'><strong>in</strong></span> <span class='ocrx_word' id='word_1_102' title='bbox 827 1915 983 1979; x_wconf 86' lang='lat' dir='ltr'><strong>epist.</strong></span> <span class='ocrx_word' id='word_1_103' title='bbox 1023 1913 1282 1978; x_wconf 83' lang='lat' dir='ltr'><strong>Phyllidis</strong></span> <span class='ocrx_word' id='word_1_104' title='bbox 1317 1913 1384 1963; x_wconf 88' lang='lat' dir='ltr'><strong>ad</strong></span> <span class='ocrx_word' id='word_1_105' title='bbox 1421 1916 1529 1965; x_wconf 88' lang='lat' dir='ltr'><strong>De-</strong></span> 
     </span>
     <span class='ocr_line' id='line_1_21' title="bbox 457 1991 1526 2056; baseline -0.001 -14"><span class='ocrx_word' id='word_1_106' title='bbox 457 1993 632 2056; x_wconf 86' lang='lat' dir='ltr'><strong>moph.</strong></span> <span class='ocrx_word' id='word_1_107' title='bbox 668 1991 856 2043; x_wconf 80' lang='lat' dir='ltr'><strong>‘Quod</strong></span> <span class='ocrx_word' id='word_1_108' title='bbox 891 1992 1055 2041; x_wconf 91' lang='lat' dir='ltr'><strong>solum</strong></span> <span class='ocrx_word' id='word_1_109' title='bbox 1096 1998 1331 2054; x_wconf 84' lang='lat' dir='ltr'><strong>excusat,</strong></span> <span class='ocrx_word' id='word_1_110' title='bbox 1361 1993 1526 2042; x_wconf 86' lang='lat' dir='ltr'><strong>solnm</strong></span> 
     </span>
     <span class='ocr_line' id='line_1_22' title="bbox 455 2067 1522 2132; baseline 0.002 -14"><span class='ocrx_word' id='word_1_111' title='bbox 455 2070 655 2119; x_wconf 85' lang='lat' dir='ltr'><strong>miraris</strong></span> <span class='ocrx_word' id='word_1_112' title='bbox 677 2069 729 2118; x_wconf 90' lang='lat' dir='ltr'><strong>in</strong></span> <span class='ocrx_word' id='word_1_113' title='bbox 751 2067 877 2119; x_wconf 69' lang='lat' dir='ltr'><strong>illo!</strong></span> <span class='ocrx_word' id='word_1_114' title='bbox 895 2068 1095 2117; x_wconf 85' lang='lat' dir='ltr'><strong>Statius</strong></span> <span class='ocrx_word' id='word_1_115' title='bbox 1110 2067 1177 2118; x_wconf 88' lang='lat' dir='ltr'><strong>ad</strong></span> <span class='ocrx_word' id='word_1_116' title='bbox 1196 2068 1522 2132; x_wconf 85' lang='lat' dir='ltr'><strong>Crispinum:</strong></span> 
     </span>
     <span class='ocr_line' id='line_1_23' title="bbox 451 2145 1524 2213; baseline 0 -16"><span class='ocrx_word' id='word_1_117' title='bbox 451 2146 467 2174; x_wconf 79' lang='lat'>⁸</span> <span class='ocrx_word' id='word_1_118' title='bbox 495 2161 728 2213; x_wconf 82' lang='lat' dir='ltr'><strong>aeqnaevo</strong></span> <span class='ocrx_word' id='word_1_119' title='bbox 781 2145 972 2198; x_wconf 84' lang='lat' dir='ltr'><strong>cedere</strong></span> <span class='ocrx_word' id='word_1_120' title='bbox 1024 2145 1198 2207; x_wconf 81' lang='lat' dir='ltr'><strong>fratri,</strong></span> <span class='ocrx_word' id='word_1_121' title='bbox 1236 2146 1524 2212; x_wconf 86' lang='lat' dir='ltr'><strong>Mirariqne</strong></span> 
     </span>
     <span class='ocr_line' id='line_1_24' title="bbox 454 2222 1522 2288; baseline 0.002 -16"><span class='ocrx_word' id='word_1_122' title='bbox 454 2232 679 2288; x_wconf 84' lang='lat' dir='ltr'><strong>patrem,</strong></span> <span class='ocrx_word' id='word_1_123' title='bbox 701 2223 1001 2288; x_wconf 73' lang='lat' dir='ltr'><strong>miseraeque</strong></span> <span class='ocrx_word' id='word_1_124' title='bbox 1034 2223 1307 2286; x_wconf 80' lang='lat' dir='ltr'><strong>ignoscere</strong></span> <span class='ocrx_word' id='word_1_125' title='bbox 1330 2222 1522 2274; x_wconf 88' lang='lat' dir='ltr'><strong>matri.’</strong></span> 
     </span>
     <span class='ocr_line' id='line_1_25' title="bbox 455 2292 1526 2362; baseline 0 -12"><span class='ocrx_word' id='word_1_126' title='bbox 455 2301 545 2350; x_wconf 88' lang='lat' dir='ltr'><strong>Sic</strong></span> <span class='ocrx_word' id='word_1_127' title='bbox 579 2300 783 2351; x_wconf 81' lang='lat' dir='ltr'><strong>Graecis</strong></span> <span class='ocrx_word' id='word_1_128' title='bbox 816 2306 871 2348; x_wconf 93' lang='lat' dir='ltr'><strong>et</strong></span> <span class='ocrx_word' id='word_1_129' title='bbox 900 2296 1166 2362; x_wconf 75' lang='grc' dir='ltr'><strong><em>θαυμάζειν.</em></strong></span> <span class='ocrx_word' id='word_1_130' title='bbox 1198 2292 1205 2301; x_wconf 79' lang='grc'><strong><em>’</em></strong></span> <span class='ocrx_word' id='word_1_131' title='bbox 1234 2298 1526 2350; x_wconf 73' lang='lat' dir='ltr'><strong>Gronovius.</strong></span> 
     </span>
     <span class='ocr_line' id='line_1_26' title="bbox 454 2377 1523 2441; baseline 0.001 -14"><span class='ocrx_word' id='word_1_132' title='bbox 454 2377 683 2427; x_wconf 77' lang='lat' dir='ltr'><strong>Imitator</strong></span> <span class='ocrx_word' id='word_1_133' title='bbox 716 2377 921 2441; x_wconf 75' lang='lat' dir='ltr'><strong>honesti]</strong></span> <span class='ocrx_word' id='word_1_134' title='bbox 956 2378 1061 2429; x_wconf 84' lang='lat' dir='ltr'><strong>Qui</strong></span> <span class='ocrx_word' id='word_1_135' title='bbox 1095 2378 1368 2427; x_wconf 83' lang='lat' dir='ltr'><strong>honestum</strong></span> <span class='ocrx_word' id='word_1_136' title='bbox 1406 2379 1523 2429; x_wconf 91' lang='lat' dir='ltr'><strong>utili</strong></span> 
     </span>
     <span class='ocr_line' id='line_1_27' title="bbox 454 2452 1525 2521; baseline 0.002 -18"><span class='ocrx_word' id='word_1_137' title='bbox 454 2452 723 2519; x_wconf 84' lang='lat' dir='ltr'><strong>praeferat,</strong></span> <span class='ocrx_word' id='word_1_138' title='bbox 765 2461 920 2521; x_wconf 86' lang='lat' dir='ltr'><strong>atque</strong></span> <span class='ocrx_word' id='word_1_139' title='bbox 965 2470 1029 2505; x_wconf 89' lang='lat' dir='ltr'><strong>eo</strong></span> <span class='ocrx_word' id='word_1_140' title='bbox 1063 2459 1268 2505; x_wconf 90' lang='lat' dir='ltr'><strong>tantum</strong></span> <span class='ocrx_word' id='word_1_141' title='bbox 1307 2454 1525 2505; x_wconf 89' lang='lat' dir='ltr'><strong>consilia</strong></span> 
     </span>
     <span class='ocr_line' id='line_1_28' title="bbox 455 2528 1522 2581; baseline 0.001 -2"><span class='ocrx_word' id='word_1_142' title='bbox 455 2545 551 2580; x_wconf 87' lang='lat' dir='ltr'><strong>sua</strong></span> <span class='ocrx_word' id='word_1_143' title='bbox 595 2528 807 2581; x_wconf 83' lang='lat' dir='ltr'><strong>referat.</strong></span> <span class='ocrx_word' id='word_1_144' title='bbox 874 2530 1119 2581; x_wconf 88' lang='lat' dir='ltr'><strong>Lucanus</strong></span> <span class='ocrx_word' id='word_1_145' title='bbox 1175 2532 1241 2581; x_wconf 90' lang='lat' dir='ltr'><strong>de</strong></span> <span class='ocrx_word' id='word_1_146' title='bbox 1291 2532 1522 2581; x_wconf 86' lang='lat' dir='ltr'><strong>Catone:</strong></span> 
     </span>
     <span class='ocr_line' id='line_1_29' title="bbox 451 2606 1525 2673; baseline -0.002 -15"><span class='ocrx_word' id='word_1_147' title='bbox 451 2606 467 2634; x_wconf 79' lang='lat'>⁸</span> <span class='ocrx_word' id='word_1_148' title='bbox 485 2606 717 2658; x_wconf 79' lang='lat' dir='ltr'><strong>Justitiae</strong></span> <span class='ocrx_word' id='word_1_149' title='bbox 740 2607 948 2671; x_wconf 82' lang='lat' dir='ltr'><strong>cultor3</strong></span> <span class='ocrx_word' id='word_1_150' title='bbox 983 2607 1139 2673; x_wconf 80' lang='lat' dir='ltr'><strong>rigidi</strong></span> <span class='ocrx_word' id='word_1_151' title='bbox 1178 2612 1414 2657; x_wconf 84' lang='lat' dir='ltr'><strong>servator</strong></span> <span class='ocrx_word' id='word_1_152' title='bbox 1435 2607 1525 2656; x_wconf 85' lang='lat' dir='ltr'><strong>bo-</strong></span> 
     </span>
     <span class='ocr_line' id='line_1_30' title="bbox 451 2683 626 2735; baseline 0.006 -1"><span class='ocrx_word' id='word_1_153' title='bbox 451 2683 626 2735; x_wconf 64' lang='lat' dir='ltr'><strong>nesti!</strong></span> 
     </span>
    </p>

    <p class='ocr_par' dir='ltr' id='par_1_7' title="bbox 449 2761 1530 3519">
     <span class='ocr_line' id='line_1_31' title="bbox 519 2761 1530 2828; baseline -0.001 -17"><span class='ocrx_word' id='word_1_154' title='bbox 519 2769 552 2812; x_wconf 81' lang='grc'>6</span> <span class='ocrx_word' id='word_1_155' title='bbox 582 2763 647 2811; x_wconf 84' lang='lat' dir='ltr'><strong>Et</strong></span> <span class='ocrx_word' id='word_1_156' title='bbox 671 2763 809 2824; x_wconf 77' lang='lat' dir='ltr'><strong>nihil,</strong></span> <span class='ocrx_word' id='word_1_157' title='bbox 824 2761 932 2826; x_wconf 54' lang='lat' dir='ltr'><strong>&amp;cd</strong></span> <span class='ocrx_word' id='word_1_158' title='bbox 953 2764 968 2791; x_wconf 89' lang='lat'>‘</span> <span class='ocrx_word' id='word_1_159' title='bbox 989 2765 1061 2813; x_wconf 89' lang='lat' dir='ltr'><strong>Et</strong></span> <span class='ocrx_word' id='word_1_160' title='bbox 1078 2762 1166 2828; x_wconf 87' lang='lat' dir='ltr'><strong>qui</strong></span> <span class='ocrx_word' id='word_1_161' title='bbox 1183 2776 1245 2812; x_wconf 90' lang='lat' dir='ltr'><strong>eo</strong></span> <span class='ocrx_word' id='word_1_162' title='bbox 1268 2761 1530 2825; x_wconf 77' lang='lat' dir='ltr'><strong>pervenit,</strong></span> 
     </span>
     <span class='ocr_line' id='line_1_32' title="bbox 452 2837 1527 2903; baseline -0.002 -15"><span class='ocrx_word' id='word_1_163' title='bbox 452 2845 514 2888; x_wconf 91' lang='lat' dir='ltr'><strong>ut</strong></span> <span class='ocrx_word' id='word_1_164' title='bbox 535 2837 662 2888; x_wconf 82' lang='lat' dir='ltr'><strong>nihil</strong></span> <span class='ocrx_word' id='word_1_165' title='bbox 683 2847 834 2903; x_wconf 88' lang='lat' dir='ltr'><strong>roget</strong></span> <span class='ocrx_word' id='word_1_166' title='bbox 857 2840 1052 2901; x_wconf 87' lang='lat' dir='ltr'><strong>Deum,</strong></span> <span class='ocrx_word' id='word_1_167' title='bbox 1071 2838 1169 2887; x_wconf 89' lang='lat' dir='ltr'><strong>nisi</strong></span> <span class='ocrx_word' id='word_1_168' title='bbox 1186 2837 1327 2903; x_wconf 88' lang='lat' dir='ltr'><strong>quod</strong></span> <span class='ocrx_word' id='word_1_169' title='bbox 1343 2851 1527 2902; x_wconf 85' lang='lat' dir='ltr'><strong>rogare</strong></span> 
     </span>
     <span class='ocr_line' id='line_1_33' title="bbox 451 2914 1528 2979; baseline 0.001 -17"><span class='ocrx_word' id='word_1_170' title='bbox 451 2915 620 2979; x_wconf 83' lang='lat' dir='ltr'><strong>possit</strong></span> <span class='ocrx_word' id='word_1_171' title='bbox 633 2914 837 2978; x_wconf 66' lang='lat' dir='ltr'><strong>palam!</strong></span> <span class='ocrx_word' id='word_1_172' title='bbox 856 2915 1058 2965; x_wconf 84' lang='lat' dir='ltr'><strong>Seneca</strong></span> <span class='ocrx_word' id='word_1_173' title='bbox 1069 2915 1222 2979; x_wconf 86' lang='lat' dir='ltr'><strong>epist.</strong></span> <span class='ocrx_word' id='word_1_174' title='bbox 1241 2918 1319 2964; x_wconf 84' lang='lat'><strong>10.</strong></span> <span class='ocrx_word' id='word_1_175' title='bbox 1339 2915 1354 2942; x_wconf 91' lang='lat'>‘</span> <span class='ocrx_word' id='word_1_176' title='bbox 1367 2915 1454 2979; x_wconf 88' lang='lat' dir='ltr'><strong>qui</strong></span> <span class='ocrx_word' id='word_1_177' title='bbox 1472 2929 1528 2963; x_wconf 85' lang='lat' dir='ltr'><strong>a·</strong></span> 
     </span>
     <span class='ocr_line' id='line_1_34' title="bbox 455 2987 1530 3054; baseline 0.005 -16"><span class='ocrx_word' id='word_1_178' title='bbox 455 2998 607 3054; x_wconf 83' lang='lat' dir='ltr'><strong>perto</strong></span> <span class='ocrx_word' id='word_1_179' title='bbox 626 2991 757 3041; x_wconf 82' lang='lat' dir='ltr'><strong>vivit</strong></span> <span class='ocrx_word' id='word_1_180' title='bbox 793 2987 949 3053; x_wconf 84' lang='lat' dir='ltr'><strong>voto,&#39;</strong></span> <span class='ocrx_word' id='word_1_181' title='bbox 983 3005 1081 3040; x_wconf 87' lang='lat' dir='ltr'><strong>nec</strong></span> <span class='ocrx_word' id='word_1_182' title='bbox 1111 2991 1128 3020; x_wconf 80' lang='lat'><em>⁴</em></span> <span class='ocrx_word' id='word_1_183' title='bbox 1152 2991 1321 3040; x_wconf 80' lang='lat' dir='ltr'><strong>Labra</strong></span> <span class='ocrx_word' id='word_1_184' title='bbox 1352 2998 1530 3043; x_wconf 84' lang='lat' dir='ltr'><strong>movet</strong></span> 
     </span>
     <span class='ocr_line' id='line_1_35' title="bbox 451 3067 1528 3134; baseline 0.004 -18"><span class='ocrx_word' id='word_1_185' title='bbox 451 3074 692 3117; x_wconf 88' lang='lat' dir='ltr'><strong>metuens</strong></span> <span class='ocrx_word' id='word_1_186' title='bbox 699 3067 896 3119; x_wconf 86' lang='lat' dir='ltr'><strong>audiri.&#39;</strong></span> <span class='ocrx_word' id='word_1_187' title='bbox 908 3070 1068 3132; x_wconf 86' lang='lat' dir='ltr'><strong>Cujus</strong></span> <span class='ocrx_word' id='word_1_188' title='bbox 1081 3076 1199 3119; x_wconf 81' lang='lat' dir='ltr'><strong>vota</strong></span> <span class='ocrx_word' id='word_1_189' title='bbox 1208 3075 1393 3132; x_wconf 87' lang='lat' dir='ltr'><strong>aperta</strong></span> <span class='ocrx_word' id='word_1_190' title='bbox 1404 3070 1528 3134; x_wconf 90' lang='lat' dir='ltr'><strong>sint,</strong></span> 
     </span>
     <span class='ocr_line' id='line_1_36' title="bbox 453 3144 1527 3210; baseline 0.001 -15"><span class='ocrx_word' id='word_1_191' title='bbox 453 3153 512 3195; x_wconf 91' lang='lat' dir='ltr'><strong>et</strong></span> <span class='ocrx_word' id='word_1_192' title='bbox 534 3144 600 3195; x_wconf 89' lang='lat' dir='ltr'><strong>ad</strong></span> <span class='ocrx_word' id='word_1_193' title='bbox 613 3146 925 3210; x_wconf 75' lang='lat' dir='ltr'><strong>Pythagorae</strong></span> <span class='ocrx_word' id='word_1_194' title='bbox 946 3153 1269 3210; x_wconf 82' lang='lat' dir='ltr'><strong>praeceptum</strong></span> <span class='ocrx_word' id='word_1_195' title='bbox 1286 3145 1527 3209; x_wconf 82' lang='lat' dir='ltr'><strong>formata,</strong></span> 
     </span>
     <span class='ocr_line' id='line_1_37' title="bbox 449 3221 1523 3287; baseline 0 -15"><span class='ocrx_word' id='word_1_196' title='bbox 449 3221 573 3283; x_wconf 78' lang='grc' dir='ltr'><strong><em>μετὰ</em></strong></span> <span class='ocrx_word' id='word_1_197' title='bbox 608 3224 766 3285; x_wconf 78' lang='grc' dir='ltr'><strong><em>φωνῆς</em></strong></span> <span class='ocrx_word' id='word_1_198' title='bbox 796 3222 966 3285; x_wconf 59' lang='lat' dir='ltr'><strong>cdxcv:</strong></span> <span class='ocrx_word' id='word_1_199' title='bbox 1004 3222 1142 3287; x_wconf 86' lang='lat' dir='ltr'><strong>quod</strong></span> <span class='ocrx_word' id='word_1_200' title='bbox 1182 3231 1265 3273; x_wconf 90' lang='lat' dir='ltr'><strong>est</strong></span> <span class='ocrx_word' id='word_1_201' title='bbox 1304 3223 1523 3274; x_wconf 87' lang='lat' dir='ltr'><strong>bominis</strong></span> 
     </span>
     <span class='ocr_line' id='line_1_38' title="bbox 450 3299 1523 3366; baseline 0.004 -20"><span class='ocrx_word' id='word_1_202' title='bbox 450 3299 720 3363; x_wconf 87' lang='lat' dir='ltr'><strong>simplicis,</strong></span> <span class='ocrx_word' id='word_1_203' title='bbox 741 3305 798 3349; x_wconf 89' lang='lat' dir='ltr'><strong>et</strong></span> <span class='ocrx_word' id='word_1_204' title='bbox 834 3300 923 3365; x_wconf 89' lang='lat' dir='ltr'><strong>qui</strong></span> <span class='ocrx_word' id='word_1_205' title='bbox 960 3300 1035 3350; x_wconf 87' lang='lat' dir='ltr'><strong>sic</strong></span> <span class='ocrx_word' id='word_1_206' title='bbox 1057 3315 1175 3350; x_wconf 89' lang='lat' dir='ltr'><strong>cum</strong></span> <span class='ocrx_word' id='word_1_207' title='bbox 1199 3300 1319 3350; x_wconf 83' lang='lat' dir='ltr'><strong>Diis</strong></span> <span class='ocrx_word' id='word_1_208' title='bbox 1341 3302 1523 3366; x_wconf 90' lang='lat' dir='ltr'><strong>loqua-</strong></span> 
     </span>
     <span class='ocr_line' id='line_1_39' title="bbox 453 3376 1523 3442; baseline 0 -15"><span class='ocrx_word' id='word_1_209' title='bbox 453 3385 541 3427; x_wconf 88' lang='lat' dir='ltr'><strong>tur</strong></span> <span class='ocrx_word' id='word_1_210' title='bbox 566 3377 711 3442; x_wconf 89' lang='lat' dir='ltr'><strong>quasi</strong></span> <span class='ocrx_word' id='word_1_211' title='bbox 747 3376 977 3427; x_wconf 87' lang='lat' dir='ltr'><strong>homines</strong></span> <span class='ocrx_word' id='word_1_212' title='bbox 1015 3378 1257 3429; x_wconf 75' lang='lat' dir='ltr'><strong>audiantt</strong></span> <span class='ocrx_word' id='word_1_213' title='bbox 1291 3378 1366 3428; x_wconf 90' lang='lat' dir='ltr'><strong>sic</strong></span> <span class='ocrx_word' id='word_1_214' title='bbox 1402 3393 1523 3428; x_wconf 87' lang='lat' dir='ltr'><strong>cum</strong></span> 
     </span>
     <span class='ocr_line' id='line_1_40' title="bbox 449 3453 1521 3519; baseline 0.002 -17"><span class='ocrx_word' id='word_1_215' title='bbox 449 3453 755 3518; x_wconf 88' lang='lat' dir='ltr'><strong>hominibus,</strong></span> <span class='ocrx_word' id='word_1_216' title='bbox 769 3462 1013 3519; x_wconf 83' lang='lat' dir='ltr'><strong>tanquam</strong></span> <span class='ocrx_word' id='word_1_217' title='bbox 1024 3455 1110 3504; x_wconf 91' lang='lat' dir='ltr'><strong>Dii</strong></span> <span class='ocrx_word' id='word_1_218' title='bbox 1127 3456 1357 3505; x_wconf 86' lang='lat' dir='ltr'><strong>audiant.</strong></span> <span class='ocrx_word' id='word_1_219' title='bbox 1382 3455 1521 3504; x_wconf 83' lang='lat' dir='ltr'><strong>Sane</strong></span> 
     </span>
    </p>
   </div>
   <div class='ocr_carea' id='block_1_5' title="bbox 451 3529 1534 3595">
    <p class='ocr_par' dir='ltr' id='par_1_8' title="bbox 451 3529 1534 3595">
     <span class='ocr_line' id='line_1_41' title="bbox 451 3529 1534 3595; baseline 0.002 -17"><span class='ocrx_word' id='word_1_220' title='bbox 451 3531 565 3579; x_wconf 82' lang='lat' dir='ltr'><strong>haec</strong></span> <span class='ocrx_word' id='word_1_221' title='bbox 590 3537 675 3580; x_wconf 89' lang='lat' dir='ltr'><strong>est</strong></span> <span class='ocrx_word' id='word_1_222' title='bbox 697 3537 820 3581; x_wconf 90' lang='lat' dir='ltr'><strong>nota</strong></span> <span class='ocrx_word' id='word_1_223' title='bbox 842 3529 1057 3581; x_wconf 86' lang='lat' dir='ltr'><strong>hominis</strong></span> <span class='ocrx_word' id='word_1_224' title='bbox 1072 3529 1138 3581; x_wconf 83' lang='lat' dir='ltr'><strong>ad</strong></span> <span class='ocrx_word' id='word_1_225' title='bbox 1159 3545 1378 3595; x_wconf 81' lang='lat' dir='ltr'><strong>unguem</strong></span> <span class='ocrx_word' id='word_1_226' title='bbox 1401 3545 1534 3594; x_wconf 39' lang='lat' dir='ltr'><strong>pro·-</strong></span> 
     </span>
    </p>
   </div>
   <div class='ocr_carea' id='block_1_6' title="bbox 370 3606 1525 4359">
    <p class='ocr_par' dir='ltr' id='par_1_9' title="bbox 453 3606 828 3660">
     <span class='ocr_line' id='line_1_42' title="bbox 453 3606 828 3660; baseline 0.005 -6"><span class='ocrx_word' id='word_1_227' title='bbox 453 3606 527 3660; x_wconf 87' lang='lat' dir='ltr'><strong>bi.</strong></span> <span class='ocrx_word' id='word_1_228' title='bbox 563 3606 828 3656; x_wconf 67' lang='lat' dir='ltr'><strong>Her-aldus.</strong></span> 
     </span>
    </p>

    <p class='ocr_par' dir='ltr' id='par_1_10' title="bbox 370 3681 1525 4359">
     <span class='ocr_line' id='line_1_43' title="bbox 514 3681 1523 3747; baseline -0.001 -15"><span class='ocrx_word' id='word_1_229' title='bbox 514 3687 546 3733; x_wconf 80' lang='lat'>⁷</span> <span class='ocrx_word' id='word_1_230' title='bbox 581 3681 640 3732; x_wconf 77' lang='lat' dir='ltr'><strong>Si</strong></span> <span class='ocrx_word' id='word_1_231' title='bbox 658 3684 762 3747; x_wconf 83' lang='lat' dir='ltr'><strong>quis</strong></span> <span class='ocrx_word' id='word_1_232' title='bbox 781 3683 877 3735; x_wconf 78' lang='lat' dir='ltr'><strong>erit</strong></span> <span class='ocrx_word' id='word_1_233' title='bbox 892 3699 1099 3746; x_wconf 78' lang='lat' dir='ltr'><strong>mcgnoe,</strong></span> <span class='ocrx_word' id='word_1_234' title='bbox 1119 3682 1223 3747; x_wconf 58' lang='grc' dir='ltr'><strong>ξω]</strong></span> <span class='ocrx_word' id='word_1_235' title='bbox 1255 3682 1376 3733; x_wconf 89' lang='lat' dir='ltr'><strong>Uno</strong></span> <span class='ocrx_word' id='word_1_236' title='bbox 1407 3697 1523 3734; x_wconf 83' lang='lat' dir='ltr'><strong>ver·</strong></span> 
     </span>
     <span class='ocr_line' id='line_1_44' title="bbox 370 3757 1523 3825; baseline 0 -16"><span class='ocrx_word' id='word_1_237' title='bbox 370 3783 373 3788; x_wconf 91' lang='lat'><em>·</em></span> <span class='ocrx_word' id='word_1_238' title='bbox 454 3759 542 3822; x_wconf 90' lang='lat' dir='ltr'><strong>bo,</strong></span> <span class='ocrx_word' id='word_1_239' title='bbox 586 3760 630 3809; x_wconf 86' lang='lat' dir='ltr'><strong>si</strong></span> <span class='ocrx_word' id='word_1_240' title='bbox 679 3761 794 3825; x_wconf 77' lang='lat' dir='ltr'><strong>quis</strong></span> <span class='ocrx_word' id='word_1_241' title='bbox 845 3766 928 3809; x_wconf 89' lang='lat' dir='ltr'><strong>est</strong></span> <span class='ocrx_word' id='word_1_242' title='bbox 967 3775 1089 3810; x_wconf 84' lang='lat' dir='ltr'><strong>vere</strong></span> <span class='ocrx_word' id='word_1_243' title='bbox 1122 3757 1434 3822; x_wconf 74' lang='grc' dir='ltr'>μεγαλόφρων</span> <span class='ocrx_word' id='word_1_244' title='bbox 1465 3765 1523 3809; x_wconf 86' lang='lat' dir='ltr'><strong>et</strong></span> 
     </span>
     <span class='ocr_line' id='line_1_45' title="bbox 438 3835 1521 3902; baseline -0.001 -16"><span class='ocrx_word' id='word_1_245' title='bbox 438 3835 889 3900; x_wconf 52' lang='grc' dir='ltr'><strong>’μεγαλόψυχοςᾼιίο</strong></span> <span class='ocrx_word' id='word_1_246' title='bbox 904 3843 987 3888; x_wconf 87' lang='lat' dir='ltr'><strong>est</strong></span> <span class='ocrx_word' id='word_1_247' title='bbox 1001 3852 1152 3902; x_wconf 86' lang='lat' dir='ltr'><strong>quem</strong></span> <span class='ocrx_word' id='word_1_248' title='bbox 1165 3836 1491 3901; x_wconf 83' lang='lat' dir='ltr'><strong>depinximus</strong></span> <span class='ocrx_word' id='word_1_249' title='bbox 1506 3852 1521 3885; x_wconf 73' lang='grc' dir='ltr'><strong>ε</strong></span> 
     </span>
     <span class='ocr_line' id='line_1_46' title="bbox 449 3912 1521 3978; baseline 0.002 -17"><span class='ocrx_word' id='word_1_250' title='bbox 449 3927 568 3962; x_wconf 83' lang='lat' dir='ltr'><strong>nam</strong></span> <span class='ocrx_word' id='word_1_251' title='bbox 599 3914 754 3964; x_wconf 88' lang='lat' dir='ltr'><strong>animi</strong></span> <span class='ocrx_word' id='word_1_252' title='bbox 785 3913 1196 3978; x_wconf 78' lang='lat' dir='ltr'><strong>magnitudinem</strong></span> <span class='ocrx_word' id='word_1_253' title='bbox 1229 3927 1406 3962; x_wconf 86' lang='lat' dir='ltr'><strong>omnes</strong></span> <span class='ocrx_word' id='word_1_254' title='bbox 1438 3912 1521 3963; x_wconf 81' lang='lat' dir='ltr'><strong>hae</strong></span> 
     </span>
     <span class='ocr_line' id='line_1_47' title="bbox 447 3987 1523 4055; baseline 0.002 -20"><span class='ocrx_word' id='word_1_255' title='bbox 447 3987 598 4038; x_wconf 86' lang='lat' dir='ltr'><strong>dotes</strong></span> <span class='ocrx_word' id='word_1_256' title='bbox 613 3997 1017 4055; x_wconf 86' lang='lat' dir='ltr'><strong>consequuntur,</strong></span> <span class='ocrx_word' id='word_1_257' title='bbox 1034 3996 1089 4039; x_wconf 88' lang='lat' dir='ltr'><strong>et</strong></span> <span class='ocrx_word' id='word_1_258' title='bbox 1108 3990 1281 4041; x_wconf 81' lang='lat' dir='ltr'><strong>omnia</strong></span> <span class='ocrx_word' id='word_1_259' title='bbox 1299 3990 1401 4039; x_wconf 82' lang='lat' dir='ltr'><strong>ista</strong></span> <span class='ocrx_word' id='word_1_260' title='bbox 1416 3990 1523 4039; x_wconf 87' lang='lat' dir='ltr'><strong>ani-</strong></span> 
     </span>
     <span class='ocr_line' id='line_1_48' title="bbox 451 4063 1525 4129; baseline 0.007 -19"><span class='ocrx_word' id='word_1_261' title='bbox 451 4063 520 4111; x_wconf 89' lang='lat' dir='ltr'><strong>mi</strong></span> <span class='ocrx_word' id='word_1_262' title='bbox 546 4065 845 4128; x_wconf 81' lang='lat' dir='ltr'><strong>magnitudo</strong></span> <span class='ocrx_word' id='word_1_263' title='bbox 874 4066 1243 4129; x_wconf 83' lang='lat' dir='ltr'><strong>complectitur</strong></span> <span class='ocrx_word' id='word_1_264' title='bbox 1270 4073 1328 4117; x_wconf 89' lang='lat' dir='ltr'><strong>et</strong></span> <span class='ocrx_word' id='word_1_265' title='bbox 1354 4074 1525 4119; x_wconf 87' lang='lat' dir='ltr'><strong>ornat.</strong></span> 
     </span>
     <span class='ocr_line' id='line_1_49' title="bbox 451 4140 1521 4207; baseline 0.006 -18"><span class='ocrx_word' id='word_1_266' title='bbox 451 4140 654 4193; x_wconf 70' lang='lat' dir='ltr'><strong>Her-ald.</strong></span> <span class='ocrx_word' id='word_1_267' title='bbox 723 4143 924 4205; x_wconf 76' lang='lat' dir='ltr'><strong>Magna·</strong></span> <span class='ocrx_word' id='word_1_268' title='bbox 944 4142 1194 4205; x_wconf 76' lang='lat' dir='ltr'><strong>subnixus,</strong></span> <span class='ocrx_word' id='word_1_269' title='bbox 1218 4142 1325 4207; x_wconf 57' lang='grc' dir='ltr'><strong>εμπ]</strong></span> <span class='ocrx_word' id='word_1_270' title='bbox 1347 4144 1521 4195; x_wconf 88' lang='lat' dir='ltr'><strong>Fortis</strong></span> 
     </span>
     <span class='ocr_line' id='line_1_50' title="bbox 450 4218 1522 4284; baseline 0.004 -17"><span class='ocrx_word' id='word_1_271' title='bbox 450 4224 507 4267; x_wconf 82' lang='lat' dir='ltr'><strong>et</strong></span> <span class='ocrx_word' id='word_1_272' title='bbox 530 4224 797 4284; x_wconf 80' lang='lat' dir='ltr'><strong>constans,</strong></span> <span class='ocrx_word' id='word_1_273' title='bbox 814 4233 973 4283; x_wconf 84' lang='lat' dir='ltr'><strong>supra</strong></span> <span class='ocrx_word' id='word_1_274' title='bbox 984 4218 1084 4271; x_wconf 85' lang='lat' dir='ltr'><strong>hoc</strong></span> <span class='ocrx_word' id='word_1_275' title='bbox 1099 4221 1304 4278; x_wconf 85' lang='lat' dir='ltr'><strong>nomine</strong></span> <span class='ocrx_word' id='word_1_276' title='bbox 1328 4222 1522 4271; x_wconf 88' lang='lat' dir='ltr'><strong>collau·</strong></span> 
     </span>
     <span class='ocr_line' id='line_1_51' title="bbox 450 4294 1145 4359; baseline 0.007 -16"><span class='ocrx_word' id='word_1_277' title='bbox 450 4294 622 4358; x_wconf 83' lang='lat' dir='ltr'><strong>datus,</strong></span> <span class='ocrx_word' id='word_1_278' title='bbox 643 4294 807 4359; x_wconf 85' lang='lat' dir='ltr'><strong>epigr.</strong></span> <span class='ocrx_word' id='word_1_279' title='bbox 832 4298 881 4345; x_wconf 86' lang='grc'><strong>9.</strong></span> <span class='ocrx_word' id='word_1_280' title='bbox 934 4328 940 4335; x_wconf 92' lang='grc'>-</span> <span class='ocrx_word' id='word_1_281' title='bbox 1142 4313 1145 4316; x_wconf 94' lang='grc'><strong><em>·</em></strong></span> 
     </span>
    </p>
   </div>
   <div class='ocr_carea' id='block_1_7' title="bbox 1176 353 1978 435">
    <p class='ocr_par' dir='ltr' id='par_1_11' title="bbox 1176 353 1978 435">
     <span class='ocr_line' id='line_1_52' title="bbox 1176 353 1978 435; baseline -0.002 -1"><span class='ocrx_word' id='word_1_282' title='bbox 1176 353 1404 435; x_wconf 67' lang='lat' dir='ltr'><strong>No‘rAE‘</strong></span> <span class='ocrx_word' id='word_1_283' title='bbox 1440 381 1844 433; x_wconf 62' lang='lat' dir='ltr'><strong>vammum</strong></span> <span class='ocrx_word' id='word_1_284' title='bbox 1889 384 1978 433; x_wconf 13' lang='lat' dir='ltr'><strong>Am</strong></span> 
     </span>
    </p>
   </div>
   <div class='ocr_carea' id='block_1_8' title="bbox 1594 526 2691 4368">
    <p class='ocr_par' dir='ltr' id='par_1_12' title="bbox 1600 526 2673 653">
     <span class='ocr_line' id='line_1_53' title="bbox 1667 526 2673 594; baseline 0.003 -17"><span class='ocrx_word' id='word_1_285' title='bbox 1667 531 1699 577; x_wconf 88' lang='grc'>8</span> <span class='ocrx_word' id='word_1_286' title='bbox 1720 526 2015 591; x_wconf 77' lang='lat' dir='ltr'><strong>Dispeream,</strong></span> <span class='ocrx_word' id='word_1_287' title='bbox 2038 526 2147 594; x_wconf 57' lang='grc' dir='ltr'><strong>ξω]</strong></span> <span class='ocrx_word' id='word_1_288' title='bbox 2180 527 2540 579; x_wconf 83' lang='lat' dir='ltr'><strong>Execrationis</strong></span> <span class='ocrx_word' id='word_1_289' title='bbox 2571 528 2673 581; x_wconf 86' lang='lat' dir='ltr'><strong>for·</strong></span> 
     </span>
     <span class='ocr_line' id='line_1_54' title="bbox 1600 605 1761 653; baseline 0 0"><span class='ocrx_word' id='word_1_290' title='bbox 1600 605 1761 653; x_wconf 88' lang='lat' dir='ltr'><strong>mula.</strong></span> 
     </span>
    </p>

    <p class='ocr_par' dir='ltr' id='par_1_13' title="bbox 1595 683 2674 1514">
     <span class='ocr_line' id='line_1_55' title="bbox 1668 683 2670 749; baseline 0.003 -18"><span class='ocrx_word' id='word_1_291' title='bbox 1668 683 1829 733; x_wconf 70' lang='lat' dir='ltr'><strong>Erro.</strong></span> <span class='ocrx_word' id='word_1_292' title='bbox 1844 696 1957 734; x_wconf 71' lang='grc' dir='ltr'><strong>ιιι.</strong></span> <span class='ocrx_word' id='word_1_293' title='bbox 1973 688 1998 733; x_wconf 86' lang='grc'>1</span> <span class='ocrx_word' id='word_1_294' title='bbox 2016 683 2114 739; x_wconf 82' lang='lat' dir='ltr'><strong>Qui</strong></span> <span class='ocrx_word' id='word_1_295' title='bbox 2125 684 2277 747; x_wconf 78' lang='lat' dir='ltr'><strong>ducis,</strong></span> <span class='ocrx_word' id='word_1_296' title='bbox 2288 683 2396 749; x_wconf 53' lang='grc' dir='ltr'><strong>ξω]</strong></span> <span class='ocrx_word' id='word_1_297' title='bbox 2409 684 2486 734; x_wconf 89' lang='lat' dir='ltr'><strong>Im</strong></span> <span class='ocrx_word' id='word_1_298' title='bbox 2494 697 2670 748; x_wconf 85' lang='lat' dir='ltr'><strong>preca-</strong></span> 
     </span>
     <span class='ocr_line' id='line_1_56' title="bbox 1601 759 2672 827; baseline 0.003 -19"><span class='ocrx_word' id='word_1_299' title='bbox 1601 763 1689 808; x_wconf 85' lang='lat' dir='ltr'><strong>tur</strong></span> <span class='ocrx_word' id='word_1_300' title='bbox 1708 759 1857 810; x_wconf 85' lang='lat' dir='ltr'><strong>Zoilo</strong></span> <span class='ocrx_word' id='word_1_301' title='bbox 1879 760 2155 824; x_wconf 86' lang='lat' dir='ltr'><strong>invidenti,</strong></span> <span class='ocrx_word' id='word_1_302' title='bbox 2179 766 2259 823; x_wconf 90' lang='lat' dir='ltr'><strong>ut,</strong></span> <span class='ocrx_word' id='word_1_303' title='bbox 2280 761 2331 810; x_wconf 85' lang='lat' dir='ltr'><strong>id</strong></span> <span class='ocrx_word' id='word_1_304' title='bbox 2357 762 2495 827; x_wconf 88' lang='lat' dir='ltr'><strong>quod</strong></span> <span class='ocrx_word' id='word_1_305' title='bbox 2520 761 2672 823; x_wconf 76' lang='lat' dir='ltr'><strong>facit,</strong></span> 
     </span>
     <span class='ocr_line' id='line_1_57' title="bbox 1603 836 2671 901; baseline 0.002 -16"><span class='ocrx_word' id='word_1_306' title='bbox 1603 837 1745 885; x_wconf 82' lang='lat' dir='ltr'><strong>solus</strong></span> <span class='ocrx_word' id='word_1_307' title='bbox 1758 836 1952 898; x_wconf 79' lang='lat' dir='ltr'><strong>faciat3</strong></span> <span class='ocrx_word' id='word_1_308' title='bbox 1988 838 2085 888; x_wconf 91' lang='lat' dir='ltr'><strong>hoc</strong></span> <span class='ocrx_word' id='word_1_309' title='bbox 2109 845 2210 901; x_wconf 89' lang='lat' dir='ltr'><strong>est,</strong></span> <span class='ocrx_word' id='word_1_310' title='bbox 2246 840 2384 888; x_wconf 88' lang='lat' dir='ltr'><strong>solus</strong></span> <span class='ocrx_word' id='word_1_311' title='bbox 2407 840 2522 888; x_wconf 87' lang='lat' dir='ltr'><strong>aliis</strong></span> <span class='ocrx_word' id='word_1_312' title='bbox 2542 837 2671 888; x_wconf 87' lang='lat' dir='ltr'><strong>invi-</strong></span> 
     </span>
     <span class='ocr_line' id='line_1_58' title="bbox 1602 908 2671 976; baseline 0.001 -14"><span class='ocrx_word' id='word_1_313' title='bbox 1602 912 1745 976; x_wconf 88' lang='lat' dir='ltr'><strong>deat,</strong></span> <span class='ocrx_word' id='word_1_314' title='bbox 1759 928 1910 974; x_wconf 86' lang='lat' dir='ltr'><strong>nemo</strong></span> <span class='ocrx_word' id='word_1_315' title='bbox 1929 913 2025 964; x_wconf 88' lang='lat' dir='ltr'><strong>illi.</strong></span> <span class='ocrx_word' id='word_1_316' title='bbox 2091 914 2227 965; x_wconf 91' lang='lat' dir='ltr'><strong>Nam</strong></span> <span class='ocrx_word' id='word_1_317' title='bbox 2252 914 2473 966; x_wconf 85' lang='lat' dir='ltr'><strong>eruditis</strong></span> <span class='ocrx_word' id='word_1_318' title='bbox 2495 908 2671 965; x_wconf 82' lang='lat' dir='ltr'><strong>et&#39;ex·</strong></span> 
     </span>
     <span class='ocr_line' id='line_1_59' title="bbox 1603 990 2670 1042; baseline 0.001 -4"><span class='ocrx_word' id='word_1_319' title='bbox 1603 990 1913 1040; x_wconf 85' lang='lat' dir='ltr'><strong>cellentibus</strong></span> <span class='ocrx_word' id='word_1_320' title='bbox 1937 997 2139 1042; x_wconf 88' lang='lat' dir='ltr'><strong>tantum</strong></span> <span class='ocrx_word' id='word_1_321' title='bbox 2162 990 2425 1042; x_wconf 84' lang='lat' dir='ltr'><strong>invidetur</strong></span> <span class='ocrx_word' id='word_1_322' title='bbox 2450 1006 2482 1040; x_wconf 87' lang='lat' dir='ltr'><strong>a</strong></span> <span class='ocrx_word' id='word_1_323' title='bbox 2503 991 2670 1040; x_wconf 87' lang='lat' dir='ltr'><strong>minus</strong></span> 
     </span>
     <span class='ocr_line' id='line_1_60' title="bbox 1602 1066 2673 1118; baseline 0 -1"><span class='ocrx_word' id='word_1_324' title='bbox 1602 1066 1840 1117; x_wconf 88' lang='lat' dir='ltr'><strong>eruditis.</strong></span> <span class='ocrx_word' id='word_1_325' title='bbox 1906 1066 2141 1118; x_wconf 84' lang='lat' dir='ltr'><strong>Indoctis</strong></span> <span class='ocrx_word' id='word_1_326' title='bbox 2160 1068 2297 1118; x_wconf 88' lang='lat' dir='ltr'><strong>enim</strong></span> <span class='ocrx_word' id='word_1_327' title='bbox 2321 1074 2379 1118; x_wconf 88' lang='lat' dir='ltr'><strong>et</strong></span> <span class='ocrx_word' id='word_1_328' title='bbox 2398 1066 2558 1118; x_wconf 86' lang='lat' dir='ltr'><strong>fatuis</strong></span> <span class='ocrx_word' id='word_1_329' title='bbox 2582 1082 2673 1117; x_wconf 89' lang='lat' dir='ltr'><strong>ne-</strong></span> 
     </span>
     <span class='ocr_line' id='line_1_61' title="bbox 1601 1142 2673 1205; baseline -0.001 -12"><span class='ocrx_word' id='word_1_330' title='bbox 1601 1157 1687 1193; x_wconf 88' lang='lat' dir='ltr'><strong>mo</strong></span> <span class='ocrx_word' id='word_1_331' title='bbox 1710 1143 1931 1205; x_wconf 87' lang='lat' dir='ltr'><strong>invidet,</strong></span> <span class='ocrx_word' id='word_1_332' title='bbox 1954 1144 2031 1194; x_wconf 90' lang='lat' dir='ltr'><strong>uti</strong></span> <span class='ocrx_word' id='word_1_333' title='bbox 2048 1158 2145 1194; x_wconf 92' lang='lat' dir='ltr'><strong>nec</strong></span> <span class='ocrx_word' id='word_1_334' title='bbox 2169 1142 2486 1194; x_wconf 82' lang='lat' dir='ltr'><strong>infelicibus.</strong></span> <span class='ocrx_word' id='word_1_335' title='bbox 2551 1144 2568 1172; x_wconf 86' lang='lat'>‘</span> <span class='ocrx_word' id='word_1_336' title='bbox 2585 1143 2673 1193; x_wconf 90' lang='lat' dir='ltr'><strong>In-</strong></span> 
     </span>
     <span class='ocr_line' id='line_1_62' title="bbox 1603 1219 2674 1285; baseline 0 -18"><span class='ocrx_word' id='word_1_337' title='bbox 1603 1219 1742 1268; x_wconf 84' lang='lat' dir='ltr'><strong>vidia</strong></span> <span class='ocrx_word' id='word_1_338' title='bbox 1764 1219 1921 1269; x_wconf 88' lang='lat' dir='ltr'><strong>Siculi</strong></span> <span class='ocrx_word' id='word_1_339' title='bbox 1936 1234 2042 1269; x_wconf 90' lang='lat' dir='ltr'><strong>non</strong></span> <span class='ocrx_word' id='word_1_340' title='bbox 2059 1219 2305 1269; x_wconf 84' lang='lat' dir='ltr'><strong>invenere</strong></span> <span class='ocrx_word' id='word_1_341' title='bbox 2328 1220 2532 1285; x_wconf 88' lang='lat' dir='ltr'><strong>tyranni</strong></span> <span class='ocrx_word' id='word_1_342' title='bbox 2557 1220 2674 1268; x_wconf 89' lang='lat' dir='ltr'><strong>Ma-</strong></span> 
     </span>
     <span class='ocr_line' id='line_1_63' title="bbox 1595 1296 2672 1360; baseline 0 -14"><span class='ocrx_word' id='word_1_343' title='bbox 1595 1296 1685 1360; x_wconf 87' lang='lat' dir='ltr'><strong>jns</strong></span> <span class='ocrx_word' id='word_1_344' title='bbox 1703 1296 2052 1347; x_wconf 66' lang='lat' dir='ltr'><strong>tormentum!</strong></span> <span class='ocrx_word' id='word_1_345' title='bbox 2117 1297 2222 1349; x_wconf 80' lang='lat' dir='ltr'><strong>Qui</strong></span> <span class='ocrx_word' id='word_1_346' title='bbox 2240 1297 2437 1346; x_wconf 83' lang='lat' dir='ltr'><strong>vultum</strong></span> <span class='ocrx_word' id='word_1_347' title='bbox 2454 1296 2672 1348; x_wconf 87' lang='lat' dir='ltr'><strong>adducis</strong></span> 
     </span>
     <span class='ocr_line' id='line_1_64' title="bbox 1602 1373 2672 1438; baseline 0 -16"><span class='ocrx_word' id='word_1_348' title='bbox 1602 1373 1671 1422; x_wconf 89' lang='lat' dir='ltr'><strong>ad</strong></span> <span class='ocrx_word' id='word_1_349' title='bbox 1712 1373 1995 1436; x_wconf 87' lang='lat' dir='ltr'><strong>tristitiam,</strong></span> <span class='ocrx_word' id='word_1_350' title='bbox 2039 1374 2128 1438; x_wconf 89' lang='lat' dir='ltr'><strong>qui</strong></span> <span class='ocrx_word' id='word_1_351' title='bbox 2176 1381 2456 1425; x_wconf 80' lang='lat' dir='ltr'><strong>contracta</strong></span> <span class='ocrx_word' id='word_1_352' title='bbox 2497 1373 2672 1424; x_wconf 86' lang='lat' dir='ltr'><strong>fronte</strong></span> 
     </span>
     <span class='ocr_line' id='line_1_65' title="bbox 1602 1449 2562 1514; baseline 0 -15"><span class='ocrx_word' id='word_1_353' title='bbox 1602 1449 1719 1500; x_wconf 82' lang='lat' dir='ltr'><strong>haec</strong></span> <span class='ocrx_word' id='word_1_354' title='bbox 1741 1450 2021 1514; x_wconf 88' lang='lat' dir='ltr'><strong>improbas.</strong></span> <span class='ocrx_word' id='word_1_355' title='bbox 2559 1468 2562 1473; x_wconf 92' lang='lat'><em>·</em></span> 
     </span>
    </p>

    <p class='ocr_par' dir='ltr' id='par_1_14' title="bbox 1603 1504 2676 1741">
     <span class='ocr_line' id='line_1_66' title="bbox 1663 1504 2675 1591; baseline -0.001 -16"><span class='ocrx_word' id='word_1_356' title='bbox 1663 1530 1696 1575; x_wconf 82' lang='lat'>2</span> <span class='ocrx_word' id='word_1_357' title='bbox 1723 1528 1972 1591; x_wconf 75' lang='lat' dir='ltr'><strong>Omnibus,</strong></span> <span class='ocrx_word' id='word_1_358' title='bbox 1990 1504 2099 1591; x_wconf 46' lang='lat' dir='ltr'><strong>ssa]</strong></span> <span class='ocrx_word' id='word_1_359' title='bbox 2120 1525 2333 1578; x_wconf 87' lang='lat' dir='ltr'><strong>Infimns</strong></span> <span class='ocrx_word' id='word_1_360' title='bbox 2354 1527 2580 1579; x_wconf 89' lang='lat' dir='ltr'><strong>omnium</strong></span> <span class='ocrx_word' id='word_1_361' title='bbox 2605 1526 2675 1575; x_wconf 90' lang='lat' dir='ltr'><strong>sis</strong></span> 
     </span>
     <span class='ocr_line' id='line_1_67' title="bbox 1604 1601 2676 1669; baseline 0 -17"><span class='ocrx_word' id='word_1_362' title='bbox 1604 1618 1810 1667; x_wconf 86' lang='lat' dir='ltr'><strong>precor,</strong></span> <span class='ocrx_word' id='word_1_363' title='bbox 1832 1606 1920 1669; x_wconf 88' lang='lat' dir='ltr'><strong>qui</strong></span> <span class='ocrx_word' id='word_1_364' title='bbox 1945 1604 2138 1654; x_wconf 82' lang='lat' dir='ltr'><strong>habeas</strong></span> <span class='ocrx_word' id='word_1_365' title='bbox 2171 1618 2264 1654; x_wconf 88' lang='lat' dir='ltr'><strong>cur</strong></span> <span class='ocrx_word' id='word_1_366' title='bbox 2287 1603 2522 1654; x_wconf 86' lang='lat' dir='ltr'><strong>omnibus</strong></span> <span class='ocrx_word' id='word_1_367' title='bbox 2542 1601 2676 1652; x_wconf 81' lang='lat' dir='ltr'><strong>invi-</strong></span> 
     </span>
     <span class='ocr_line' id='line_1_68' title="bbox 1603 1680 2574 1741; baseline 0 -12"><span class='ocrx_word' id='word_1_368' title='bbox 1603 1680 1756 1730; x_wconf 84' lang='lat' dir='ltr'><strong>deas:</strong></span> <span class='ocrx_word' id='word_1_369' title='bbox 1791 1695 1885 1730; x_wconf 91' lang='lat' dir='ltr'><strong>cur</strong></span> <span class='ocrx_word' id='word_1_370' title='bbox 1906 1680 2024 1741; x_wconf 88' lang='lat' dir='ltr'><strong>tibi,</strong></span> <span class='ocrx_word' id='word_1_371' title='bbox 2046 1695 2218 1730; x_wconf 87' lang='lat' dir='ltr'><strong>nemo.</strong></span> <span class='ocrx_word' id='word_1_372' title='bbox 2571 1730 2574 1735; x_wconf 74' lang='grc'>,</span> 
     </span>
    </p>

    <p class='ocr_par' dir='ltr' id='par_1_15' title="bbox 1595 1755 2691 3497">
     <span class='ocr_line' id='line_1_69' title="bbox 1666 1755 2672 1822; baseline 0 -16"><span class='ocrx_word' id='word_1_373' title='bbox 1666 1758 1825 1807; x_wconf 70' lang='lat' dir='ltr'><strong>Eme.</strong></span> <span class='ocrx_word' id='word_1_374' title='bbox 1837 1771 1978 1808; x_wconf 77' lang='lat' dir='ltr'><strong>xur-</strong></span> <span class='ocrx_word' id='word_1_375' title='bbox 1990 1762 2017 1807; x_wconf 87' lang='lat'>1</span> <span class='ocrx_word' id='word_1_376' title='bbox 2036 1755 2386 1820; x_wconf 67' lang='lat' dir='ltr'><strong>Urbanus,‹3·c.]</strong></span> <span class='ocrx_word' id='word_1_377' title='bbox 2401 1756 2672 1822; x_wconf 82' lang='lat' dir='ltr'><strong>Epigram-</strong></span> 
     </span>
     <span class='ocr_line' id='line_1_70' title="bbox 1601 1830 2686 1899; baseline -0.002 -15"><span class='ocrx_word' id='word_1_378' title='bbox 1601 1850 1686 1884; x_wconf 91' lang='lat' dir='ltr'><strong>ma</strong></span> <span class='ocrx_word' id='word_1_379' title='bbox 1695 1835 1796 1884; x_wconf 89' lang='lat' dir='ltr'><strong>hoc</strong></span> <span class='ocrx_word' id='word_1_380' title='bbox 1806 1835 2103 1899; x_wconf 75' lang='lat' dir='ltr'><strong>Satyricum</strong></span> <span class='ocrx_word' id='word_1_381' title='bbox 2120 1841 2223 1897; x_wconf 84' lang='lat' dir='ltr'><strong>est,</strong></span> <span class='ocrx_word' id='word_1_382' title='bbox 2245 1841 2303 1885; x_wconf 85' lang='lat' dir='ltr'><strong>et</strong></span> <span class='ocrx_word' id='word_1_383' title='bbox 2326 1833 2474 1884; x_wconf 88' lang='lat' dir='ltr'><strong>simul</strong></span> <span class='ocrx_word' id='word_1_384' title='bbox 2497 1830 2686 1892; x_wconf 55' lang='lat' dir='ltr'><strong>mandre</strong></span> 
     </span>
     <span class='ocr_line' id='line_1_71' title="bbox 1600 1910 2676 1976; baseline -0.002 -15"><span class='ocrx_word' id='word_1_385' title='bbox 1600 1912 1779 1962; x_wconf 84' lang='lat' dir='ltr'><strong>Docet</strong></span> <span class='ocrx_word' id='word_1_386' title='bbox 1795 1912 1932 1961; x_wconf 87' lang='lat' dir='ltr'><strong>enim</strong></span> <span class='ocrx_word' id='word_1_387' title='bbox 1957 1910 2113 1975; x_wconf 79' lang='lat' dir='ltr'><strong>poe’ta</strong></span> <span class='ocrx_word' id='word_1_388' title='bbox 2134 1910 2186 1960; x_wconf 90' lang='lat' dir='ltr'><strong>in</strong></span> <span class='ocrx_word' id='word_1_389' title='bbox 2210 1925 2435 1976; x_wconf 82' lang='lat' dir='ltr'><strong>persona</strong></span> <span class='ocrx_word' id='word_1_390' title='bbox 2456 1911 2676 1972; x_wconf 76' lang='lat' dir='ltr'><strong>Coecilii,</strong></span> 
     </span>
     <span class='ocr_line' id='line_1_72' title="bbox 1600 1988 2673 2054; baseline 0 -16"><span class='ocrx_word' id='word_1_391' title='bbox 1600 1989 1726 2054; x_wconf 90' lang='lat' dir='ltr'><strong>qnid</strong></span> <span class='ocrx_word' id='word_1_392' title='bbox 1742 1989 2012 2040; x_wconf 86' lang='lat' dir='ltr'><strong>urbanitas</strong></span> <span class='ocrx_word' id='word_1_393' title='bbox 2031 2005 2063 2039; x_wconf 87' lang='lat' dir='ltr'><strong>a</strong></span> <span class='ocrx_word' id='word_1_394' title='bbox 2075 1989 2393 2040; x_wconf 82' lang='lat' dir='ltr'><strong>scurrilitate</strong></span> <span class='ocrx_word' id='word_1_395' title='bbox 2410 1996 2468 2040; x_wconf 89' lang='lat' dir='ltr'><strong>et</strong></span> <span class='ocrx_word' id='word_1_396' title='bbox 2484 1988 2673 2041; x_wconf 87' lang='lat' dir='ltr'><strong>stolida</strong></span> 
     </span>
     <span class='ocr_line' id='line_1_73' title="bbox 1599 2066 2672 2133; baseline -0.001 -16"><span class='ocrx_word' id='word_1_397' title='bbox 1599 2068 1925 2132; x_wconf 88' lang='lat' dir='ltr'><strong>procacitate</strong></span> <span class='ocrx_word' id='word_1_398' title='bbox 1967 2066 2175 2118; x_wconf 82' lang='lat' dir='ltr'><strong>differat</strong></span> <span class='ocrx_word' id='word_1_399' title='bbox 2197 2085 2212 2131; x_wconf 90' lang='lat'>;</span> <span class='ocrx_word' id='word_1_400' title='bbox 2257 2075 2313 2119; x_wconf 88' lang='lat' dir='ltr'><strong>et</strong></span> <span class='ocrx_word' id='word_1_401' title='bbox 2346 2083 2501 2133; x_wconf 88' lang='lat' dir='ltr'><strong>quam</strong></span> <span class='ocrx_word' id='word_1_402' title='bbox 2531 2081 2672 2131; x_wconf 82' lang='lat' dir='ltr'><strong>saepe</strong></span> 
     </span>
     <span class='ocr_line' id='line_1_74' title="bbox 1598 2143 2675 2210; baseline -0.003 -16"><span class='ocrx_word' id='word_1_403' title='bbox 1598 2143 1885 2207; x_wconf 84' lang='lat' dir='ltr'><strong>contingat,</strong></span> <span class='ocrx_word' id='word_1_404' title='bbox 1904 2152 1983 2206; x_wconf 91' lang='lat' dir='ltr'><strong>ut,</strong></span> <span class='ocrx_word' id='word_1_405' title='bbox 2005 2146 2091 2210; x_wconf 85' lang='lat' dir='ltr'><strong>qui</strong></span> <span class='ocrx_word' id='word_1_406' title='bbox 2126 2145 2309 2195; x_wconf 87' lang='lat' dir='ltr'><strong>urbani</strong></span> <span class='ocrx_word' id='word_1_407' title='bbox 2332 2152 2390 2196; x_wconf 91' lang='lat' dir='ltr'><strong>et</strong></span> <span class='ocrx_word' id='word_1_408' title='bbox 2414 2144 2576 2195; x_wconf 86' lang='lat' dir='ltr'><strong>faceti</strong></span> <span class='ocrx_word' id='word_1_409' title='bbox 2599 2143 2675 2192; x_wconf 83' lang='lat' dir='ltr'><strong>vi-</strong></span> 
     </span>
     <span class='ocr_line' id='line_1_75' title="bbox 1597 2219 2672 2282; baseline -0.001 -13"><span class='ocrx_word' id='word_1_410' title='bbox 1597 2220 1714 2269; x_wconf 88' lang='lat' dir='ltr'><strong>deri</strong></span> <span class='ocrx_word' id='word_1_411' title='bbox 1728 2221 1928 2282; x_wconf 82' lang='lat' dir='ltr'><strong>volunt,</strong></span> <span class='ocrx_word' id='word_1_412' title='bbox 1953 2221 2005 2269; x_wconf 92' lang='lat' dir='ltr'><strong>in</strong></span> <span class='ocrx_word' id='word_1_413' title='bbox 2029 2221 2401 2271; x_wconf 87' lang='lat' dir='ltr'><strong>scurrilitatem</strong></span> <span class='ocrx_word' id='word_1_414' title='bbox 2419 2219 2672 2270; x_wconf 88' lang='lat' dir='ltr'><strong>incidant.</strong></span> 
     </span>
     <span class='ocr_line' id='line_1_76' title="bbox 1596 2295 2676 2362; baseline -0.001 -16"><span class='ocrx_word' id='word_1_415' title='bbox 1596 2296 1799 2347; x_wconf 87' lang='lat' dir='ltr'><strong>Urbani</strong></span> <span class='ocrx_word' id='word_1_416' title='bbox 1817 2311 1939 2361; x_wconf 89' lang='lat' dir='ltr'><strong>ergo</strong></span> <span class='ocrx_word' id='word_1_417' title='bbox 1958 2298 2056 2348; x_wconf 83' lang='lat' dir='ltr'><strong>Gr.</strong></span> <span class='ocrx_word' id='word_1_418' title='bbox 2071 2297 2251 2348; x_wconf 74' lang='grc' dir='ltr'><strong><em>ἀστεῖοι</em></strong></span> <span class='ocrx_word' id='word_1_419' title='bbox 2271 2299 2359 2348; x_wconf 85' lang='lat' dir='ltr'><strong>vel</strong></span> <span class='ocrx_word' id='word_1_420' title='bbox 2375 2295 2676 2362; x_wconf 66' lang='grc' dir='ltr'><strong>εὐτράπελοι,</strong></span> 
     </span>
     <span class='ocr_line' id='line_1_77' title="bbox 1596 2374 2691 2439; baseline -0.001 -16"><span class='ocrx_word' id='word_1_421' title='bbox 1596 2374 1826 2423; x_wconf 85' lang='lat' dir='ltr'><strong>homines</strong></span> <span class='ocrx_word' id='word_1_422' title='bbox 1848 2382 1999 2424; x_wconf 86' lang='lat' dir='ltr'><strong>erant</strong></span> <span class='ocrx_word' id='word_1_423' title='bbox 2021 2376 2274 2439; x_wconf 85' lang='lat' dir='ltr'><strong>elegantis</strong></span> <span class='ocrx_word' id='word_1_424' title='bbox 2304 2391 2367 2426; x_wconf 91' lang='lat' dir='ltr'><strong>ac</strong></span> <span class='ocrx_word' id='word_1_425' title='bbox 2399 2375 2561 2427; x_wconf 85' lang='lat' dir='ltr'><strong>faceti</strong></span> <span class='ocrx_word' id='word_1_426' title='bbox 2596 2375 2691 2422; x_wconf 87' lang='lat' dir='ltr'><strong>in·-</strong></span> 
     </span>
     <span class='ocr_line' id='line_1_78' title="bbox 1599 2449 2671 2515; baseline -0.001 -15"><span class='ocrx_word' id='word_1_427' title='bbox 1599 2449 1757 2515; x_wconf 87' lang='lat' dir='ltr'><strong>genii,</strong></span> <span class='ocrx_word' id='word_1_428' title='bbox 1782 2449 1870 2515; x_wconf 87' lang='lat' dir='ltr'><strong>qui</strong></span> <span class='ocrx_word' id='word_1_429' title='bbox 1891 2449 2048 2501; x_wconf 85' lang='lat' dir='ltr'><strong>dictis</strong></span> <span class='ocrx_word' id='word_1_430' title='bbox 2083 2457 2138 2502; x_wconf 87' lang='lat' dir='ltr'><strong>et</strong></span> <span class='ocrx_word' id='word_1_431' title='bbox 2175 2451 2367 2502; x_wconf 81' lang='lat' dir='ltr'><strong>salibus</strong></span> <span class='ocrx_word' id='word_1_432' title='bbox 2391 2451 2495 2503; x_wconf 87' lang='lat' dir='ltr'><strong>suis</strong></span> <span class='ocrx_word' id='word_1_433' title='bbox 2512 2450 2671 2501; x_wconf 84' lang='lat' dir='ltr'><strong>risum</strong></span> 
     </span>
     <span class='ocr_line' id='line_1_79' title="bbox 1598 2530 2681 2595; baseline 0.001 -19"><span class='ocrx_word' id='word_1_434' title='bbox 1598 2541 1700 2577; x_wconf 90' lang='lat' dir='ltr'><strong>non</strong></span> <span class='ocrx_word' id='word_1_435' title='bbox 1716 2534 1821 2577; x_wconf 89' lang='lat' dir='ltr'><strong>tam</strong></span> <span class='ocrx_word' id='word_1_436' title='bbox 1838 2535 2114 2592; x_wconf 81' lang='lat' dir='ltr'><strong>captarent</strong></span> <span class='ocrx_word' id='word_1_437' title='bbox 2130 2543 2282 2594; x_wconf 87' lang='lat' dir='ltr'><strong>quam</strong></span> <span class='ocrx_word' id='word_1_438' title='bbox 2300 2530 2681 2595; x_wconf 86' lang='lat' dir='ltr'><strong>exprimerent,</strong></span> 
     </span>
     <span class='ocr_line' id='line_1_80' title="bbox 1598 2604 2674 2671; baseline 0.002 -19"><span class='ocrx_word' id='word_1_439' title='bbox 1598 2604 1757 2670; x_wconf 85' lang='lat' dir='ltr'><strong>idque</strong></span> <span class='ocrx_word' id='word_1_440' title='bbox 1802 2619 1920 2664; x_wconf 82' lang='lat' dir='ltr'><strong>cum</strong></span> <span class='ocrx_word' id='word_1_441' title='bbox 1954 2605 2309 2655; x_wconf 88' lang='lat' dir='ltr'><strong>moderatione</strong></span> <span class='ocrx_word' id='word_1_442' title='bbox 2340 2606 2586 2671; x_wconf 87' lang='lat' dir='ltr'><strong>quadam,</strong></span> <span class='ocrx_word' id='word_1_443' title='bbox 2617 2613 2674 2654; x_wconf 87' lang='lat' dir='ltr'><strong>et</strong></span> 
     </span>
     <span class='ocr_line' id='line_1_81' title="bbox 1599 2678 2673 2746; baseline -0.002 -16"><span class='ocrx_word' id='word_1_444' title='bbox 1599 2680 1778 2731; x_wconf 89' lang='lat' dir='ltr'><strong>habita</strong></span> <span class='ocrx_word' id='word_1_445' title='bbox 1825 2695 1928 2731; x_wconf 90' lang='lat' dir='ltr'><strong>non</strong></span> <span class='ocrx_word' id='word_1_446' title='bbox 1980 2695 2317 2746; x_wconf 86' lang='lat' dir='ltr'><strong>personarum</strong></span> <span class='ocrx_word' id='word_1_447' title='bbox 2357 2681 2536 2742; x_wconf 90' lang='lat' dir='ltr'><strong>modo,</strong></span> <span class='ocrx_word' id='word_1_448' title='bbox 2581 2678 2673 2729; x_wconf 83' lang='lat' dir='ltr'><strong>sed</strong></span> 
     </span>
     <span class='ocr_line' id='line_1_82' title="bbox 1602 2757 2672 2821; baseline -0.004 -13"><span class='ocrx_word' id='word_1_449' title='bbox 1602 2757 1851 2821; x_wconf 86' lang='lat' dir='ltr'><strong>temporis</strong></span> <span class='ocrx_word' id='word_1_450' title='bbox 1882 2760 2037 2808; x_wconf 88' lang='lat' dir='ltr'><strong>etiam</strong></span> <span class='ocrx_word' id='word_1_451' title='bbox 2062 2765 2119 2808; x_wconf 91' lang='lat' dir='ltr'><strong>et</strong></span> <span class='ocrx_word' id='word_1_452' title='bbox 2141 2757 2419 2807; x_wconf 83' lang='lat' dir='ltr'><strong>verborum</strong></span> <span class='ocrx_word' id='word_1_453' title='bbox 2442 2757 2672 2820; x_wconf 85' lang='lat' dir='ltr'><strong>ipsorum</strong></span> 
     </span>
     <span class='ocr_line' id='line_1_83' title="bbox 1601 2831 2677 2898; baseline -0.003 -16"><span class='ocrx_word' id='word_1_454' title='bbox 1601 2834 1823 2895; x_wconf 89' lang='lat' dir='ltr'><strong>ratione,</strong></span> <span class='ocrx_word' id='word_1_455' title='bbox 1844 2836 1921 2884; x_wconf 90' lang='lat' dir='ltr'><strong>ita</strong></span> <span class='ocrx_word' id='word_1_456' title='bbox 1942 2842 2001 2884; x_wconf 89' lang='lat' dir='ltr'><strong>ut</strong></span> <span class='ocrx_word' id='word_1_457' title='bbox 2020 2833 2256 2884; x_wconf 87' lang='lat' dir='ltr'><strong>tristibus</strong></span> <span class='ocrx_word' id='word_1_458' title='bbox 2268 2842 2324 2883; x_wconf 89' lang='lat' dir='ltr'><strong>et</strong></span> <span class='ocrx_word' id='word_1_459' title='bbox 2340 2848 2524 2898; x_wconf 88' lang='lat' dir='ltr'><strong>parum</strong></span> <span class='ocrx_word' id='word_1_460' title='bbox 2543 2831 2677 2896; x_wconf 89' lang='lat' dir='ltr'><strong>poli·</strong></span> 
     </span>
     <span class='ocr_line' id='line_1_84' title="bbox 1603 2909 2672 2975; baseline -0.002 -18"><span class='ocrx_word' id='word_1_461' title='bbox 1603 2909 1672 2958; x_wconf 91' lang='lat' dir='ltr'><strong>tis</strong></span> <span class='ocrx_word' id='word_1_462' title='bbox 1692 2909 2004 2974; x_wconf 86' lang='lat' dir='ltr'><strong>hominibus,</strong></span> <span class='ocrx_word' id='word_1_463' title='bbox 2019 2910 2199 2975; x_wconf 86' lang='lat' dir='ltr'><strong>quales</strong></span> <span class='ocrx_word' id='word_1_464' title='bbox 2223 2923 2344 2960; x_wconf 86' lang='lat' dir='ltr'><strong>rure</strong></span> <span class='ocrx_word' id='word_1_465' title='bbox 2365 2909 2557 2974; x_wconf 67' lang='lat' dir='ltr'><strong>sepius</strong></span> <span class='ocrx_word' id='word_1_466' title='bbox 2581 2912 2672 2956; x_wconf 88' lang='lat' dir='ltr'><strong>aut</strong></span> 
     </span>
     <span class='ocr_line' id='line_1_85' title="bbox 1602 2985 2670 3051; baseline -0.003 -18"><span class='ocrx_word' id='word_1_467' title='bbox 1602 2991 1888 3035; x_wconf 89' lang='lat' dir='ltr'><strong>nascuntur</strong></span> <span class='ocrx_word' id='word_1_468' title='bbox 1929 2995 2021 3036; x_wconf 86' lang='lat' dir='ltr'><strong>ant</strong></span> <span class='ocrx_word' id='word_1_469' title='bbox 2060 2985 2217 3049; x_wconf 85' lang='lat' dir='ltr'><strong>fiunt,</strong></span> <span class='ocrx_word' id='word_1_470' title='bbox 2254 2992 2670 3051; x_wconf 85' lang='lat' dir='ltr'><strong>opponerentur,</strong></span> 
     </span>
     <span class='ocr_line' id='line_1_86' title="bbox 1601 3057 2674 3128; baseline 0.002 -18"><span class='ocrx_word' id='word_1_471' title='bbox 1601 3075 1731 3128; x_wconf 75' lang='lat' dir='ltr'><strong>quos</strong></span> <span class='ocrx_word' id='word_1_472' title='bbox 1764 3061 1885 3111; x_wconf 86' lang='lat' dir='ltr'><strong>ideo</strong></span> <span class='ocrx_word' id='word_1_473' title='bbox 1909 3060 2087 3112; x_wconf 72' lang='lat' dir='ltr'><strong>Graeci</strong></span> <span class='ocrx_word' id='word_1_474' title='bbox 2122 3062 2312 3127; x_wconf 71' lang='grc' dir='ltr'><strong><em>ἀγρίους</em></strong></span> <span class='ocrx_word' id='word_1_475' title='bbox 2332 3063 2416 3114; x_wconf 73' lang='grc' dir='ltr'><strong>καὶ</strong></span> <span class='ocrx_word' id='word_1_476' title='bbox 2437 3057 2674 3125; x_wconf 70' lang='grc' dir='ltr'><strong><em>σκληροὺς</em></strong></span> 
     </span>
     <span class='ocr_line' id='line_1_87' title="bbox 1601 3136 2673 3206; baseline -0.003 -19"><span class='ocrx_word' id='word_1_477' title='bbox 1601 3139 1888 3202; x_wconf 88' lang='lat' dir='ltr'><strong>appellant.</strong></span> <span class='ocrx_word' id='word_1_478' title='bbox 1977 3139 2068 3188; x_wconf 51' lang='lat' dir='ltr'><strong>Et*</strong></span> <span class='ocrx_word' id='word_1_479' title='bbox 2102 3139 2368 3203; x_wconf 85' lang='lat' dir='ltr'><strong>profecto·</strong></span> <span class='ocrx_word' id='word_1_480' title='bbox 2398 3136 2673 3206; x_wconf 76' lang='lat' dir='ltr'><strong>plebecula</strong></span> 
     </span>
     <span class='ocr_line' id='line_1_88' title="bbox 1600 3214 2671 3283; baseline -0.004 -19"><span class='ocrx_word' id='word_1_481' title='bbox 1600 3229 1743 3279; x_wconf 78' lang='lat' dir='ltr'><strong>saepe</strong></span> <span class='ocrx_word' id='word_1_482' title='bbox 1782 3215 1834 3264; x_wconf 89' lang='lat' dir='ltr'><strong>in</strong></span> <span class='ocrx_word' id='word_1_483' title='bbox 1872 3214 2090 3266; x_wconf 85' lang='lat' dir='ltr'><strong>urbibus</strong></span> <span class='ocrx_word' id='word_1_484' title='bbox 2129 3231 2326 3281; x_wconf 84' lang='lat' dir='ltr'><strong>procax</strong></span> <span class='ocrx_word' id='word_1_485' title='bbox 2359 3217 2535 3283; x_wconf 85' lang='lat' dir='ltr'><strong>potius</strong></span> <span class='ocrx_word' id='word_1_486' title='bbox 2589 3216 2671 3261; x_wconf 83' lang='lat' dir='ltr'><strong>est</strong></span> 
     </span>
     <span class='ocr_line' id='line_1_89' title="bbox 1598 3288 2671 3356; baseline -0.003 -17"><span class='ocrx_word' id='word_1_487' title='bbox 1598 3306 1751 3356; x_wconf 87' lang='lat' dir='ltr'><strong>quam</strong></span> <span class='ocrx_word' id='word_1_488' title='bbox 1795 3291 2011 3356; x_wconf 87' lang='lat' dir='ltr'><strong>urbana,</strong></span> <span class='ocrx_word' id='word_1_489' title='bbox 2058 3307 2157 3343; x_wconf 91' lang='lat' dir='ltr'><strong>nec</strong></span> <span class='ocrx_word' id='word_1_490' title='bbox 2201 3294 2524 3345; x_wconf 86' lang='lat' dir='ltr'><strong>humanitate</strong></span> <span class='ocrx_word' id='word_1_491' title='bbox 2558 3288 2671 3348; x_wconf 89' lang='lat' dir='ltr'><strong>illa,</strong></span> 
     </span>
     <span class='ocr_line' id='line_1_90' title="bbox 1599 3366 2673 3435; baseline 0.008 -20"><span class='ocrx_word' id='word_1_492' title='bbox 1599 3381 1714 3431; x_wconf 80' lang='lat' dir='ltr'><strong>quae</strong></span> <span class='ocrx_word' id='word_1_493' title='bbox 1737 3367 1994 3417; x_wconf 86' lang='lat' dir='ltr'><strong>bominum</strong></span> <span class='ocrx_word' id='word_1_494' title='bbox 2021 3368 2316 3431; x_wconf 87' lang='lat' dir='ltr'><strong>politiorum</strong></span> <span class='ocrx_word' id='word_1_495' title='bbox 2335 3366 2548 3435; x_wconf 90' lang='lat' dir='ltr'><strong>propria</strong></span> <span class='ocrx_word' id='word_1_496' title='bbox 2568 3368 2673 3423; x_wconf 66' lang='lat' dir='ltr'><strong>est,</strong></span> 
     </span>
     <span class='ocr_line' id='line_1_91' title="bbox 1595 3443 2456 3497; baseline 0.003 -3"><span class='ocrx_word' id='word_1_497' title='bbox 1595 3443 1779 3494; x_wconf 86' lang='lat' dir='ltr'><strong>tincta.</strong></span> <span class='ocrx_word' id='word_1_498' title='bbox 1850 3444 2049 3497; x_wconf 82' lang='lat' dir='ltr'><strong>Herald.</strong></span> <span class='ocrx_word' id='word_1_499' title='bbox 2453 3491 2456 3496; x_wconf 90' lang='lat'>.</span> 
     </span>
    </p>

    <p class='ocr_par' dir='ltr' id='par_1_16' title="bbox 1594 3521 2686 4368">
     <span class='ocr_line' id='line_1_92' title="bbox 1661 3521 2669 3588; baseline -0.001 -18"><span class='ocrx_word' id='word_1_500' title='bbox 1661 3524 1694 3570; x_wconf 80' lang='lat'><em>2</em></span> <span class='ocrx_word' id='word_1_501' title='bbox 1718 3521 1875 3571; x_wconf 74' lang='lat' dir='ltr'><strong>Ver-aa</strong></span> <span class='ocrx_word' id='word_1_502' title='bbox 1889 3521 1962 3585; x_wconf 83' lang='lat' dir='ltr'><strong>es]</strong></span> <span class='ocrx_word' id='word_1_503' title='bbox 1981 3523 2173 3573; x_wconf 88' lang='lat' dir='ltr'><strong>Scurra</strong></span> <span class='ocrx_word' id='word_1_504' title='bbox 2185 3523 2460 3588; x_wconf 87' lang='lat' dir='ltr'><strong>impudens</strong></span> <span class='ocrx_word' id='word_1_505' title='bbox 2476 3525 2533 3570; x_wconf 89' lang='lat' dir='ltr'><strong>et</strong></span> <span class='ocrx_word' id='word_1_506' title='bbox 2550 3529 2669 3581; x_wconf 81' lang='lat' dir='ltr'><strong>pro·</strong></span> 
     </span>
     <span class='ocr_line' id='line_1_93' title="bbox 1596 3596 2671 3666; baseline -0.005 -19"><span class='ocrx_word' id='word_1_507' title='bbox 1596 3612 1730 3659; x_wconf 84' lang='lat' dir='ltr'><strong>cax;</strong></span> <span class='ocrx_word' id='word_1_508' title='bbox 1767 3613 1939 3649; x_wconf 83' lang='lat' dir='ltr'><strong>vernae</strong></span> <span class='ocrx_word' id='word_1_509' title='bbox 1964 3607 2138 3650; x_wconf 87' lang='lat' dir='ltr'><strong>autem</strong></span> <span class='ocrx_word' id='word_1_510' title='bbox 2175 3600 2265 3666; x_wconf 87' lang='lat' dir='ltr'><strong>qui</strong></span> <span class='ocrx_word' id='word_1_511' title='bbox 2302 3602 2356 3650; x_wconf 90' lang='lat' dir='ltr'><strong>in</strong></span> <span class='ocrx_word' id='word_1_512' title='bbox 2377 3596 2532 3649; x_wconf 26' lang='lat' dir='ltr'><strong>vinis,</strong></span> <span class='ocrx_word' id='word_1_513' title='bbox 2548 3603 2671 3642; x_wconf 77' lang='lat' dir='ltr'><strong>vere</strong></span> 
     </span>
     <span class='ocr_line' id='line_1_94' title="bbox 1596 3667 2686 3739; baseline 0 -14"><span class='ocrx_word' id='word_1_514' title='bbox 1596 3678 1729 3739; x_wconf 89' lang='lat' dir='ltr'><strong>nati,</strong></span> <span class='ocrx_word' id='word_1_515' title='bbox 1746 3680 1846 3726; x_wconf 69' lang='grc' dir='ltr'><strong>ὅτε.</strong></span> <span class='ocrx_word' id='word_1_516' title='bbox 1870 3678 2071 3730; x_wconf 82' lang='lat' dir='ltr'><strong>Festus.</strong></span> <span class='ocrx_word' id='word_1_517' title='bbox 2110 3679 2290 3729; x_wconf 87' lang='lat' dir='ltr'><strong>horum</strong></span> <span class='ocrx_word' id='word_1_518' title='bbox 2312 3690 2438 3729; x_wconf 85' lang='lat' dir='ltr'><strong>vero</strong></span> <span class='ocrx_word' id='word_1_519' title='bbox 2462 3667 2686 3737; x_wconf 67' lang='lat' dir='ltr'><strong>propria</strong></span> 
     </span>
     <span class='ocr_line' id='line_1_95' title="bbox 1597 3745 2672 3816; baseline -0.011 -13"><span class='ocrx_word' id='word_1_520' title='bbox 1597 3753 1871 3816; x_wconf 86' lang='lat' dir='ltr'><strong>dicacitas,</strong></span> <span class='ocrx_word' id='word_1_521' title='bbox 1889 3755 2092 3805; x_wconf 83' lang='lat' dir='ltr'><strong>servilis</strong></span> <span class='ocrx_word' id='word_1_522' title='bbox 2128 3755 2410 3806; x_wconf 86' lang='lat' dir='ltr'><strong>assentatio</strong></span> <span class='ocrx_word' id='word_1_523' title='bbox 2434 3756 2492 3800; x_wconf 87' lang='lat' dir='ltr'><strong>et</strong></span> <span class='ocrx_word' id='word_1_524' title='bbox 2512 3745 2672 3798; x_wconf 85' lang='lat' dir='ltr'><strong>male·</strong></span> 
     </span>
     <span class='ocr_line' id='line_1_96' title="bbox 1597 3821 2669 3893; baseline -0.003 -14"><span class='ocrx_word' id='word_1_525' title='bbox 1597 3829 1828 3879; x_wconf 83' lang='lat' dir='ltr'><strong>dicentia</strong></span> <span class='ocrx_word' id='word_1_526' title='bbox 1848 3830 2013 3893; x_wconf 82' lang='lat' dir='ltr'><strong>epigr.</strong></span> <span class='ocrx_word' id='word_1_527' title='bbox 2037 3831 2143 3882; x_wconf 80' lang='grc'><strong>3.1.</strong></span> <span class='ocrx_word' id='word_1_528' title='bbox 2166 3835 2249 3882; x_wconf 87' lang='grc'><strong>10.</strong></span> <span class='ocrx_word' id='word_1_529' title='bbox 2270 3843 2409 3882; x_wconf 85' lang='lat' dir='ltr'><strong>vers.</strong></span> <span class='ocrx_word' id='word_1_530' title='bbox 2435 3830 2482 3876; x_wconf 91' lang='lat'><strong>1.</strong></span> <span class='ocrx_word' id='word_1_531' title='bbox 2511 3821 2669 3871; x_wconf 46' lang='lat'>‘0¹¹⁰-</span> 
     </span>
     <span class='ocr_line' id='line_1_97' title="bbox 1596 3899 2672 3971; baseline -0.009 -15"><span class='ocrx_word' id='word_1_532' title='bbox 1596 3908 1814 3958; x_wconf 87' lang='lat' dir='ltr'><strong>rundam</strong></span> <span class='ocrx_word' id='word_1_533' title='bbox 1849 3911 2180 3969; x_wconf 71' lang='grc' dir='ltr'><strong><em>γελωτοποιῶν</em></strong></span> <span class='ocrx_word' id='word_1_534' title='bbox 2202 3907 2315 3971; x_wconf 85' lang='lat' dir='ltr'><strong>joci</strong></span> <span class='ocrx_word' id='word_1_535' title='bbox 2348 3899 2672 3956; x_wconf 61' lang='lat' dir='ltr'><strong>eraucinno-</strong></span> 
     </span>
     <span class='ocr_line' id='line_1_98' title="bbox 1597 3975 2668 4048; baseline -0.002 -15"><span class='ocrx_word' id='word_1_536' title='bbox 1597 3991 1803 4046; x_wconf 82' lang='lat' dir='ltr'><strong>centes3</strong></span> <span class='ocrx_word' id='word_1_537' title='bbox 1854 3985 2073 4034; x_wconf 88' lang='lat' dir='ltr'><strong>aliorum</strong></span> <span class='ocrx_word' id='word_1_538' title='bbox 2110 3993 2296 4036; x_wconf 87' lang='lat' dir='ltr'><strong>contra</strong></span> <span class='ocrx_word' id='word_1_539' title='bbox 2339 3975 2668 4048; x_wconf 72' lang='lat' dir='ltr'><strong>procaci⁰r⁰⁸</strong></span> 
     </span>
     <span class='ocr_line' id='line_1_99' title="bbox 1596 4060 2667 4127; baseline -0.009 -16"><span class='ocrx_word' id='word_1_540' title='bbox 1596 4067 1654 4112; x_wconf 91' lang='lat' dir='ltr'><strong>et</strong></span> <span class='ocrx_word' id='word_1_541' title='bbox 1695 4062 2096 4126; x_wconf 90' lang='lat' dir='ltr'><strong>petulantiores,</strong></span> <span class='ocrx_word' id='word_1_542' title='bbox 2149 4063 2329 4127; x_wconf 87' lang='lat' dir='ltr'><strong>quales</strong></span> <span class='ocrx_word' id='word_1_543' title='bbox 2373 4060 2667 4107; x_wconf 82' lang='lat' dir='ltr'><strong>vernarum,</strong></span> 
     </span>
     <span class='ocr_line' id='line_1_100' title="bbox 1596 4128 2669 4204; baseline -0.001 -16"><span class='ocrx_word' id='word_1_544' title='bbox 1596 4152 1813 4204; x_wconf 88' lang='lat' dir='ltr'><strong>quorum</strong></span> <span class='ocrx_word' id='word_1_545' title='bbox 1836 4138 2117 4190; x_wconf 87' lang='lat' dir='ltr'><strong>dicacitate</strong></span> <span class='ocrx_word' id='word_1_546' title='bbox 2151 4134 2565 4190; x_wconf 70' lang='lat' dir='ltr'><strong>delectabantur,</strong></span> <span class='ocrx_word' id='word_1_547' title='bbox 2590 4128 2669 4170; x_wconf 62' lang='lat'><strong>⁸²·</strong></span> 
     </span>
     <span class='ocr_line' id='line_1_101' title="bbox 1596 4205 2666 4281; baseline -0.007 -16"><span class='ocrx_word' id='word_1_548' title='bbox 1596 4230 1699 4280; x_wconf 82' lang='lat' dir='ltr'><strong>que</strong></span> <span class='ocrx_word' id='word_1_549' title='bbox 1721 4230 1813 4265; x_wconf 90' lang='lat' dir='ltr'><strong>eos</strong></span> <span class='ocrx_word' id='word_1_550' title='bbox 1842 4218 1858 4246; x_wconf 87' lang='lat'>‘</span> <span class='ocrx_word' id='word_1_551' title='bbox 1880 4215 2087 4281; x_wconf 86' lang='lat' dir='ltr'><strong>quidam</strong></span> <span class='ocrx_word' id='word_1_552' title='bbox 2108 4218 2160 4266; x_wconf 90' lang='lat' dir='ltr'><strong>in</strong></span> <span class='ocrx_word' id='word_1_553' title='bbox 2183 4216 2281 4266; x_wconf 86' lang='lat' dir='ltr'><strong>hoc</strong></span> <span class='ocrx_word' id='word_1_554' title='bbox 2301 4205 2666 4264; x_wconf 63' lang='lat' dir='ltr'><strong>mercabflutur</strong></span> 
     </span>
     <span class='ocr_line' id='line_1_102' title="bbox 1594 4286 2663 4368; baseline -0.017 -25"><span class='ocrx_word' id='word_1_555' title='bbox 1594 4303 2116 4368; x_wconf 84' lang='lat' dir='ltr'><strong>procaces‚eteorum</strong></span> <span class='ocrx_word' id='word_1_556' title='bbox 2124 4287 2496 4359; x_wconf 75' lang='lat' dir='ltr'><strong>impudentiam</strong></span> <span class='ocrx_word' id='word_1_557' title='bbox 2514 4286 2663 4328; x_wconf 86' lang='lat' dir='ltr'><strong>acue·</strong></span> 
     </span>
    </p>
   </div>
  </div>
 </body>
</html>
