2985 4937
447 404 619 471 1114

1139 419 1355 469 NOTAE
1404 407 1811 466 VARloRUM
1861 418 1936 466 IN

508 566 540 612 7
566 563 735 627 Beati]
769 562 1001 627 Fertilis,
1031 563 1115 613 vel
1137 562 1516 627 Metonymice,
1588 572 1688 628 que
1718 570 1842 612 voto
1874 565 1991 622 est3
2042 558 2223 611 malles
2272 560 2411 611 enim
2445 560 2656 611 minime

441 641 578 706 quod
602 641 863 695 dominum
884 642 1092 691 beatum
1115 640 1317 690 reddat.

508 722 540 766 8
572 717 703 767 Ante
711 717 895 779 focum,
924 717 1032 782 qe]
1085 719 1353 767 Evacuare
1385 724 1509 765 ante

441 791 615 855 speum
648 806 821 842 casses
842 800 898 842 et
922 792 1276 857 retia‘praedis
1305 804 1510 842 onusta.

505 872 539 918 9
574 870 643 918 Ει
656 869 837 933 piscem
860 868 1084 933 tremula]
1127 870 1198 918 Et
1219 868 1300 919 cui
1319 868 1511 933 piscari

438 944 565 995 licet
608 946 662 995 in
704 960 797 995 suo
839 948 1062 1010 alveolo,
1106 947 1322 996 tremula
1376 953 1509 1007 seta,

416 1012 693 1071 'antudine
725 1036 818 1073 seu
851 1023 1019 1088 virga,
1055 1038 1088 1072 a
1109 1037 1214 1088 qua
1248 1030 1508 1073 tremente

442 1097 643 1163 pendet
658 1105 792 1148 seta.

502 1179 567 1225 10
601 1175 764 1225 Rubro
797 1175 981 1239 cada]
1003 1176 1108 1226 Seu
1152 1157 1306 1226 rubra
1348 1182 1507 1226 testa.

433 1251 523 1301 Sic
546 1251 734 1302 Horat.
782 1250 929 1302 ‘Aut
968 1267 1150 1317 pressa
1188 1252 1331 1318 puris
1350 1253 1510 1302 mella

434 1329 619 1401 condit
639 1329 935 1395 amphoris!

501 1411 560 1456 11
582 1407 865 1472 Inoequales,
884 1407 993 1472 qe]
1026 1410 1042 1438 ‘
1057 1409 1257 1460 Mensae
1275 1409 1365 1459 sed
1389 1414 1504 1458 erat

434 1496 530 1547 pes
551 1483 738 1533 tertius
761 1483 948 1548 impar,
958 1483 1122 1536 Testa
1139 1501 1318 1550 parem
1338 1485 1529 1546 fecit.’,

435 1558 657 1609 Ovidius
677 1559 814 1610 Met.
837 1563 888 1610 8.
910 1561 988 1611 sic
1009 1562 1175 1626 epigr.
1189 1561 1270 1612 41.
1293 1562 1330 1612 l.
1353 1567 1405 1612 2.

432 1640 435 1647 f
500 1641 563 1687 12
596 1638 667 1686 Et
694 1650 892 1686 ειιιιιιοιι
908 1637 1114 1701 emptus]
1157 1639 1228 1687 Et
1249 1634 1333 1687 cui
1355 1637 1502 1688 focus

430 1712 695 1763 ministrat
716 1714 897 1777 epulas
935 1713 1230 1778 inemptam
1266 1714 1345 1764 sic
1366 1716 1504 1764 enim

431 1791 589 1854 malo,
617 1805 773 1855 quam
794 1805 889 1840 non
907 1795 1112 1855 emptum
1128 1791 1350 1855 cinerem,
1365 1792 1506 1855 ligna

430 1868 774 1933 interpretari
812 1882 915 1918 non
945 1879 1141 1933 empta.
1206 1870 1290 1919 Sic
1315 1869 1503 1920 Horat.

430 1946 447 1975 ‘
471 1945 636 2010 dapes
659 1947 918 2010 inemptas
957 1944 1216 2010 apparet?
1267 1947 1538 1996 Raderus.

427 2023 823 2086 Memmium.-
847 2032 1067 2086 namque
1080 2024 1097 2050 ‘
1112 2023 1163 2072 in
1176 2023 1341 2087 ipsum
1359 2024 1506 2087 sylva

429 2097 701 2149 descendit
718 2097 929 2159 focum,’
953 2113 1112 2163 supra
1133 2100 1300 2164 epigr.
1321 2104 1403 2149 50.

492 2179 556 2226 1³
593 2177 704 2225 Nan
736 2180 884 2239 amet,
912 2175 1020 2240 ξω]
1069 2178 1348 2227 Conclusio
1373 2177 1503 2228 voti.

426 2252 605 2302 Vitam
660 2253 795 2302 hanc
853 2253 1086 2318 quietam
1140 2262 1195 2304 et
1244 2255 1502 2319 privatam

425 2328 598 2380 oderit
614 2330 680 2390 is,
703 2329 791 2394 qui
813 2344 896 2379 me
919 2330 1057 2381 odit:
1095 2331 1221 2381 nihil
1245 2332 1381 2381 enim
1408 2333 1501 2383 de-

427 2405 592 2455 terius
637 2407 713 2456 illi
747 2406 1027 2471 imprecari
1069 2423 1298 2473 possum,
1342 2414 1499 2476 quani

426 2497 576 2533 curas
620 2491 864 2548 aeternas‚
914 2486 1139 2550 vigilias,
1177 2488 1499 2552 inimicitias,

425 2560 628 2660 turbas,
648 2562 832 2627 quibus
869 2562 1070 2613 urbana
1103 2565 1214 2615 vita
1235 2567 1499 2616 cumulata

425 2642 526 2687 eet.

489 2717 550 2763 14
586 2715 755 2779 Albus,
778 2716 889 2780 ξω]
942 2673 1196 2769 Nonnulli
1220 2728 1496 2784 exponunt

420 2789 712 2855 ‘pallidus,'
735 2796 916 2843 anxius
937 2795 1142 2847 scilicet
1158 2804 1211 2845 et
1230 2797 1489 2847 solicitus.

424 2867 532 2929 alii,
570 2868 858 2931 ‘'pulcher,
882 2883 984 2920 non
1012 2869 1241 2921 fuscatus
1281 2874 1495 2923 scilicet

406 2939 531 2992 ‘sole
576 2944 794 2993 rustico.
863 2945 999 2995 Vide
1038 2946 1209 3010 epigr.
1254 2952 1333 2998 12.
1357 2949 1388 2998 Ι.
1411 2954 1492 2999 10.

419 3021 631 3085 Lipsius
653 3028 700 3078 1.
725 3025 898 3075 Elect.
922 3030 1140 3089 cap.13.
1208 3026 1342 3077 Alba
1364 3034 1491 3093 toga

420 3097 635 3149 indutus
673 3100 811 3150 inter
845 3102 1301 3153 anteambulonum
1336 3112 1391 3154 et
1415 3106 1492 3155 ni·

418 3177 922 3227 veorquuiritum
945 3176 1142 3240 officia3
1187 3195 1279 3230 seu
1317 3188 1489 3232 creta-

423 3259 509 3301 tus
543 3258 600 3302 et
633 3252 943 3304 candidatus
966 3255 1019 3303 in
1058 3256 1299 3307 comitiis.
1368 3258 1490 3311 Quo

419 3331 656 3395 respexit
710 3332 1003 3396 Juvenalis,
1053 3336 1069 3362 ‘
1090 3334 1371 3401 niveosque
1424 3338 1489 3388 ad

415 3405 567 3458 frena
606 3407 874 3473 Quirites:
908 3410 1004 3461 hoc
1025 3418 1125 3475 est,
1162 3413 1214 3461 iu
1252 3413 1488 3466 candidis

418 3486 553 3549 togis
577 3484 800 3536 officium
821 3486 1163 3552 facientes,ut
1184 3492 1353 3543 Vetus
1375 3494 1488 3557 ejus

418 3562 682 3626 interpres
705 3562 803 3613 hoe
828 3565 901 3612 sic
926 3566 1164 3629 exponit.

483 3640 645 3689 Eme.
679 3653 813 3691 nvn.
856 3642 938 3692 Ad
963 3642 1253 3706 Cauponem]
1319 3643 1489 3711 Argu-

413 3715 617 3766 tissima
636 3717 837 3779 argutia
879 3716 930 3767 in
964 3719 1292 3784 Cauponem,
1323 3725 1488 3788 cnjus,

413 3794 508 3858 ait,
532 3801 733 3844 tantam
755 3809 866 3844 esse
892 3795 1300 3859 improbitatem,
1321 3810 1378 3849 ut
1405 3816 1489 3850 vo-

416 3871 530 3920 lens
564 3872 722 3920 etiam
765 3886 868 3920 non
927 3873 1092 3935 possit
1136 3888 1252 3923 esse
1306 3876 1489 3928 bonust.

414 3950 551 3999 Nam
591 3950 709 3999 boni
742 3951 837 3999 viri
864 3950 1076 4013 tingunt
1111 3967 1245 4017 aqua
1265 3969 1488 4018 merum,

417 4025 577 4088 tingit
609 4033 665 4075 et
689 4025 892 4090 caupo,
878 4044 892 4055 ·
928 4028 1004 4075 illi
1028 4042 1093 4077 ne
1113 4038 1357 4094 noceant,
1391 4034 1488 4083 iste

415 4110 625 4152 tantum
645 4110 704 4152 ut
725 4104 821 4152 sibi
848 4104 1032 4167 prosit.

477 4183 509 4228 2
550 4180 618 4227 Ut
639 4182 822 4243 cupias,
859 4179 967 4242 εἷα]
1003 4182 1252 4233 Quamvis
1288 4187 1487 4256 cupias,

411 4255 546 4321 quod
585 4262 758 4305 tamen
784 4254 878 4304 tibi
901 4270 1071 4322 neque
1094 4272 1190 4322 pro
1212 4275 1375 4327 more,
1400 4280 1486 4317 ne-

1585 650 1699 688 esse
1736 653 1999 703 aquosum,
2046 646 2106 688 ιιι
2152 639 2206 688 in
2253 639 2455 688 lucrum
2488 645 2657 700 tunm,

1579 731 1739 782 aquae
1761 720 1876 782 plus
1907 717 2044 767 ferre
2083 723 2295 783 posset·
2337 718 2460 768 vide
2484 719 2656 782 epigr.

1585 799 1714 845 100.
1736 796 1769 845 l.
1791 799 1840 847 9.
1876 795 2015 845 unde
2046 794 2176 846 fides
2215 800 2322 847 vet.
2354 794 2569 845 lectioni
2601 800 2659 872 ιιι

1585 885 1797 935 cuperes.
1942 886 1959 901 “

1648 947 1813 997 Erro.
1846 959 2002 997 mn·
2018 951 2107 998 4.
2141 948 2280 1005 Quod
2315 912 2517 1009 cruciat,
2545 944 2656 1009 ξω]

1584 1020 1842 1072 Difficilis
1839 1025 1978 1073 enim
2001 1025 2270 1074 morositas
2293 1025 2431 1088 parit
2452 1023 2653 1074 odium.

1588 1098 1726 1154 Quod
1755 1098 1928 1163 satiat]
1974 1099 2165 1160 Facilis
2203 1100 2361 1169 copia
2380 1107 2655 1163 contemp

1582 1181 1693 1225 tum
1716 1177 1871 1240 parit.
2655 1195 2665 1204 ·

1627 1254 1807 1302 Eme.
1840 1267 1960 1304 ux.
2015 1260 2059 1305 1
2079 1253 2264 1318 Miltia,
2285 1253 2391 1317 aaa]
2437 1256 2656 1303 100000.

1582 1328 1655 1378 H.
1689 1329 1740 1378 S.
1781 1336 1975 1380 nostrae
2018 1329 2080 1396 (i.
2116 1343 2164 1379 e.
2204 1327 2409 1394 A.ugl)
2424 1324 2652 1378 monetae

1579 1408 1751 1458 ⁷81.l.
1775 1412 1825 1457 1.
1859 1423 1928 1458 ss·
1995 1409 2179 1470 Margo
2212 1404 2452 1471 poposcit]
2501 1405 2657 1454 Man·

1579 1496 1739 1546 genes
1773 1483 1919 1547 prius
1955 1481 2229 1547 κυνοτρόφοι
2272 1482 2348 1533 et'
2372 1480 2654 1542 ἱποκόμοιι

1578 1566 1767 1625 postea
1788 1560 1992 1624 longius
2016 1565 2264 1623 tractum,
2283 1565 2342 1609 et
2370 1573 2654 1624 puerorum

1578 1636 1773 1688 altores
1808 1645 1864 1688 et
1886 1636 2518 1702 negotiatores'dicti,qni
2551 1633 2656 1685 for·

1577 1730 1744 1772 mesos
1762 1722 1951 1780 pueros
1967 1714 2298 1777 exsecabant,
2316 1711 2657 1778 frangebant·

1575 1795 1748 1860 quein
1771 1795 2051 1844 Venerem.
2587 1790 2592 1795 ’

1640 1876 1673 1922 2
1709 1872 1928 1935 Phoebus,
1946 1870 2051 1936 ξω]
2082 1872 2341 1921 Draucus.

1641 1953 1672 1998 3
1707 1949 1818 1998 Hoc
1837 1947 2097 2013 tlalamo]
2131 1947 2282 2000 Quod
2307 1953 2512 1998 tantum
2535 1959 2654 2011 pre

1577 2025 1713 2075 cium
1731 2026 1843 2088 ipse
1867 2026 1994 2076 dare
2016 2040 2120 2074 non
2143 2039 2365 2090 possum.

1640 2107 1673 2152 4
1706 2103 2048 2166 Laudaturque
2090 2116 2263 2164 meam,
2293 2103 2407 2167 ξω]
2472 2102 2654 2167 Usque
2717 2114 2719 2123 *

1577 2178 1709 2228 adeo
1733 2187 1792 2229 ut
1815 2194 1913 2245 ego
1935 2179 2314 2230 illiinvideam.

1639 2261 1669 2304 5
1706 2255 1828 2318 Sed]
1878 2256 1982 2305 Sed
2019 2256 2093 2305 illi
2129 2255 2469 2307 deunciarius
2489 2261 2659 2319 muto,

1575 2333 1717 2395 turpi
1741 2333 1794 2381 in
1819 2333 2006 2382 vetulis
2031 2333 2199 2382 viduis
2232 2339 2289 2382 et
2313 2333 2540 2397 pathicis
2562 2333 2655 2382 mi·

1575 2411 1809 2476 nisterio,
1845 2411 2077 2461 lucratus
2100 2418 2181 2461 est
2217 2411 2298 2461 bis
2340 2413 2519 2462 decies
2546 2426 2651 2461 ses-

1573 2487 1804 2547 tertium,
1847 2496 2041 2538 nostrae
2083 2494 2332 2553 monetae,
2387 2490 2421 2540 1.
2460 2494 2620 2540 15625

1570 2564 1670 2614 hoc
1694 2571 1771 2627 tu,
1794 2566 2002 2630 pusille,
2020 2566 2150 2615 mihi·
2164 2565 2330 2617 facito
2353 2572 2409 2617 et
2428 2579 2649 2631 puerum

1572 2643 1734 2707 pluris
1756 2657 1942 2695 emam.
2008 2643 2358 2707 Sestertiolum,
2394 2644 2503 2707 ξω]
2551 2643 2649 2693 Di-

1572 2719 1902 2781 minutivum,
1956 2732 2053 2782 pro
2095 2719 2417 2779 sestertium,
2466 2731 2653 2784 synco-

1570 2802 1697 2859 pate
1720 2805 1818 2860 pro
1841 2796 2227 2857 sestertiorum,
2248 2795 2387 2858 quod
2405 2808 2524 2845 cum
2543 2792 2653 2843 Ad-

1570 2872 1753 2921 verbio
1796 2871 2051 2923 numerali
2109 2870 2363 2935 positum,
2405 2869 2649 2935 designat

1573 2950 1789 2999 totidem
1813 2956 2038 3000 centena
2057 2948 2239 2997 millia.

1634 3028 1801 3078 EmG.
1833 3039 1923 3076 ιε.
1989 3029 2014 3075 1
2054 3023 2269 3086 Baiana,
2310 3022 2421 3087 qa]
2461 3020 2648 3073 Poeta

1570 3105 1817 3155 Flaccum
1850 3108 1968 3152 erat
2005 3101 2291 3156 comitatus
2325 3100 2504 3164 Bajas,
2549 3112 2646 3163 spe

1568 3195 1673 3230 nou
1730 3193 1908 3244 parvae
1962 3177 2190 3240 alicujus
2262 3184 2320 3227 et
2388 3174 2647 3241 quotidia-

1566 3271 1649 3306 nae
1695 3255 1964 3319 sportulae.
2057 3252 2245 3317 Itaque
2297 3257 2518 3316 peracta
2566 3248 2642 3298 ibi

1566 3332 1785 3395 lotione,
1808 3345 1925 3381 cum
1949 3329 2257 3393 sportellam
2281 3328 2535 3377 minutam
2556 3339 2641 3374 nc·

1569 3409 1822 3474 cepisset,
1891 3406 2312 3457 frustrationem*
2351 3406 2500 3470 illam,
2564 3402 2640 3451 ul·

1566 3487 1692 3537 cisci
1728 3484 1896 3536 voluit
1932 3484 2032 3534 hoc
2064 3484 2461 3547 epigrammate,
2492 3492 2619 3545 quas

1566 3563 1729 3625 dicat,
1796 3561 1938 3625 stis
1994 3560 2225 3625 quidem,
2279 3560 2368 3614 ubi
2424 3558 2638 3622 optimae

1566 3647 1719 3690 erant
1758 3654 1927 3703 aquae,
1969 3637 2108 3697 lavi3
2142 3636 2234 3686 sed
2281 3635 2506 3699 pessime
2540 3647 2644 3692 caez

1566 3719 1704 3767 navi.
1795 3717 1993 3779 Bajana
2026 3714 2147 3763 milti
2189 3716 2473 3777 quadrantes
2510 3725 2640 3774 spor-

1567 3795 1692 3858 tula]
1729 3795 1980 3858 Sportula
2022 3792 2166 3853 mihi,
2205 3791 2342 3855 quod
2367 3803 2467 3839 uua
2499 3788 2637 3837 lava·

1568 3872 1863 3935 rem,=data
1904 3886 1936 3919 a
1987 3868 2273 3933 potentiori
2307 3866 2474 3917 amico
2518 3875 2639 3928 quo·

1567 3964 1686 3999 cum
1720 3945 2124 3998 secesseram‘in
2167 3944 2341 4008 Bajas.
2386 3940 2547 4004 epigr.
2590 3940 2645 3985 7.

1566 4026 1600 4075 l.
1625 4030 1674 4074 3.
1697 4038 1834 4074 vers.
1855 4027 1903 4074 3.
1954 4020 2207 4085 Sportula]
2242 4017 2483 4083 Sportula
2507 4027 2633 4075 ergo

1566 4101 1796 4166 proprie,
1817 4099 2048 4149 ciborum
2072 4098 2156 4146 vel
2183 4095 2517 4160 pecuniarum
2551 4104 2630 4139 re·

1566 4178 1919 4243 ceptaculum.
1947 4175 2085 4225 unde
2107 4174 2427 4234 μετωνυμικῶς
2449 4184 2544 4232 pro
2561 4169 2640 4230 ip··

1567 4273 1627 4309 sa
1679 4254 1902 4321 pecunia
1955 4263 2013 4302 et
2060 4252 2178 4301 cibo
2222 4245 2631 4313 frequentissime
