2985 4937
496 374 671 450 1154

495 545 552 591 ta
573 530 666 591 s'eu
702 539 922 591 coeuatio
961 530 1118 588 aurea
1155 548 1310 602 qnam
1336 535 1567 586 Domiti-

491 633 620 669 anus
638 617 891 679 extruxit,
908 625 964 667 et
983 631 1013 665 a
1034 616 1294 680 parvitate
1316 615 1334 643 ⁴
1347 614 1534 663 micam
1549 611 1565 634 ⁹

442 749 449 755 ,
494 696 716 747 vocavit.
1216 700 1227 717 ⁰
1285 700 1289 705 ’

557 776 591 822 2
629 771 847 835 ΤΙωῐιυη]
910 771 1049 825 Quid
1094 770 1164 821 sit
1205 769 1400 832 tholuS,
1443 768 1565 819 vide

493 850 659 914 epigr.
696 853 779 900 71.
821 851 857 900 l.
896 854 943 900 1.
984 863 1116 899 vers.
1153 853 1200 899 8.
1234 849 1349 913 quis
1389 848 1459 897 sit
1480 848 1567 896 hic

493 926 667 976 tholus
697 940 799 975 non
829 924 988 975 facile
1025 925 1149 974 sciri
1174 931 1371 988 potest.

493 1002 710 1052 dubium
751 1007 853 1063 est,
895 1001 1064 1065 inquit
1106 1001 1219 1053 Jos.
1259 1000 1399 1050 Scal.
1439 1000 1474 1049 1.
1515 1003 1566 1049 2.

492 1079 615 1131 lect.
643 1077 834 1129 Auson.
861 1092 910 1131 e.
930 1081 1012 1127 26.
1047 1077 1172 1142 quin
1195 1078 1248 1126 in
1272 1076 1566 1127 coeuatione

495 1169 589 1205 seu
628 1154 860 1205 stibadio
899 1155 1182 1204 Domitiani
1229 1155 1366 1205 Caes.
1411 1169 1565 1219 quam

492 1230 607 1294 ipse
626 1238 846 1295 propter
868 1231 1208 1296 exiguitatem
1235 1231 1442 1281 vocavit
1463 1231 1565 1280 Mi-

489 1321 594 1356 cam
612 1321 823 1370 auream,
836 1321 866 1355 e
888 1307 1030 1356 tholo
1055 1307 1312 1371 penderet
1333 1308 1566 1357 cranium

491 1383 706 1444 mortui,
722 1383 859 1448 quod
878 1385 1059 1434 mortis
1078 1386 1397 1436 admoneret.
1434 1386 1568 1436 Sim—

490 1459 679 1524 plicius
704 1466 897 1521 tamen,
932 1461 1033 1511 etsi
1069 1475 1168 1511 nec
1190 1463 1334 1512 eirca
1354 1464 1566 1528 conjec-

491 1544 680 1598 turam,
724 1536 813 1602 qui
870 1550 964 1600 per
1018 1538 1213 1588 tholum
1266 1540 1567 1603 intelligunt

492 1613 818 1663 Mausoleum
864 1613 1109 1678 Augusti,
1147 1615 1304 1680 quod,
1342 1630 1461 1666 cum
1510 1617 1563 1666 in

492 1693 686 1743 vicinia
708 1700 870 1754 esset,
893 1701 952 1742 ut
967 1702 1219 1744 consonat
1237 1694 1357 1744 hnic
1380 1693 1564 1744 fidem-

492 1768 594 1835 que
615 1768 743 1819 facit
766 1770 932 1833 epigr.
955 1774 1037 1820 64.
1055 1771 1090 1820 l.
1112 1776 1159 1821 5.
1182 1778 1358 1833 posset
1379 1772 1562 1822 mortis

492 1847 788 1909 admonere,
825 1853 983 1910 atque
1021 1846 1086 1896 ad
1111 1848 1233 1897 vitas
1258 1862 1402 1897 asum
1424 1846 1561 1899 sruc-

491 1935 599 1972 tum
618 1922 831 1974 hortari.
896 1923 1213 1974 Ramiresius
1236 1929 1359 1975 v'ero
1378 1926 1562 1976 existi-

490 2008 618 2063 mat,
653 2002 841 2051 micam
874 2002 1006 2052 hauc
1032 2004 1108 2053 ita
1137 2002 1296 2056 fuisse
1330 2005 1560 2055 exoedifi·

485 2086 661 2128 eatam
686 2084 745 2127 ut
768 2093 832 2126 ex
854 2079 970 2141 ipso
995 2079 1223 2129 triclinio
1241 2082 1562 2145 prospicere·

491 2162 578 2203 tur
595 2154 776 2219 aliquis
795 2156 963 2203 tholus
980 2155 1210 2219 aedificii,
1225 2158 1366 2222 quod
1387 2160 1562 2224 sepul·

491 2231 671 2280 citrum
697 2231 913 2297 alicujus
937 2234 1197 2296 proeteriti
1219 2234 1561 2299 Imperatoris

493 2307 828 2358 contineret:
873 2317 927 2358 et
967 2310 1155 2373 ausim,
1197 2311 1387 2377 inquit,
1425 2312 1563 2363 affir-

490 2398 634 2433 mare
679 2397 795 2434 esse
830 2386 1155 2436 Mausoleum
1193 2389 1267 2436 D.
1309 2387 1563 2454 Augusti3

491 2461 629 2526 quod
668 2463 879 2528 quidem
916 2479 981 2515 ex
1025 2463 1139 2529 ejus
1174 2465 1469 2530 ruderibus,
1507 2476 1564 2518 et

487 2539 644 2589 modo
667 2539 875 2590 aedificii
898 2542 1193 2606 conjectare
1226 2558 1364 2593 nunc
1387 2558 1566 2609 possu-

489 2619 696 2681 mus,in
738 2619 933 2669 tholum
976 2619 1289 2682 desinebat3
1327 2635 1425 2687 quo
1456 2622 1565 2672 viso

489 2694 903 2746 admonebantur
922 2697 1156 2746 convivae
1181 2711 1286 2746 sua»
1309 2697 1484 2760 sortia,
1508 2705 1566 2748 et

486 2778 689 2821 naturae
709 2771 1100 2834 imbecillitatis,
1117 2772 1252 2838 quod
1271 2773 1444 2823 brevis
1463 2774 1565 2824 aevl

489 2857 687 2911 essent,
707 2856 763 2897 et
778 2850 885 2898 cito
903 2849 1158 2899 morituri.
1227 2850 1361 2898 Nam
1386 2850 1430 2899 si
1453 2849 1562 2900 Au·

487 2933 689 2988 gustus,
713 2926 801 2990 qui
826 2926 968 2974 Deus
991 2924 1215 2984 habitus,
1237 2926 1562 2977 condebatur

487 3003 579 3052 illo
619 3003 914 3067 sepulchro,
951 3002 1039 3067 qui
1081 3008 1259 3066 posset
1297 3002 1561 3056 inferioris

487 3082 646 3130 sortis
669 3081 818 3129 homo
832 3095 1111 3145 properam
1128 3094 1229 3129 non
1246 3091 1561 3146 exspectare

484 3156 739 3205 mortem?
773 3156 906 3205 Haec
923 3162 1098 3205 autem
1117 3157 1298 3206 mortis
1316 3161 1564 3211 memoria

487 3231 724 3280 ethnicos
743 3231 861 3280 illos
884 3229 951 3279 ad
970 3229 1089 3280 vitm
1112 3231 1345 3283 lautitias
1363 3236 1563 3287 exeita-

490 3307 600 3356 bat.

551 3390 581 3433 3
621 3385 830 3448 Frange,
863 3376 970 3449 ξω]
1015 3384 1183 3435 Utere
1223 3391 1400 3452 aetate,
1439 3401 1559 3454 quae

486 3461 682 3524 brevis,
704 3462 865 3526 fluxa,
888 3457 1124 3525 incerta3
1158 3465 1398 3515 disturba
1416 3474 1558 3517 toros

487 3542 840 3604 compositos;
878 3542 995 3601 ede,
1029 3542 1174 3605 bibe,
1217 3543 1361 3606 lude,
1401 3546 1556 3594 sertis

484 3625 765 3668 coronatus
801 3625 858 3670 et
893 3626 1102 3670 unctus.
1180 3620 1375 3683 Frange
1405 3621 1557 3685 toros]

485 3694 739 3746 Assiduus
761 3697 1010 3747 accumbe
1033 3705 1089 3745 et
1113 3696 1278 3746 asside
1301 3697 1353 3744 in
1380 3697 1558 3762 thoris,

482 3777 543 3820 nt
565 3786 657 3821 usn
676 3774 861 3822 diurno
877 3780 1232 3837 nocturnoque
1248 3766 1519 3837 frangatur
1537 3790 1552 3824 ε

483 3847 568 3896 vel
605 3847 961 3898 accumbendo
996 3846 1253 3910 disturba,
1287 3854 1348 3897 ut
1384 3850 1554 3900 lectus

481 3926 814 3990 compositus·
836 3926 972 3986 solet
1016 3924 1238 3988 turbari,
1279 3940 1395 3975 eum
1445 3927 1556 3976 itur

483 4002 736 4067 cubitum,
758 4011 848 4053 aut
883 4002 1070 4053 cubitu
1100 4003 1347 4066 surgitur.·
1414 4003 1552 4054 ‘To-

481 4079 597 4128 rus'
622 4093 750 4144 ergo
775 4080 872 4129 hoc
896 4081 1013 4130 loco
1036 4091 1132 4144 pro
1167 4082 1310 4131 lecto
1329 4077 1444 4145 ipso
1464 4094 1551 4131 ca-

480 4157 639 4219 pitur,
660 4157 714 4206 in
737 4171 837 4222 qno
860 4157 1113 4207 caenaturi
1150 4157 1550 4209 accumbebant.

1441 923 1564 972 Non
1611 912 1619 930 ⁸

1208 396 1427 446 ⁸0⁷1·AE
1481 376 1880 444 vAmoRuu
1931 392 2012 444 IN

1638 534 1773 599 cape]
1808 530 2150 598 Coi-ollarum,
2165 534 2347 602 quibas
2362 536 2641 588 utebantur
2657 537 2707 589 in

1640 614 1908 675 conviviis,
1959 615 2157 664 mentio
2212 614 2430 675 crebrag
2496 626 2707 680 quarum

1640 704 1760 740 usus
1782 690 2049 754 praecipue
2083 690 2149 740 ad
2188 693 2465 741 arcendam
2488 693 2709 745 ebrieta-

1642 774 1766 830 tem,
1787 774 1846 816 ut
1867 766 2025 817 docet
2048 766 2318 818 Plutarch.
2343 768 2395 818 in
2419 783 2641 832 sympos·
2657 776 2713 820 et

1640 844 1779 899 Pliu.
1801 844 1835 892 Ι.
1856 848 1936 893 21.
1960 858 2008 895 c.
2034 848 2116 894 19.
2183 844 2340 896 Serta
2361 846 2476 895 haec
2497 843 2656 896 florea
2678 862 2708 897 a

1641 920 1778 970 eollo
1810 920 2000 983 saepius
2046 923 2205 970 etiam
2247 921 2712 986 suspendebantur.

1639 995 1829 1046 Horat.
1863 996 1931 1047 de
1968 998 2274 1060 Polemone,
2308 999 2324 1027 ‘
2345 1006 2501 1062 potus
2536 1005 2596 1048 ut
2625 999 2710 1049 ille

1641 1073 1850 1123 Dicitur
1871 1086 1939 1124 ex
1959 1075 2096 1125 collo
2129 1073 2310 1126 furtim
2337 1075 2612 1140 carpsisse
2632 1088 2713 1127 co-

1640 1150 1824 1201 ronas?
1852 1151 2060 1202 Hei-ald.

1706 1231 1739 1277 4
1781 1228 1847 1278 Te
1868 1228 2156 1293 meminisse]
2205 1228 2552 1281 Musambert.
2586 1230 2714 1293 legit

1639 1306 1961 1356 ammaim
1996 1307 2151 1358 Deus.
2233 1310 2365 1361 Qnae
2408 1308 2570 1358 lectio
2607 1320 2709 1358 nou

1641 1383 1850 1445 probari
1881 1391 2090 1448 potest:
2125 1399 2244 1434 nam
2277 1386 2461 1434 mortis
2490 1399 2709 1436 comme·

1638 1461 1976 1511 morationem
2008 1463 2074 1511 ad
2113 1463 2452 1514 concitandas
2477 1465 2710 1529 volupta-

1641 1543 1741 1600 tes,
1763 1544 1819 1587 et
1840 1540 2014 1588 luxum
2037 1540 2326 1589 acuendum
2350 1542 2609 1592 inservire
2627 1554 2711 1591 vo-

1639 1612 1851 1675 leban13
1887 1618 2087 1664 tantum
2127 1614 2309 1667 aberat
2343 1624 2400 1665 ut
2423 1618 2608 1667 mortis
2622 1615 2708 1681 ju·

1639 1690 1828 1741 berent
1862 1691 2485 1755 dememinisse211erald.
2552 1686 2707 1759 Deus]

1636 1767 1990 1828 Domitianus,
2013 1769 2056 1818 si
2070 1770 2303 1835 suspensi
2323 1774 2488 1822 cranii
2505 1771 2708 1836 exposi-

1636 1843 1766 1893 tioni
1785 1844 1989 1907 faveas5
2007 1847 2091 1895 vel
2104 1845 2444 1911 Augustusssi
2454 1846 2709 1905 Mausolei

1634 1921 1701 1970 D.
1721 1919 1952 1984 Augusti
1989 1923 2188 1972 tholum
2229 1937 2347 1975 esse
2387 1926 2630 1989 placeat:
2663 1924 2707 1974 si

1635 1996 1771 2047 enim
1794 1998 1883 2046 ille
1917 1998 1972 2051 in
1996 1999 2124 2047 vivis
2150 2000 2294 2050 Deus
2314 2001 2522 2052 habitus
2553 2001 2705 2052 morti

1635 2068 1893 2139 cessit,‘tu
1909 2089 2235 2141 nequaquam
2258 2075 2495 2142 effugies.

1701 2152 1860 2201 Eme.
1882 2164 1974 2201 nx.
2011 2157 2038 2202 1
2075 2153 2269 2204 Armati
2289 2154 2498 2218 tribuni]
2519 2155 2706 2207 Mouet

1639 2228 1852 2294 Hyllum
1871 2244 2106 2292 puerum,
2121 2238 2181 2279 nt
2196 2230 2436 2283 discedat
2459 2233 2525 2283 ab
2548 2247 2706 2283 uxore

1637 2310 1823 2360 armati
1844 2311 2084 2375 Tribuni,
2105 2325 2200 2362 nec
2217 2313 2427 2362 natibus
2448 2313 2704 2373 confidam
2738 2305 2744 2311 ’

1641 2398 1760 2434 uam
1801 2389 2040 2452 quamvls
2074 2389 2293 2439 castrari
2328 2401 2498 2440 mares
2522 2389 2706 2440 vetuis-

1640 2472 1723 2514 set
1769 2462 2118 2529 Domitiauus,
2159 2475 2403 2518 vetuerat
2445 2470 2603 2520 etiam
2656 2472 2708 2516 et

1638 2540 1917 2592 adulteria.
1944 2543 2178 2594 Ramires.
2240 2544 2460 2608 Armati]
2491 2542 2707 2595 Tribuni

1638 2618 1895 2670 militaris.

1703 2700 1735 2745 8
1775 2697 1901 2745 Dum
1922 2697 2069 2761 ludis]
2110 2698 2245 2746 Dum
2261 2698 2554 2748 moecharis.
2590 2696 2706 2746 Cas·

1635 2775 1844 2840 trabere]
1881 2777 2122 2842 Namque
2143 2778 2253 2826 haec
2278 2792 2435 2840 poena
2457 2776 2704 2826 adulteris

1635 2852 1973 2916 deprehensis
1996 2853 2242 2917 irrogata.
2277 2855 2399 2904 Val.
2421 2855 2568 2905 Max.
2600 2854 2633 2903 1.
2651 2855 2702 2902 6.

1634 2942 1682 2977 c.
1705 2931 1751 2977 1.
1777 2927 1965 2978 Horat.
1987 2929 2154 2978 Serm.
2180 2934 2227 2979 1.
2250 2933 2299 2979 2.

1698 3009 1731 3054 4
1767 3006 1881 3055 Non
1914 3005 2025 3055 licet
2062 3006 2170 3069 hoc]
2205 3008 2345 3070 Lege
2382 3016 2593 3059 cautum
2621 3011 2703 3057 est

1633 3095 1805 3130 mares
1841 3080 2077 3133 castrari.
2108 3082 2325 3133 Sueton.
2357 3097 2477 3147 cap.
2511 3090 2561 3135 7.
2599 3084 2701 3133 Do·

1634 3158 1835 3209 mitian.
1905 3159 2053 3220 Quid,
2090 3159 2195 3224 ξω]
2229 3159 2311 3208 Αη
2345 3160 2526 3226 itaque
2563 3160 2702 3209 nulla

1637 3250 1790 3299 poena
1811 3236 1996 3285 moecbi
2019 3233 2344 3287 mulctandi?
2378 3244 2435 3287 et
2456 3238 2569 3301 ipse
2591 3237 2701 3286 Do-

1612 3310 1876 3382 ,mitianas
1898 3310 2021 3362 tulit
2036 3312 2203 3375 legem
2220 3319 2404 3362 contra
2427 3311 2701 3362 adulteros.

1698 3389 1865 3437 Eme.
1888 3400 2006 3437 Lxr.
2043 3392 2069 3438 1
2100 3390 2219 3437 Cum
2234 3388 2463 3457 tibist-eq
2495 3388 2700 3440 Acerbe

1631 3461 1898 3515 invehitur
1939 3466 1992 3513 in
2037 3466 2349 3515 maledicum
2391 3466 2697 3531 quemdam3

1631 3539 1720 3605 qui
1741 3555 1896 3604 quum
1921 3547 2078 3591 antea
2103 3540 2312 3592 fellator
2331 3550 2491 3607 esset,
2508 3540 2698 3591 d'einda

1631 3617 1997 3667 maledicentia
2031 3616 2252 3669 famosus
2292 3618 2467 3669 factus
2503 3618 2698 3669 fuerat.

1631 3694 1740 3742 Pro
1768 3694 1913 3743 dubia
1944 3694 2076 3757 legit
2115 3694 2354 3745 Pulman.
2386 3700 2567 3746 tenera.
2605 3693 2694 3743 sed

1627 3770 1771 3820 dubia
1794 3770 2152 3835 praeferimus:
2188 3785 2308 3820 nam
2342 3771 2536 3821 dubiam
2569 3770 2694 3822 illud

1628 3848 1841 3909 dicitnr,
1884 3847 2025 3912 quod
2062 3861 2159 3896 uos
2201 3848 2381 3899 reddit
2425 3848 2692 3911 ancipites.

1628 3925 1713 3974 Sic
1735 3924 1884 3974 dubia
1900 3926 2075 3986 lanugo
2094 3938 2160 3973 ea
2175 3932 2273 3988 est,
2295 3940 2410 3991 quaa
2426 3925 2511 3974 vix
2534 3921 2690 3974 oculis

1628 4003 1933 4068 percipitur.
1969 4003 2209 4052 Καικίνου.

1691 4085 1721 4131 3
1758 4081 2157 4147 Ροςεςυιηι,ᾀσ.]
2190 4082 2469 4146 Postquam
2491 4081 2593 4131 oris
2616 4078 2694 4130 tui

1626 4158 1943 4223 spurcissimi
1979 4167 2138 4222 turpe
2170 4160 2512 4208 ministerium
2531 4157 2690 4222 coepit

483 4233 604 4281 vide
629 4234 796 4299 epigr.
810 4236 860 4283 Β.
880 4235 971 4285 lib.
987 4247 1067 4285 tv.
1092 4235 1329 4287 Radms.
1397 4236 1554 4287 Rosos
1621 4234 1848 4300 fastidiri
1872 4236 1938 4287 ab
1961 4236 2151 4287 infimis
2169 4234 2479 4299 hominibus,
2502 4235 2688 4300 vespil-
