2985 4937
421 408 428 416 '
455 395 629 463 1324

529 563 563 608 4
614 558 843 624 Unicum]
886 557 1228 620 Margarita,
1273 571 1523 622 gemmas.

452 637 560 686 Per
577 651 641 686 ea
660 652 803 700 vero,
823 653 939 702 quae
963 637 1061 686 sibi
1085 637 1388 687 charissima
1411 634 1523 686 fue·

457 721 597 775 runt,
623 715 880 777 jurabant
902 716 1142 765 Veteres.

520 797 581 841 10
615 793 929 856 Etiamnum,
945 793 1055 856 ξπ]
1082 792 1131 842 Ο
1154 792 1349 843 utinam
1373 791 1521 841 nnio-

457 884 549 919 nes
573 869 666 919 hos
689 870 1008 921 subduceret
1048 870 1257 933 piceata
1277 868 1404 918 furis
1424 868 1517 917 ali-

450 946 620 1010 cujus,
638 946 805 1011 qualis
825 945 927 997 fuit
943 946 1044 996 An.
1064 949 1521 1008 Serenus,manus,

451 1031 512 1073 ut
534 1025 713 1073 statim
749 1032 1042 1075 moreretur
1064 1024 1241 1075 Gellia
1263 1038 1358 1073 usn
1395 1024 1521 1072 vitae

450 1099 683 1162 indigna,
728 1103 812 1151 vel
853 1102 920 1151 ob
961 1102 1076 1162 boc,
1138 1101 1276 1166 quod
1320 1100 1524 1155 nesciat

453 1178 581 1241 quid
617 1178 671 1228 in
709 1180 817 1228 vita
838 1180 907 1228 sit
938 1178 1231 1229 amandum.
1312 1176 1521 1243 Argute

455 1268 583 1317 ergo
622 1256 696 1304 ait
719 1254 891 1305 Poeta
935 1270 1049 1304 eam
1089 1255 1294 1317 dignam
1329 1262 1520 1316 morte,

453 1345 570 1395 qnae
594 1345 822 1394 gemmas
846 1333 962 1394 plus
1005 1331 1142 1393 Diis,
1178 1332 1292 1394 plus
1316 1331 1427 1380 suis
1461 1331 1518 1379 li-

453 1408 611 1471 beris,
656 1409 773 1471 plus
812 1423 904 1458 sna
944 1411 1052 1458 vita
1093 1416 1149 1459 et
1187 1409 1383 1473 seipsa
1407 1408 1523 1459 dili·

457 1491 567 1546 gat.

521 1562 685 1621 Eme.
723 1575 945 1611 Lxxxn.
1014 1561 1220 1611 Laudat
1265 1560 1523 1611 Domitia-

451 1653 595 1697 num,
631 1639 768 1704 quod
807 1638 986 1689 faveat
1029 1639 1234 1703 poetis3
1269 1654 1364 1689 nec
1385 1655 1522 1688 sum-

451 1716 546 1766 mis
569 1723 623 1765 et
647 1717 811 1779 epicis
839 1724 1062 1780 tantum,
1077 1717 1168 1769 sed
1184 1722 1520 1782 epigramma·

455 1793 603 1842 tariis
626 1795 803 1843 etiam.

516 1875 540 1920 1
598 1873 829 1927 Quartana
865 1872 1067 1935 libellos]
1127 1872 1355 1923 Libellos
1396 1889 1517 1938 sup·

448 1947 631 2010 plices.
732 1974 736 1977 -

513 2028 545 2073 2
582 2024 688 2073 Nos
718 2039 908 2087 quoque,
948 2026 1053 2089 qai]
1086 2025 1213 2086 Alii,
1235 2030 1375 2090 quod.
1443 2027 1517 2077 Ut

451 2101 561 2150 scil.
581 2102 773 2164 populo
793 2103 921 2153 licet
962 2117 1145 2167 preces
1181 2102 1430 2166 fundere,
1462 2111 1520 2155 et

451 2176 656 2226 libellos
674 2179 933 2240 supplices
958 2181 1054 2230 tibi
1072 2178 1294 2240 offerre3
1330 2182 1405 2230 ita
1429 2196 1519 2230 no-

449 2255 532 2303 bis
572 2253 759 2317 poetis,
796 2270 828 2305 o
875 2259 1071 2319 Cesar,
1113 2259 1239 2308 iicet
1280 2259 1523 2309 Carmina

448 2329 714 2392 porrigere
742 2337 798 2379 et
833 2331 1096 2384 dedicare.
1166 2335 1393 2384 Carmina
1414 2349 1523 2397 par-

447 2404 530 2468 va]
581 2407 991 2471 Epigrammata.
1061 2411 1158 2460 Vel
1197 2427 1313 2478 quae
1358 2420 1520 2461 mate·

451 2483 582 2534 riam
607 2499 708 2534 non
738 2486 991 2537 illustrem
1016 2491 1457 2552 complectuntur.

513 2565 544 2610 8
579 2562 760 2625 Deum]
792 2565 886 2627 Te,
935 2567 1134 2616 Domit.
1203 2567 1523 2630 Epigramm.

447 2642 507 2688 Θ.
546 2639 637 2689 lib.
659 2645 709 2687 5.
742 2655 873 2690 vers.
899 2645 944 2692 1.
980 2643 1138 2694 Rebus
1168 2643 1377 2706 pariter]
1414 2643 1520 2693 Ad·

451 2716 820 2770 ministrationi
872 2720 1024 2782 Reip.
1076 2729 1130 2768 et
1166 2721 1306 2769 orbis
1361 2730 1522 2770 terra·

451 2808 582 2842 rum.
652 2795 919 2859 Musisque,
942 2796 1053 2860 qua]
1085 2797 1307 2859 Studiis,
1338 2798 1520 2862 literis,

456 2871 805 2921 Carminibus.

511 2953 540 2996 5
585 2947 726 3011 Tuos,
755 2948 862 3012 Sym]
892 2949 980 2999 Sic
1029 2951 1252 3002 Quintil.
1297 2952 1388 3002 lib.
1441 2957 1520 3006 10.

1164 412 1379 461 NOTAE
1429 412 1830 463 VARIORUM
1880 413 1958 463 m

1601 571 1714 621 cap.
1761 562 1809 608 1.
1885 556 2081 607 ‘Amas
2122 556 2408 622 poeticam,
2451 554 2665 628 Casan-,⁹

1601 637 1703 685 &m

1662 716 1693 761 7
1729 713 1843 761 Non
1878 727 2096 775 quercus,
2127 712 2234 775 ξω]
2282 712 2406 762 Non
2450 726 2669 777 quercus

1601 789 1711 837 sola
1742 797 1816 852 te,
1838 803 1869 838 o
1897 789 2208 854 Imperator,
2244 791 2421 854 decet,
2438 806 2545 840 non
2566 790 2670 841 lau-

1602 879 1711 925 rus,
1744 868 1812 917 ob
1867 874 2101 921 servatos
2145 869 2288 918 cives
2332 869 2673 933 devictosqne

1602 942 1818 1004 hostes;
1867 943 1959 993 sed
2013 951 2069 994 et
2122 944 2348 1008 hederae,
2399 946 2672 996 doctarum

1603 1020 1820 1084 praemia
1856 1019 2124 1084 frontium,
2163 1022 2258 1071 tibi
2283 1022 2453 1087 poeta*
2480 1023 2672 1088 poetis·

1602 1114 1702 1165 que
1754 1098 1956 1150 faventi
2002 1101 2296 1163 debentium
2367 1104 2444 1153 sic
2486 1100 2674 1152 affatur

1602 1175 1898 1240 Augustum
1940 1178 2126 1241 Virgil.
2166 1179 2349 1241 Eclog.
2392 1183 2445 1227 8.
2480 1179 2672 1229 ‘Hanc

1601 1253 1711 1303 sine
1749 1263 1980 1317 tempora
2009 1256 2206 1304 circum
2247 1257 2396 1305 Inter
2420 1256 2671 1306 victrices

1603 1328 1813 1380 ederam
1838 1330 1933 1379 tibi
1950 1345 2161 1394 serpere
2185 1332 2395 1383 lauros?
2430 1332 2675 1383 Poneba-

1606 1413 1691 1455 tur
1724 1406 1860 1454 enim
1883 1420 2080 1470 querna
2094 1422 2307 1470 corona,
2322 1409 2490 1459 civica
2513 1409 2677 1471 dicta,

1604 1483 1660 1532 in
1692 1483 1944 1532 vestibulo
1991 1484 2207 1548 palatii:
2242 1484 2415 1534 laurus
2460 1492 2585 1535 ante
2617 1485 2677 1534 li·

1605 1560 1760 1611 mina.
1829 1560 1985 1613 Quod
2042 1562 2267 1624 primum
2321 1564 2372 1611 in
2422 1562 2672 1613 honorem

1604 1636 1833 1701 Augusti
1876 1636 2108 1687 factum:
2148 1638 2339 1687 deinde
2386 1645 2441 1688 et
2463 1637 2674 1688 caeteris

1603 1702 2019 1780 Imperatoribu's
2036 1715 2236 1765 datum.
2276 1716 2487 1766 Her-old.

1665 1797 1696 1842 8
1734 1793 1849 1841 Fiat
1894 1797 1943 1841 et
1984 1808 2047 1842 ex
2087 1794 2252 1856 edero]
2306 1794 2378 1842 Et
2423 1807 2671 1844 coronam

1602 1869 1862 1934 poeticam
1895 1870 2130 1931 mereris,
2161 1870 2243 1919 vel
2268 1871 2387 1934 qnia
2411 1870 2524 1933 ipse
2551 1870 2674 1934 poel-

1602 1955 1672 2008 ta,
1683 1948 1765 1995 vel
1783 1947 1899 2011 quia
1918 1945 2062 1996 faves
2077 1946 2262 2009 poetis.
2286 1947 2478 2010 virgil.
2493 1946 2673 2010 Eclog.

1598 2028 1649 2075 ⁷.
1715 2024 2023 2086 ‘Pastores,
2084 2024 2279 2074 hedera
2347 2031 2672 2074 crescentem

1600 2110 1783 2152 ornate
1811 2101 2051 2165 poetam.⁹
2116 2103 2328 2152 Servius
2363 2101 2547 2165 poetas
2586 2103 2672 2151 he·

1603 2181 1730 2229 dera
1753 2179 1992 2231 coronari
2017 2179 2165 2240 dicit,
2189 2178 2330 2243 quod
2365 2178 2502 2228 sacri
2542 2178 2676 2228 Bac·

1603 2253 1729 2319 cho,v
1764 2258 1848 2308 cui
1873 2258 2069 2307 hedera
2094 2272 2276 2317 sacra3
2322 2256 2462 2306 unde
2494 2264 2553 2307 et
2577 2256 2673 2320 ipsi

1606 2338 1750 2386 velut
1776 2336 2000 2387 Bacchae
2016 2336 2242 2385 insanire
2262 2335 2535 2385 dicuntur:
2587 2334 2672 2387 vel

1604 2413 1726 2478 quia
1739 2426 1944 2476 semper
1967 2411 2138 2463 virent
2162 2404 2403 2473 hederae}
2427 2412 2672 2478 quemad-

1604 2489 1808 2537 modum
1834 2489 2076 2538 Carmina
2119 2491 2465 2539 aeternitatem
2489 2498 2546 2539 et
2566 2505 2670 2540 me·

1603 2574 1803 2627 rentur,
1834 2574 1890 2616 et
1931 2567 2043 2618 aliis
2073 2566 2297 2628 pariunt.
2371 2567 2537 2617 Civica
2572 2582 2673 2615 nos-

1603 2643 1707 2706 tra]
1748 2644 1877 2694 Quae
1920 2644 2068 2694 nobis
2111 2644 2314 2694 civibus
2357 2644 2460 2692 tuis
2497 2645 2667 2706 datur,

1604 2722 1695 2770 ina
1729 2721 1886 2769 etiam
1912 2727 1967 2770 te
2010 2722 2178 2771 decet.
2247 2720 2358 2770 Aut
2398 2722 2492 2771 fiat
2532 2727 2670 2771 coro·

1604 2815 1671 2848 na
1708 2798 1824 2857 tibi,
1869 2799 2184 2862 Imperator,
2223 2814 2288 2847 ex
2334 2800 2515 2862 edera,
2558 2787 2673 2864 qnia

1607 2877 1791 2941 poetas
1811 2878 2060 2926 minorum
2078 2878 2327 2940 gentium,
2346 2891 2437 2927 seu
2454 2878 2673 2926 minores

1603 2954 1759 3004 etiam
1783 2968 1947 3017 amas,
1967 2967 2166 3015 servas,
2186 2964 2242 3003 et
2259 2967 2432 3003 ornas,
2470 2954 2598 3004 Rau.

867 3427 1127 3502 EPIG
1139 3431 1797 3506 RAMMATUM
1855 3433 2071 3507 LIB.
2118 3434 2278 3508 IX.

514 3630 674 3682 Eme.
717 3643 756 3681 1.
817 3637 839 3681 1
886 3634 1028 3697 Note,
1070 3636 1184 3687 licet
1225 3638 1369 3702 nolis]
1425 3640 1523 3689 Ut·

453 3722 659 3775 cunque
685 3711 840 3760 sciam
885 3719 1131 3776 qnantum
1158 3716 1398 3765 Carmine
1435 3733 1520 3767 va·

455 3786 586 3846 icas,
643 3796 940 3854 quantoque
997 3790 1349 3842 sublimiorem
1407 3793 1522 3857 ipse

464 3864 721 3925 potuisses
766 3865 977 3928 imagini
1031 3874 1222 3918 nostrae
1264 3869 1522 3934 adjecisse

453 3939 878 4003 inscriptionem;
930 3943 1193 3994 subscribe
1240 3954 1434 4010 tamen,
1476 3949 1521 3998 si

456 4017 647 4080 placet,
664 4018 760 4066 boc
784 4020 1128 4076 tetrastichon
1152 4023 1359 4087 imagini
1376 4039 1526 4089 meae,

456 4106 609 4154 quam
650 4093 703 4142 in
743 4094 1110 4148 bibliothecam
1161 4108 1301 4150 tuam
1339 4101 1526 4152 admit-

1605 3639 1724 3690 dum
1743 3656 1827 3691 noe
1841 3641 1932 3704 vis,
1955 3642 2006 3692 id
2025 3651 2126 3707 est,
2144 3643 2395 3702 Quamvis
2409 3645 2521 3710 ipse
2538 3652 2674 3696 tuam

1602 3715 1796 3768 famam
1828 3734 2054 3783 premas.

1669 3798 1699 3843 3
1734 3795 1894 3845 Breve
1931 3811 2138 3857 carmen,
2170 3796 2276 3860 qa]
2309 3797 2672 3850 Tetrastichon

1603 3871 1741 3935 quod
1764 3886 1875 3936 seq.
1895 3873 1910 3899 ‘
1930 3872 2028 3922 Ille
2046 3888 2146 3936 ego
2169 3872 2318 3937 sum‚'
2341 3877 2447 3924 διο.

1668 3953 1700 3998 4
1739 3948 1850 3998 Nou
1869 3948 2010 4012 viris]
2048 3949 2263 4000 Clariss.
2286 3959 2529 4003 autorum
2551 3952 2669 4003 ima-

1608 4026 1815 4090 ginibus
1836 4027 1888 4075 in
1912 4026 2229 4078 bibliotheca
2251 4036 2360 4080 tua.

1670 4107 1704 4152 6
1737 4104 1889 4160 Quem
1907 4119 2004 4153 m
2019 4105 2229 4167 miraris,
2249 4106 2354 4169 &cd
2387 4106 2526 4156 Vide
2552 4103 2667 4169 Epi·

467 4175 579 4216 tere
618 4168 865 4232 dignaris.
934 4172 1057 4234 Alii,
1102 4174 1217 4224 Non
1250 4182 1299 4225 te
1333 4178 1524 4243 celqbis.
1609 4193 1773 4243 gram.
1809 4184 1894 4231 49.
1923 4180 2015 4231 lib.
2047 4185 2098 4233 4.
2131 4182 2267 4234 ‘Illa
2303 4191 2480 4235 tamen
2517 4180 2666 4234 land.’

466 4243 632 4308 Nolis]
666 4245 772 4295 Pro
789 4246 940 4312 nobis,
960 4264 1079 4300 cum
1100 4250 1326 4303 Grutero
1347 4253 1527 4319 legen-

1606 4261 1706 4309 &c-
