2985 4937
979 258 1008 275 f

671 409 747 457 M.
796 408 966 458 VM..
1015 408 1448 460 nummus·
1483 411 1732 460 mnan.
1779 412 1924 461 Lm.
1972 414 2074 462 vl.

289 555 425 605 rullae
448 554 682 619 jocando
731 560 1097 607 commemorat
1130 556 1342 606 cinna-2

287 636 393 681 uam
430 632 617 682 Cinna‘
635 628 928 683 habebatur
962 639 1113 695 pater
1141 642 1343 696 septem

283 707 574 772 liberorum,
594 722 748 774 quum
764 709 958 758 nullum
976 708 1342 772 procreasset.
1328 724 1341 739 ·

280 786 420 835 simul
461 787 667 841 sordes
699 785 1095 836 adulteriorum
1116 785 1346 854 accusat,

219 879 227 882 ”
280 863 409 928 quod
443 864 634 914 mulier
666 869 902 914 sectetur
929 860 1207 977 moriones,
1237 863 1343 927 pis·

271 946 428 1000 tores,
452 954 656 1003 servos,
676 943 778 990 ὅτε.

335 1019 382 1066 4
398 1017 534 1066 Sed
511 1033 568 1067 ιιι
584 1012 824 1081 grabatis,
842 1017 947 1080 ξω]
993 978 1100 1066 Sed
1125 1031 1157 1065 a
1171 1016 1342 1067 servis

277 1091 369 1144 tibi
390 1094 593 1157 geniti:
634 1096 717 1144 vel
741 1094 796 1143 in
820 1094 1071 1157 grabatis,
1107 1104 1226 1159 quse
1248 1094 1340 1142 bu-

275 1170 525 1222 miliorum
575 1162 839 1222 servorum⁴
889 1172 1014 1222 lecti
1054 1178 1201 1223 sunt.
1254 1173 1339 1223 vel

272 1256 421 1312 super
468 1247 753 1313 tegetibus,
794 1263 921 1313 quas
980 1250 1141 1313 lupae,
1180 1255 1242 1299 ut
1282 1255 1340 1300 et

273 1325 418 1386 servi,
447 1339 550 1389 pro
571 1324 720 1374 lectis
746 1325 959 1374 babent.
994 1324 1132 1375 juv.⁴
1154 1326 1266 1375 Sat.
1285 1330 1336 1376 6.

273 1406 402 1450 vers.
426 1406 560 1467 118.1
582 1405 600 1431 ‘
624 1402 871 1452 Dormire
893 1402 1055 1450 virum
1080 1416 1197 1451 cum
1221 1417 1336 1452 sen-

270 1484 402 1527 serat
431 1492 596 1541 nxor,
613 1480 622 1507 ἒ
639 1477 783 1527 Ausa
826 1477 1084 1526 Palatino
1105 1485 1338 1541 tegetem

271 1554 519 1618 praeferre
542 1555 742 1616 cubili‚'
775 1558 876 1604 διο.
939 1553 1239 1604 Sed-nonne
1264 1556 1337 1606 al·

269 1630 406 1680 iusitff
418 1631 608 1682 Ρόὸῑιι
620 1630 1016 1681 eruditissimus
1034 1631 1100 1681 ad
1137 1631 1335 1685 dictum

269 1705 518 1769 Diogenis
538 1708 706 1768 cauis,
724 1707 813 1773 qui
844 1706 950 1771 περὶ
980 1706 1142 1758 παιδὸς
1160 1724 1338 1773 ruofi

270 1780 473 1833 umbros
492 1780 752 1849 ’ἐρωτηθεὶς
782 1781 922 1833 πόθεν
951 1783 1042 1845 εἴη,
1079 1783 1334 1847 τηειίτης,

270 1857 370 1922 ἔφη.
452 1854 668 1925 Nempe
709 1859 943 1924 τεγειίτης
984 1861 1059 1911 ibi
1105 1877 1136 1912 a
1177 1861 1335 1926 τέγος,

269 1938 394 2002 quod
411 1945 466 1988 et
486 1936 688 1999 τόποις
724 1946 827 2003 quo
849 1937 1055 1987 verbo·
1080 1938 1334 2001 lupanar’-

266 2014 535 2080 aiiquando
552 2014 837 2080 significari
853 2014 980 2064 alibi
996 1986 1332 2107 ostendimus.

269 2091 467 2146 Hmld.
669 2098 674 2103 ’
879 2111 883 2115 ·

275 2186 278 2187 ’
325 2176 353 2220 5
389 2169 574 2234 Furto]
609 2169 905 2222 Adulteria.

323 2249 355 2298 6
386 2249 595 2299 Βαίου-το
619 2248 810 2311 ιιι-ΞΜ]
815 2249 962 2298 Nam
985 2247 1253 2312 AEtbiopes
1273 2254 1330 2298 et

265 2324 430 2376 Mauri
450 2323 746 2389 οὐλότριχες.
813 2325 950 2374 vide
973 2324 1140 2375 Arist.
1163 2325 1256 2375 lib.
1277 2331 1328 2376 5.

265 2400 328 2452 de
356 2404 615 2454 Generat.
660 2403 835 2453 Anim.
866 2391 984 2467 cap.
1016 2406 1063 2452 3.
1094 2402 1331 2453 Martini.

264 2480 313 2529 in
353 2481 623 2548 Amphitb.
706 2480 927 2545 “Atque
986 2480 1140 2530 aliter
1180 2480 1331 2530 tortis

263 2549 481 2611 crinibus
525 2558 835 2622 Aithiopes!
914 2559 1074 2609 Tales
1112 2560 1331 2624 proprie

264 2636 343 2700 qui
372 2651 541 2700 prope
585 2636 765 2685 Nilum
798 2635 1140 2686 babitabant:
1192 2637 1331 2701 quod

263 2712 496 2763 observat
522 2712 687 2763 Diod.
731 2712 932 2762 Siculus
956 2713 1042 2764 lib.
1065 2717 1124 2764 3.·
1184 2715 1329 2763 Μαιι-

262 2806 336 2839 rus
352 2789 557 2854 incedit]
596 2791 854 2839 Maurum
877 2788 1131 2839 referens.
1190 2789 1338 2840 Vide'

264 2859 436 2931 Epigr.
459 2872 515 2918 3.
539 2865 631 2918 lib.
652 2866 833 2930 Spect.
850 2880 986 2915 vers.
1011 2871 1062 2917 7.
1099 2866 1324 2917 Aristot.

262 2942 344 2992 lib.
366 2950 414 2994 5.
440 2951 679 3008 generat.
699 2944 852 2993 anim.
874 2957 993 3007 cap.
1016 2947 1065 2993 3.

303 3024 347 3069 ·7
400 3022 521 3071 Coei
566 3019 782 3084 Sanam]
861 3019 1320 3104 A1.c‹›g=·sancrae.·

261 3098 389 3147 servi
408 3099 521 3150 scil.
544 3097 737 3147 Mauri.

313 3179 349 3224 9
379 3174 707 3238 Paloestrt'toe]
740 3174 847 3226 Qui
875 3171 1122 3223 familiam
1146 3174 1213 3223 ad
1235 3189 1323 3239 pa·

258 3252 480 3302 laestram
500 3252 648 3317 ungit
670 3258 831 3317 atque
852 3257 1086 3302 exercet.
1137 3252 1320 3317 Epigr.

258 3331 333 3379 57.
353 3328 447 3379 lib.
468 3334 519 3379 8.
542 3337 600 3379 et
620 3332 703 3378 82.

316 3409 375 3454 11
412 3406 635 3470 Lippum,
652 3405 761 3469 ξω]
808 3403 1076 3455 Pistorem
1108 3403 1174 3456 ab
1196 3404 1320 3469 igne

256 3479 471 3545 lippum.

315 3559 378 3607 12
413 3556 637 3621 Οἰιιιειίιι]
667 3505 964 3620 Impndica.

315 3637 376 3683 18
412 3633 704 3699 concubino]
740 3633 1003 3683 Catamitu
1015 3637 1124 3684 tuo.

316 3717 377 3763 14
412 3715 570 3775 Nefas
590 3731 685 3765 non
704 3707 800 3777 est]
853 3714 947 3763 Est
978 3712 1115 3761 e'nim
1135 3724 1318 3761 coucu-

256 3786 358 3839 bini
381 3791 458 3841 tui
475 3791 632 3841 filius.

265 3891 268 3896 ·
316 3870 379 3916 16
410 3869 538 3924 Quoe
577 3869 647 3918 sic
681 3872 943 3929 moventur,
974 3867 1082 3931 ξω]
1125 3868 1318 3917 Rarum

260 3941 384 3994 lioc:
430 3949 551 3995 nam
584 3960 707 3996 vere
741 3946 926 3996 scribit
966 3946 1130 3997 Arist.
1154 3946 1247 3996 lib.
1272 3951 1318 3996 1.

262 4019 324 4071 de
343 4022 465 4073 hist.
506 4023 732 4074 Animal.
782 4039 901 4087 cap.
945 4030 1025 4074 11.
1060 4023 1317 4074 bominem
1372 4075 1377 4080 ,

259 4098 411 4178 solnm
434 4114 546 4150 esse
567 4101 775 4150 auribus
798 4101 1024 4151 immotis
1054 4101 1193 4149 iuter
1210 4101 1318 4150 ani-

259 4177 437 4227 malia:
474 4194 649 4228 verum
673 4179 1227 4244 accidere‘aliquaudo,
1254 4187 1316 4230 ut

262 4250 442 4305 violata
465 4260 828 4320 paene'naturae
850 4257 986 4321 lege,
1006 4255 1316 4322 quibusdam·

2314 399 2486 470 1261

1418 569 1571 606 aures
1594 560 1919 607 moveantur.
1955 557 2159 608 Heraia.
2204 558 2300 608 ‘Ut
2334 561 2489 610 soleat

1416 633 1688 696 asellorum]
1739 634 1853 683 Hos
1876 640 1935 684 ut
1959 635 2234 698 plurimum
2272 635 2488 685 stolidos

1417 725 1480 760 ac
1503 709 1673 760 fatuos
1697 724 1812 760 esse
1852 711 2066 761 tradunt
2095 711 2489 776 physiognomi·

1418 785 1505 847 ei;
1561 785 1636 836 ita
1675 794 1753 836 ιιι
1774 788 1911 836 huuc
1953 790 2230 852 tauquam
2246 788 2488 839 morionis

1415 862 1576 912 filium
1592 864 1878 915 subsannet
1899 864 2177 914 Martialis.
2362 886 2371 901 =
2406 884 2413 889 ·
2476 885 2487 915 ι

1427 968 1432 971 -
1481 944 1546 990 19
1581 941 1852 1004 choraulen]
1886 940 2041 1045 Epig.
2063 945 2145 991 57.
2166 940 2256 992 lib.
2274 947 2323 991 5.
2346 955 2488 995 vers.

1414 1021 1464 1066 9
2478 1044 2485 1053 .

1477 1100 1545 1145 20
1594 1096 1973 1161 Hybridarum]
1998 1096 2147 1147 Servi
2186 1097 2488 1159 liberorum,

1414 1171 1636 1236 ingenua
1673 1182 1840 1224 matre
1885 1180 1943 1224 et
1979 1175 2146 1224 servis
2190 1174 2486 1225 bominibus

1412 1257 1673 1313 natorum,
1694 1264 1823 1317 quos
1861 1251 2048 1315 Epigr.
2080 1254 2165 1300 85.
2203 1250 2296 1301 lib.
2319 1254 2366 1301 1.
2392 1262 2485 1315 ap-

1412 1328 1630 1391 pellavit
1665 1329 1682 1355 ‘
1704 1329 1910 1394 equites
1934 1327 2158 1379 vernas?
2224 1327 2487 1381 Quodco-
2550 1318 2555 1323 ’

1411 1404 1580 1467 gitans
1592 1406 1793 1471 ‘aliquis
1802 1405 1945 1456 fecit·
1956 1406 2009 1457 in
2029 1408 2135 1457 Ma.
2158 1405 2445 1458 Bodleiano
2462 1422 2483 1456 ι

1407 1482 1526 1531 Jam
1561 1485 1860 1533 uernularum
1897 1498 2042 1546 grex.
2122 1482 2364 1548 Hybrida
2399 1490 2485 1538 est

1407 1555 1566 1608 foetus
1603 1573 1670 1608 ex
1706 1559 1989 1633 imparibus
2028 1559 2365 1628 parentibus:
2420 1565 2487 1610 ut
2553 1578 2559 1583 “

1408 1635 1549 1684 cauis
1570 1649 1637 1685 ex
1655 1637 1898 1687 venatico
1915 1643 1971 1687 et
1993 1636 2263 1700 gregario.
2301 1650 2483 1686 ιιιιιιιιι-

1399 1713 1571 1773 grel.
1615 1712 1752 1763 Vide
1796 1713 2118 1778 Epigramm.
2148 1716 2265 1765 2.2
2292 1712 2386 1764 lib.
2428 1717 2483 1763 8.

1410 1789 1550 1838 Grex
1581 1776 1771 1855 plenus]
1825 1791 1898 1840 Ut
1934 1804 2192 1840 musarum
2214 1803 2244 1839 e
2266 1802 2482 1839 numero

1406 1868 1710 1930 novenario,
1732 1866 1820 1933 qui
1853 1865 2202 1932 Pythagoreis
2235 1879 2480 1916 numerus

1406 1941 1838 2006 perfectissimus,
1858 1958 2047 2006 nempe
2069 1942 2170 1993 ab
2156 1942 2479 2006 impariuui-

1406 2025 1520 2068 tate
1543 2019 1721 2082 primo
1732 2019 2037 2085 quadratus,
2067 2016 2336 2083 tribusque
2357 2030 2480 2068 con·

1327 2126 1334 2133 -
1405 2102 1553 2145 stans
1576 2097 1840 2147 ternariis.

1469 2179 1535 2225 21
1569 2176 1728 2240 Spoedo
1753 2175 2107 2238 corosanam-J
2131 2173 2237 2227 Qui
2260 2173 2481 2224 testibus

1405 2253 1599 2303 evulsis
1632 2253 1699 2303 ad
1730 2252 2186 2317 impraegnandum
2221 2251 2478 2313 impotens

1406 2335 1509 2390 est,
1541 2330 1652 2380 coit
1671 2338 1866 2381 tamen.
1903 2328 1961 2380 J.
1987 2329 2046 2378 Ο.
2065 2327 2206 2379 Scal.
2238 2327 2481 2379 Exercit.

1405 2409 1633 2534 2Ἶῖιηιι.
1691 2496 1780 2533 ιι..
1857 2487 1884 2532 1
1938 2480 2047 2531 mi
2087 2481 2234 2543 nulla,
2274 2478 2476 2543 Lycori]

1407 2560 1679 2614 Quondam
1695 2560 1894 2623 juveni.

1470 2643 1504 2688 2
1539 2631 2100 2702 Glyceraefoemina,85·c.]
2132 2633 2168 2685 J
2173 2647 2254 2683 am
2268 2632 2323 2681 in
2345 2629 2475 2681 flore

1404 2714 1652 2841 ipssofloec
1673 2791 1770 2841 erit
1793 2788 1901 2852 Ιιοο]
1949 2757 2185 2851 Glycera
2207 2787 2309 2836 erit
2329 2799 2475 2849 auus,

1401 2874 1462 2917 ut
1481 2868 1713 2933 Lycoris,
1733 2867 1878 2915 vivat
1907 2864 2080 2915 modo.
2149 2863 2220 2912 st
2238 2878 2331 2911 ιιοιι
2340 2868 2476 2925 potes

1321 2964 1326 2970 ¹
1400 2959 1514 3007 esse,
1531 2945 1640 3009 ξω]
1690 2941 1767 2993 Τιι
1792 2942 2008 3008 Lycoris
2030 2954 2132 2991 nou
2172 2949 2324 3005 potes
2352 2954 2472 2990 esse
2546 2991 2549 2994 ,

1400 3022 1572 3085 puella
1591 3031 1650 3072 ut
1671 3020 1919 3084 Glycera.

1465 3093 1983 3148 Emo;xr.1.Ravi
2022 3067 2285 3147 laborans
2311 3091 2474 3155 poeta

1398 3175 1674 3240 quispiam,
1706 3171 1875 3228 focale
1897 3171 1963 3222 ad
1984 3169 2164 3221 fauces
2202 3176 2269 3219 et
2289 3177 2473 3234 guttur

1396 3251 1712 3303 servandum
1735 3249 2035 3301 adhibebat.
2091 3248 2356 3316 Martialis
2379 3250 2472 3299 ab·

1311 3345 1325 3360 ’
1396 3329 1609 3380 surdum
1644 3330 1759 3393 ejus
1792 3327 1992 3380 factum
2029 3344 2063 3378 a
2099 3326 2375 3378 contrariis
2412 3332 2471 3377 ct

1396 3407 1756 3470 pugnantibus
1772 3412 1944 3456 notat.
2009 3405 2114 3467 Tu,
2135 3405 2258 3469 quia
2284 3403 2468 3454 fauces

1397 3482 1619 3547 obligas,
1642 3481 1873 3533 ostendis
1895 3488 1950 3532 te
1971 3495 2185 3531 raucum
2208 3494 2343 3541 esse,
2361 3493 2468 3529 non

1308 3574 1319 3592 ··
1396 3564 1549 3625 posse
1571 3561 1748 3626 loqui3
1801 3558 1939 3609 idem
1974 3564 2149 3608 tamen
2171 3570 2327 3621 quum
2352 3569 2468 3604 rau-

1395 3652 1490 3688 cus
1511 3636 1749 3688 ascendis
1767 3644 1824 3687 et
1839 3635 2051 3697 recitas,
2068 3646 2228 3696 negas
2243 3637 2300 3680 te
2317 3644 2468 3694 posse

1395 3722 1592 3766 tacere.
1659 3714 1779 3764 Nec
1813 3720 1994 3764 tacere
2031 3721 2291 3775 ergo,‘nec
2326 3708 2467 3773 loqui

1393 3792 1553 3842 nosti.
1619 3791 1703 3840 De
1720 3805 1862 3841 more
1886 3804 2011 3840 vero
2032 3786 2215 3836 fauces
2233 3784 2466 3849 obligan-

1395 3866 1469 3932 di,
1489 3867 1609 3919 vide
1630 3868 1731 3929 Ep.
1751 3869 1864 3915 142.
1887 3865 1977 3930 lib.
2001 3868 2080 3914 14.
2114 3862 2244 3911 Rud.
2284 3879 2287 3888 ⁴
2325 3877 2335 3918 ;
2396 3873 2402 3880 ·

1463 3947 1490 3992 1
1527 3944 1627 3999 Qui
1646 3942 1846 4005 recitat]
1898 3941 2034 3990 Vide
2062 3939 2242 4004 Epigr.
2265 3940 2347 3989 41.
2372 3937 2463 3991 lib.

1393 4025 1446 4071 4.
1512 4022 1583 4069 Et
1627 4021 1748 4069 colla
1791 4015 2050 4079 recinctus]
2099 4016 2202 4066 Ms.
2246 4022 2461 4068 nosterz

1393 4101 1673 4161 ettempora
1703 4096 1888 4145 vincta.-
1934 4102 1990 4145 et
2017 4103 2173 4145 mox'z
2221 4108 2357 4158 posse
2385 4098 2462 4144 ta-

1392 4177 1527 4226 cere.-
1558 4172 1696 4237 quod
1721 4172 1860 4236 vulg.
1883 4187 2036 4222 nosse.
2089 4179 2095 4189 '
2531 4237 2534 4239 v

1391 4248 1409 4299 ’.
1455 4257 1488 4303 2
1522 4250 1625 4301 Hic
1644 4265 1694 4300 se
1724 4263 1860 4314 posse
1877 4249 2025 4314 loqui,
2050 4246 2159 4313 ξω]
2208 4245 2461 4297 Alludere
2558 4247 2561 4250 ’
