2985 4937
573 446 648 495 Μ.
698 447 872 497 vat..
923 446 1345 496 MAR'HAMS
1395 448 1643 499 EPIGR.
1695 451 1838 499 [AB.
1887 451 2049 499 XIV.

250 588 451 652 adiloni,
469 591 487 619 ⁴
504 604 819 642 succensens
843 606 1019 642 curam
1051 592 1148 642 viis
1173 606 1289 641 ver·

249 665 408 715 tendis
444 681 544 716 non
584 668 905 732 adhibitam}
950 669 1108 719 Caius
1144 670 1288 719 ‘luto

242 740 381 802 jussit
396 743 613 808 oppleri,
635 751 881 809 congesto
904 760 1000 810 per
1021 747 1212 796 milites
1235 747 1286 795 in

247 829 498 882 praetextae
519 820 729 884 sinum:
746 824 957 874 Sueton.
991 825 1290 890 Vespasian.

248 911 352 962 cap.
388 906 435 951 5.
498 901 584 952 Sic
614 902 803 953 Bibulo
839 904 1174 960 καταβαῖνον-η
1212 921 1290 953 κο·

246 975 375 1038 πρίων
410 976 726 1039 ἐπεσκεδάσθη
770 977 956 1043 κόφινος
996 995 1028 1030 a
1065 977 1290 1031 factione

248 1054 465 1118 Caesaris,
498 1063 560 1108 ut
599 1056 764 1108 refert
786 1057 1095 1108 Plutarchus
1116 1057 1168 1107 iu
1194 1058 1290 1108 Ca·

247 1140 357 1182 tone
377 1134 634 1185 Uticensi.
680 1134 968 1185 Gronovius.

301 1214 329 1258 5
360 1210 545 1261 Diouis
578 1213 804 1276 numm,
833 1211 942 1277 ξω]
997 1211 1291 1263 Miscentur

242 1282 288 1337 iu
323 1285 398 1335 bis
433 1286 784 1352 Apophoretis
823 1289 1117 1340 alternatim
1157 1290 1292 1340 dona

244 1360 465 1426 divitum,
488 1366 642 1416 citrei
663 1367 943 1430 pugillares
971 1373 1029 1418 et
1057 1367 1291 1432 eburnei,

242 1437 419 1489 cbartae
456 1441 695 1506 majores,
714 1446 813 1494 διο.
849 1458 966 1493 cum
991 1443 1140 1493 donis
1165 1459 1289 1509 pau-

244 1528 428 1578 perum,
462 1519 635 1584 qualia
653 1526 774 1569 sunt
796 1519 1175 1585 quincuplices,
1200 1520 1293 1571 tri-

241 1591 411 1657 plices,
427 1596 624 1646 chartae
647 1595 973 1660 epistolares,
994 1599 1093 1647 ὅτε.
1134 1603 1291 1661 atque

239 1668 344 1719 baec
393 1686 487 1735 per
535 1678 750 1724 sortem.
837 1671 1000 1736 Infra,
1051 1677 1135 1723 4⁰.
1176 1675 1291 1723 144.

241 1747 344 1797 170.

297 1827 329 1872 6
361 1824 707 1890 Ρνιεηιίιι,ᾃ·ε.]
727 1827 912 1890 Supra,
936 1827 1021 1877 tit.

294 1904 324 1948 7
355 1899 501 1966 Sunt]
527 1903 781 1967 ObJectio
803 1918 868 1953 ex
889 1917 1107 1967 persona
1129 1905 1292 1955 lecto-

237 1974 314 2024 ris.
376 1978 572 2045 Apinoe]
620 1980 756 2030 Sunt
809 1994 984 2043 nugae,
1033 1980 1291 2046 exillaqne

238 2052 485 2108 Carmina.
552 2058 687 2108 vide
743 2057 924 2123 Epigr.
963 2061 1076 2109 114.
1116 2058 1206 2110 lib.
1245 2065 1292 2110 1.

238 2144 365 2185 vers.
381 2138 430 2184 2.

292 2212 323 2257 8
338 2249 344 2255 .
358 2211 481 2269 Quis
501 2213 672 2276 nescit,
690 2213 801 2279 Bra]
829 2216 987 2279 Resp.
1009 2215 1195 2266 Poeta.

293 2290 325 2336 9
353 2289 595 2353 Madidis,
615 2292 842 2353 Saturae,
862 2292 1049 2356 diebus]
1114 2294 1291 2344 Satur-

233 2365 439 2430 nalibus,
461 2367 649 2434 quibus
671 2368 964 2433 promiscue
997 2383 1028 2419 a
1049 2369 1211 2419 servis
1238 2374 1293 2419 et

233 2436 445 2495 dominis
473 2445 842 2511 indulgebatur
872 2446 1041 2559 genio,
1067 2446 1293 2512 Baccho,

234 2524 285 2569 et
304 2518 469 2573 festis.

291 2601 352 2649 10
387 2600 486 2650 Pro
502 2603 636 2664 coelo,
653 2601 763 2666 ξω]
813 2554 967 2652 Unde
1006 2608 1061 2652 te
1098 2601 1288 2666 ejecit.

233 2685 402 2739 sopra,
417 2691 559 2728 vers.
582 2682 632 2729 2.

293 2755 349 2801 11
391 2753 596 2817 ΤΙιεὸω,
625 2753 734 2817 fisa]
769 2754 923 2804 Bella
943 2759 999 2802 et
1021 2751 1131 2802 fata
1146 2767 1292 2818 mag·

232 2840 402 2878 narum
448 2830 655 2880 illarum
693 2831 920 2892 urbium,
964 2831 1126 2881 Theb.
1171 2831 1296 2883 Tro·

222 2902 306 2967 jae,
325 2913 381 2957 et
403 2907 622 2973 Mycen.
659 2915 816 2973 atque
843 2907 1149 2958 ἄντιτίθενται
1173 2907 1292 2958 istae

230 2982 389 3035 Tricis
431 2993 491 3036 et
531 2986 733 3050 Αρίιιὶκ,
773 3002 900 3052 quas
954 2988 1134 3038 volunt
1177 3002 1292 3038 esse

230 3056 432 3125 Apuliae
457 3063 727 3129 oppidula.
793 3064 974 3128 Epigr.
997 3069 1110 3118 114.
1133 3065 1223 3118 lib.
1246 3070 1293 3117 1.

234 3149 358 3186 vers.
374 3143 427 3189 2.

294 3217 354 3263 12
388 3214 547 3280 Lude,
602 3216 709 3280 ξω]
765 3216 944 3282 Epigr.

231 3302 358 3342 vers.
382 3296 431 3342 1.

294 3372 353 3417 13
392 3370 501 3427 Quo
522 3369 823 3435 viscumque,
844 3370 952 3435 ξω]
1016 3372 1295 3423 Disticbon

228 3454 446 3507 sequens
460 3446 515 3495 in
535 3446 798 3510 peculiare
810 3454 1103 3498 semovetur
1121 3449 1297 3513 Epigr.

232 3532 260 3566 a
282 3519 401 3571 Pet.
418 3522 651 3573 Scriver.

293 3598 355 3646 14
391 3598 717 3663 Explicitum,
735 3599 845 3664 ξω]
887 3600 1133 3666 Finitum,
1152 3602 1298 3653 abso·

229 3671 390 3722 lutum
412 3691 426 3723 =
467 3681 529 3724 ut
552 3676 732 3740 Epigr.
757 3680 869 3726 108.
889 3677 978 3728 lib.
1002 3683 1081 3729 11.

291 3750 457 3800 Eme.
475 3764 543 3801 ιι.
611 3757 636 3800 1
675 3753 938 3813 Lemmata,
958 3754 1062 3819 ξω]
1102 3755 1299 3805 Titulos

229 3839 315 3875 seu
333 3828 722 3893 inscriptiones,
739 3846 854 3895 quae
876 3831 1299 3895 Epigrammaton

230 3913 542 3966 argumenta
562 3896 804 3957 doceant.

293 3981 460 4033 Erro.
501 3997 590 4032 ιιι.
657 3988 684 4034 1
721 3984 865 4035 Secta
884 3985 1125 4050 nisi,&c.]
1182 3984 1297 4035 Nisi

229 4054 280 4104 in
320 4066 513 4108 tenues
546 4059 761 4110 laminas
793 4060 1034 4112 dissectae
1070 4076 1299 4112 essemus

999 3223 1084 3270 85.
1115 3218 1208 3271 lib.
1244 3226 1294 3270 5.

233 4134 457 4198 tabellae,
502 4133 774 4187 fuissemus
810 4147 955 4189 certe
991 4153 1179 4189 mensae
1225 4139 1304 4199 ci·-

230 4215 377 4274 treae,
400 4220 463 4262 nt
485 4213 666 4277 Epigr.
685 4218 770 4266 48.
792 4215 882 4265 lib.
902 4221 952 4267 2.
971 4232 1106 4267 vers.
1125 4221 1174 4268 9.
1211 4218 1299 4267 Se·

230 4288 487 4339 cabantur
505 4289 646 4353 ligna
663 4290 938 4341 inluminas
957 4293 1299 4350 tenuissimas,

231 4374 349 4413 cora
388 4364 745 4433 illinebantur,
772 4375 828 4418 et
859 4370 1000 4433 stylo
1022 4369 1302 4419 exarabau.

2244 433 2422 502 1439

1361 598 1466 655 tur,
1483 600 1544 644 ut
1561 593 1865 646 Gelliuslib.
1886 600 1967 646 17.
1985 611 2101 660 cap.
2120 600 2168 646 9.
2189 596 2405 660 exponit

1362 668 1554 720 Colore
1576 670 1734 720 etiam
1759 672 1947 721 diversi
1979 680 2147 732 erant,
2179 673 2327 737 lutei,
2351 674 2423 723 vi·

1362 745 1521 809 rides,
1540 748 1732 810 crocei,
1756 748 1879 809 albi,
1901 752 1997 800 &c-

1427 824 1592 873 Emo.
1617 838 1692 874 w.
1754 828 1786 874 .1
1809 824 2298 890 Δ(ῒιικὶε,ὶιιυειισοι·ιυιι]
2320 825 2425 876 Im*-

1361 900 1623 950 molantur
1644 901 1826 952 hostiae
1845 902 1897 950 in
1913 903 2048 952 atrio
2072 902 2314 964 Caesaris,
2332 916 2425 952 seu

1361 976 1509 1028 Jovis
1555 979 1832 1043 Capitolio,
1867 995 1985 1029 cum
2025 978 2266 1036 decretus
2291 980 2424 1030 Con-

1362 1055 1559 1105 sulatus
1578 1057 1659 1105 vel
1676 1057 1960 1121 triumphus
1976 1055 2425 1107 denunciaturhoc

1363 1146 1558 1194 genere
1590 1134 1935 1197 pugillarium,
1973 1150 2004 1183 a
2041 1132 2207 1184 forma
2238 1141 2293 1185 et
2324 1134 2424 1184 cir-

1364 1211 1786 1274 cumgestationis
1847 1210 2235 1272 commoditate,
2288 1210 2425 1274 quod

1362 1300 1518 1335 manu
1552 1302 1792 1352 pugnove
1836 1294 2145 1339 teneantur:
2180 1288 2317 1338 unde
2350 1288 2428 1350 37-

1362 1361 1561 1425 χειρίδια
1584 1372 1640 1414 et
1660 1365 1924 1414 manuales
1949 1364 2077 1415 dict.
2143 1363 2191 1414 A
2214 1379 2428 1414 numero

1365 1454 1487 1490 vero
1529 1439 1770 1492 foliorum
1820 1442 2130 1492 dicebantur
2172 1440 2430 1506 duplices,

1365 1516 1619 1579 triplices,
1642 1518 2018 1583 quincuplices.
2084 1517 2429 1583 Triumphau-

1363 1599 1442 1642 tes
1487 1594 1624 1643 enim
1671 1594 1785 1644 Diis
1822 1594 2059 1645 victimas
2104 1596 2428 1645 mactabant.

1362 1668 1588 1734 Domini]
1623 1670 1926 1721 Domitiani.
1993 1670 2146 1733 Areu]
2180 1670 2283 1720 Ubi
2329 1685 2431 1721 cae-

1364 1746 1639 1800 ciebantur.

1427 1826 1593 1879 Erro.
1624 1842 1678 1879 V.
1747 1833 1774 1878 1
1809 1829 2204 1893 Languiduaecd
2227 1830 2429 1881 Quibus

1366 1916 1461 1967 per
1481 1903 1717 1954 morbum
1757 1905 1840 1954 vel
1863 1913 2074 1960 oetatem
2097 1906 2331 1956 obtusior
2350 1915 2430 1957 est

1364 1980 1625 2032 oculorum
1670 1982 1825 2045 acies,
1879 1988 1940 2033 ut
1988 1997 2090 2033 non
2131 1982 2433 2035 discernant

1364 2073 1480 2124 quae
1501 2061 1696 2111 ceratis
1736 2060 2107 2125 inscribuntur,
2142 2069 2434 2114 atramento

1365 2136 1654 2190 inscribant
1672 2138 1836 2190 ebori.
2406 2163 2413 2170 ·

1432 2215 1594 2265 Eme.
1648 2229 1729 2266 vr.
1794 2220 1819 2265 1
1877 2217 2009 2265 Tium
2054 2214 2279 2279 triplices,
2327 2215 2433 2280 ξω]

1369 2288 1667 2355 Pauperum
1692 2300 1842 2341 erant
1864 2292 1979 2342 haec
2011 2291 2167 2355 dona,
2204 2292 2296 2341 sed
2322 2293 2434 2357 qui·

1366 2364 1464 2414 bus
1507 2367 1753 2416 lautiores
1789 2367 2043 2418 amatoria
2074 2374 2130 2419 et
2151 2369 2216 2418 ad
2241 2369 2433 2418 amicas

1367 2442 1683 2506 scribebant,
1702 2450 1857 2510 atque
1878 2445 1942 2495 ad
1965 2445 2077 2495 illos
2095 2445 2175 2495 bae
2192 2445 2436 2498 invicem.

1369 2519 1455 2568 De
1479 2520 1683 2571 nomine
1706 2521 1829 2571 vide
1850 2523 2034 2586 Epigr.
2055 2527 2106 2574 4.
2129 2537 2302 2587 supra.

1433 2597 1598 2649 Erro.
1622 2613 1724 2649 vn.
1790 2605 1816 2649 1
1855 2601 1976 2650 Esse
2002 2607 2123 2665 putu
2153 2615 2302 2663 ceros,
2324 2598 2433 2663 ξω]

1344 2660 1551 2740 'Gypso
1583 2678 1718 2726 enim
1749 2677 1894 2727 illitae
1931 2677 2255 2742 prestabunt
2285 2690 2433 2727 usum

1367 2759 1660 2803 ceratamm
1680 2753 2005 2818 tabellarum,
2025 2768 2175 2820 aeque
2196 2753 2436 2804 deletiles

1366 2846 1429 2882 ac
1450 2831 1576 2883 illae.

1432 2910 1593 2961 Eme.
1614 2923 1747 2960 vm.
1813 2913 1846 2959 2
1882 2909 2036 2972 Quid]
2084 2908 2331 2970 Noctem,
2353 2907 2437 3001 vel

1370 3000 1634 3037 nummos.
1671 2994 1731 3036 ut
1752 2986 1944 3050 Epigr.
1967 2999 2083 3049 seq.

1436 3063 1796 3114 Eme.1x.1
1838 3062 1978 3119 Quod
2010 3060 2230 3111 minimos
2264 3060 2439 3123 cernis,

1367 3141 1470 3205 ξω]
1506 3139 1775 3202 Nummos,
1808 3153 2029 3204 quornm
2062 3138 2262 3188 mentio
2284 3138 2339 3187 in
2356 3136 2435 3186 his

1369 3216 1728 3282 pugillaribus,
1768 3231 1874 3267 non
1910 3216 2065 3267 mitto
2107 3215 2310 3281 amicae,
2339 3214 2432 3265 sed

1370 3308 1531 3359 posco
1553 3291 1620 3343 ab
1641 3292 1749 3344 illa.

1437 3371 1600 3421 Erro.
1636 3384 1692 3420 x.
1757 3375 1784 3421 1
1814 3371 1936 3421 Non
1971 3374 2044 3420 est
2080 3367 2298 3434 munera]
2348 3369 2437 3419 Sic

1370 3447 1660 3497 Scriverius
1684 3461 1715 3496 e
1739 3446 2024 3510 cujaciano
2057 3453 2113 3496 et
2144 3446 2271 3496 aliis.
2334 3445 2436 3495 Be-

1371 3521 1613 3572 neficium
1660 3522 1787 3572 dare
1830 3522 2050 3573 Poetam
2091 3523 2221 3573 dicit
2265 3522 2438 3573 dando

1371 3614 1562 3649 vacuas
1605 3599 1824 3661 chartas,
1862 3599 2000 3666 quod
2038 3599 2189 3664 nugis
2220 3599 2325 3648 suis
2347 3612 2436 3647 eas

1372 3692 1477 3727 non
1535 3678 1848 3728 oneraverit.
1912 3677 2147 3728 Jocatur.
2226 3675 2434 3740 vulgos
2506 3678 2512 3685 '

1375 3756 1488 3807 Non
1507 3762 1615 3807 unt
1637 3773 1849 3819 munera,
1882 3772 1987 3821 quae
2005 3759 2150 3819 putas
2166 3753 2339 3816 puella.

1440 3834 1604 3884 Eme.
1629 3846 1710 3884 ιι.
1780 3837 1805 3884 1
1843 3833 1943 3882 Seu
1974 3830 2141 3880 leviter
2166 3826 2300 3891 noto]
2333 3826 2439 3877 Seu

1372 3907 1651 3959 familiares
1674 3909 1801 3969 sint,
1835 3908 1918 3958 vel
1959 3920 2141 3970 parum
2180 3903 2306 3967 noti,
2327 3903 2441 3968 qni·

1373 3985 1471 4035 bus
1525 3985 1805 4036 mittuntur
1862 3982 2118 4047 epistolae,
2169 3979 2443 4043 inscriptio

1375 4076 1583 4126 semper
1637 4059 1859 4126 praefigit
1910 4061 1926 4087 ‘
1943 4058 2072 4108 Suo’
2121 4056 2203 4106 vel
2259 4053 2439 4120 ‘Suis’

1374 4138 1511 4188 Vide
1533 4136 1717 4201 Epigr.
1739 4139 1852 4202 101.
1874 4135 1964 4185 lib.
1988 4139 2037 4184 9.

1441 4216 1605 4265 Eme.
1631 4226 1737 4264 ιιιι.
1805 4217 1832 4263 1
1868 4212 2022 4263 Flava
2039 4208 2442 4273 mmtoeJAnro.

1378 4291 1540 4342 Flava
1559 4305 1686 4355 ergo
1702 4297 1915 4340 moneta
1935 4304 2030 4354 pro
2043 4303 2198 4338 aurea
2212 4288 2439 4352 ponitur.

1378 4370 1449 4419 Et
1480 4366 1646 4431 flavos
1680 4367 1918 4421 absolute
1944 4365 2080 4417 idem
2112 4364 2263 4422 dixit,
2295 4376 2441 4439 pum-
