2985 4937
499 396 671 475 1412

497 572 547 616 et
573 565 788 629 Crispos]
855 563 1315 620 Nisiliberalitate
1333 563 1557 615 excedas

498 643 763 695 munificos
805 643 920 693 illos
964 642 1098 692 viros
1143 641 1323 693 Pison.
1365 642 1555 702 senec.

497 719 814 780 Memmium,
832 719 1092 782 Crispum.

513 833 518 838 .
559 798 594 843 9
627 793 845 857 Priores]
880 795 998 844 Nou
1021 794 1276 855 viventes,
1295 793 1388 843 sed
1409 807 1554 856 avos,

495 884 735 935 proavos,
755 877 811 920 et
831 884 931 920 non
949 869 1027 918 sui
1050 870 1167 920 aevi.

560 951 623 996 10
661 946 865 995 Ultimus
884 945 1130 1010 bonorem]
1183 946 1349 998 Quem
1378 952 1554 1010 aeqnat

493 1024 718 1087 optimus
743 1024 1009 1072 malorum.

557 1104 620 1149 12
657 1099 861 1162 figi-im,
883 1096 1206 1160 Passerinum]
1239 1096 1442 1162 Equum
1464 1112 1551 1147 ce·
1574 1154 1582 1161 ‚

492 1176 913 1301 lugubrata-ire
947 1249 1133 1313 asellos]
1169 1249 1393 1300 Vincere
1428 1263 1549 1299 ava-

490 1342 595 1390 ros,
617 1341 745 1393 quos
768 1326 939 1376 asellis
962 1334 1248 1390 comparat.

554 1405 715 1453 Erro.
737 1409 976 1452 xxxvu.'
997 1407 1029 1452 2
1049 1403 1286 1452 Nasutum
1305 1403 1545 1468 volema]

487 1479 753 1532 Urbanum
785 1481 902 1530 volo
938 1480 1238 1544 derisorem,
1257 1493 1378 1531 ‘non
1408 1480 1546 1545 pnti-

487 1557 609 1607 dum
635 1564 690 1608 et
724 1557 1077 1622 impudentem
1099 1572 1346 1621 scurram,
1365 1565 1427 1609 ut
1444 1560 1545 1623 Ep.

485 1638 569 1685 49.
589 1633 679 1685 lib.
706 1639 751 1686 1.
818 1637 918 1685 Vel
935 1650 1107 1686 acrem
1125 1642 1183 1686 et
1195 1642 1402 1686 acutum
1426 1638 1545 1687 volo

484 1726 752 1768 censorem
768 1712 1123 1777 judicemque,
1145 1727 1248 1763 non
1278 1712 1547 1764 rancidum

483 1799 542 1839 et
580 1792 802 1854 nigrum,
831 1791 920 1854 qui
961 1790 1089 1839 vitio
1125 1805 1220 1839 suo
1240 1805 1410 1840 meum
1432 1804 1548 1839 cor-

483 1872 692 1930 tumpat
733 1880 956 1916 sensnm.
1020 1866 1117 1915 Est
1148 1880 1271 1916 vero
1319 1866 1548 1929 Polypus

484 1943 593 2002 nasi
617 1941 840 2005 morbus,
857 1941 923 1992 de
945 1956 1045 2006 quo
1059 1942 1240 1992 Celsus
1262 1942 1353 1993 lib.
1371 1947 1418 1993 6.
1434 1959 1481 1993 c.
1499 1949 1547 1993 8.

549 2020 713 2069 Erro.
756 2031 1004 2069 xxxvm.
1072 2022 1097 2066 1
1137 2018 1405 2080 foemineis,
1436 2021 1547 2085 qua]

481 2095 547 2145 In
570 2093 753 2160 quibus
775 2093 998 2143 foeminae
1034 2094 1280 2150 sedentes
1312 2098 1454 2147 varia
1490 2107 1548 2149 et

483 2171 551 2221 ad
584 2185 728 2220 snam
758 2170 1034 2235 Rempnbl.
1067 2170 1385 2234 pertinentia
1425 2176 1545 2225 mis-

481 2253 606 2298 cent
628 2247 916 2312 colloquiaz
954 2246 1029 2297 sic
1062 2248 1242 2312 Epigr.
1279 2254 1362 2300 62.
1385 2252 1474 2300 lib.
1497 2257 1546 2303 8.

435 2389 439 2396 ,
477 2325 744 2387 γυναικείας
763 2325 919 2376 hasce
940 2322 1074 2391 ἕδρας
1093 2325 1127 2378 J
1132 2328 1363 2378 uvenalis
1383 2329 1400 2357 ‘
1417 2331 1545 2381 mol·

478 2401 575 2453 les'
595 2401 735 2452 dixit
756 2405 865 2453 Sat.
885 2407 938 2454 6.

497 2520 502 2525 .
540 2484 574 2531 4
612 2480 812 2545 Glaber]
847 2482 1090 2546 Dropace
1113 2482 1392 2547 depilatus.
1418 2484 1555 2549 Epi·-

416 2608 420 2629 ,
477 2571 638 2622 gram.
661 2562 738 2608 29.
759 2557 849 2608 lib.
871 2562 923 2608 2.
945 2573 1082 2608 vers.
1105 2564 1157 2610 6.

495 2679 502 2685 .
541 2641 575 2685 6
609 2636 723 2685 Nan
742 2635 928 2699 statuit]
961 2635 1084 2701 Ipse
1121 2642 1204 2687 est
1225 2637 1364 2688 inter
1384 2638 1540 2690 cinae-

476 2710 571 2761 dos
594 2711 735 2762 fossa
757 2712 985 2776 pathica.
1047 2715 1145 2764 Vel
1177 2714 1371 2779 λείχων.
1438 2717 1540 2766 Vel

476 2788 683 2852 turpius
707 2789 920 2855 aliquid.
1465 2778 1474 2789 ⁴

540 2866 700 2917 Eme.
720 2879 928 2916 xxxlx.
994 2870 1021 2916 1
1047 2866 1254 2930 Sabelle]
1273 2867 1539 2923 Sabellum

474 2941 610 2990 hunc
646 2943 1025 3005 perstrinxerat
1046 2944 1224 3007 Epigr.
1262 2948 1344 2995 85.
1379 2945 1468 2997 lib.
1489 2951 1539 2995 7.

474 3016 613 3082 quod
640 3016 797 3075 ‚belle
837 3018 1106 3082 scripsisse
1149 3020 1540 3084 Epigrammata

473 3091 573 3141 sibi
607 3092 747 3142 visus
786 3099 899 3144 est:
936 3107 1072 3142 nnnc
1094 3093 1167 3143 illi
1190 3095 1379 3160 saepius
1401 3098 1454 3146 in
1479 3113 1537 3148 os

470 3182 717 3231 regerens
753 3170 892 3235 quod
945 3168 1231 3222 affectabat
1272 3173 1289 3202 ⁸
1308 3172 1536 3239 bellum,'

468 3243 731 3302 Sabellum
772 3247 1080 3311 pronunciat
1135 3248 1256 3298 odio
1306 3248 1538 3314 dignum,

469 3322 729 3386 putidum,
763 3331 820 3374 et
851 3330 1050 3373 tantum
1088 3325 1226 3375 bello
1264 3327 1535 3391 minorem,

470 3404 721 3465 qnantum
765 3401 875 3463 ipse
924 3400 1089 3451 bellus
1131 3403 1266 3454 bono
1316 3404 1534 3471 inferior

470 3481 587 3535 est;
642 3475 718 3524 illi
751 3475 977 3542 denique
1021 3479 1241 3530 exitium
1280 3481 1531 3546 impreca-

467 3561 574 3605 tur.

463 3674 466 3677 .
532 3635 565 3681 2
599 3632 699 3682 Res
738 3638 811 3682 est
844 3634 1031 3695 putida,
1067 3634 1177 3698 θα]
1226 3635 1407 3699 Epigr.
1449 3642 1537 3687 10.’

463 3706 557 3757 lib.
585 3712 631 3759 1.
667 3709 683 3737 ‘
705 3709 883 3761 Quare
910 3710 926 3736 ‘
947 3710 1110 3760 Bene'
1135 3719 1189 3761 et
1209 3713 1225 3739 ⁸
1244 3711 1528 3763 Praeclare'

465 3782 696 3846 quamvis
720 3784 866 3833 nobis
898 3799 1041 3848 saepe
1063 3783 1296 3836 dicatur:
1328 3787 1529 3837 ‘Belle’

465 3865 523 3908 et
565 3861 580 3887 ⁴
602 3859 829 3909 Festive’
855 3859 1069 3910 nimium
1091 3876 1233 3927 saepe
1255 3863 1408 3927 nolo,’
1426 3867 1526 3915 διο.

466 3935 578 3984 Cic.
600 3939 649 3984 3.
664 3935 729 3984 de
753 3936 997 3986 Oratore.

528 4014 559 4059 4
598 4011 820 4061 Tabescas
841 4013 1040 4077 utinam,
1058 4016 1167 4080 ξω]
1221 4016 1297 4066 Ut
1317 4017 1526 4067 nomine

465 4088 556 4133 tuo
576 4099 641 4133 ex
665 4086 844 4150 primae
868 4089 1078 4157 syllabae
1116 4090 1239 4141 tabe
1271 4092 1526 4143 diminuto

460 4161 477 4186 ⁴
496 4159 747 4210 Sabellus'
765 4162 858 4213 fiat
880 4167 896 4194 ‘
913 4165 1128 4216 Bellus!
1437 4221 1451 4235 ,

483 4276 488 4283 ,
531 4235 688 4287 Eme.
709 4250 796 4288 xz..
846 4241 1002 4292 Omni
1021 4257 1210 4308 genere
1228 4241 1381 4296 officii
1406 4258 1524 4308 pro-

1194 421 1410 472 NOTAE
1458 420 1798 472 VAluoRu
1812 422 1863 470 M
1912 423 1935 470 1
1950 422 1993 471 N

1632 569 1842 615 secutus
1881 562 2053 615 Poiita
2088 563 2465 626 Pontiliannm‚
2498 578 2591 614 seu
2635 569 2702 613 nt

1631 641 1720 690 alii
1757 641 1858 705 leg.
1897 639 2297 704 Pompilianam,
2336 641 2464 691 nihil
2501 647 2703 704 praeter
2748 691 2751 694 ,

1628 717 1881 779 promissa
1902 715 2225 780 recipiebat;
2248 715 2590 781 promittebat
2610 731 2703 766 au·

1627 798 1735 841 tem
1780 792 2164 856 hareditatem,
2197 799 2288 843 aut
2331 793 2442 858 ejus
2490 798 2699 857 partem

1628 877 1751 932 post
1792 875 2029 920 mortem.
2096 869 2266 921 Poeta
2300 885 2395 935 pro
2426 871 2541 921 istis
2573 885 2698 935 pro-

1626 945 1795 996 missis
1836 946 1913 995 illi
1948 952 2167 996 mortem
2205 947 2555 1011 imprecatur:
2591 961 2699 1012 quo

1627 1022 1778 1072 simul
1822 1022 2047 1073 insinuat
2066 1023 2230 1074 stulte
2266 1023 2382 1073 fieri
2412 1022 2479 1073 ab
2505 1023 2698 1088 amico,

1626 1099 1717 1163 qui
1740 1099 1815 1149 sic
1852 1100 2075 1150 amicum
2113 1098 2392 1160 conciliet3
2426 1107 2488 1149 nt
2517 1099 2699 1149 conci-

1624 1172 1799 1236 liatus,
1814 1182 2034 1226 mortem
2049 1176 2215 1226 amico
2237 1181 2473 1239 exoptet.
2506 1175 2638 1225 Rad.

1691 1255 1717 1301 1
1757 1252 2052 1317 Credo,85c.]
2103 1251 2403 1312 Subservio,
2440 1266 2695 1316 suppara-

1624 1328 1773 1389 sitor‚
1796 1330 2047 1381 secundas
2082 1344 2199 1395 ago,
2226 1344 2346 1382 cum
2378 1328 2695 1379 Terentiano

1622 1403 1713 1454 illo
1735 1405 2033 1472 Gnathone,
2059 1406 2142 1456 vel
2164 1405 2410 1456 Graeculo
2433 1398 2575 1470 apud
2594 1403 2693 1453 Sa·
2756 1455 2757 1458 ,

1621 1482 1845 1546 tyricum
1888 1485 2081 1548 Satyra
2117 1487 2164 1533 8.
2200 1498 2338 1533 vers.
2360 1486 2476 1533 100.
2512 1481 2692 1531 adula-

1621 1564 1769 1608 tore:
1803 1560 1926 1609 item
1962 1557 2233 1608 Plutarchi
2264 1557 2361 1609 lib.
2396 1556 2465 1606 de
2494 1557 2697 1606 Discri-

1618 1635 1758 1685 miue
1777 1634 1946 1685 Amici
1966 1643 2021 1685 et
2039 1634 2360 1698 Adulatoris,
2373 1640 2431 1684 nt
2455 1633 2691 1685 et'l'heo-

1621 1710 1815 1774 phrasti
1837 1710 2082 1766 charact.
2100 1712 2152 1759 3.
2169 1718 2223 1760 et
2244 1716 2294 1761 5.

1686 1789 1716 1835 8
1752 1783 1941 1836 Pedis?
1972 1786 2240 1849 dissimulo]
2286 1783 2360 1834 At
2383 1783 2589 1849 egregii
2609 1784 2689 1834 illi

1621 1865 1892 1927 capitones
1940 1872 1997 1914 et
2051 1863 2404 1932 plagipatidae‚
2455 1864 2688 1914 homines

1621 1941 1802 1991 alienae
1842 1942 2049 2000 mentis,
2073 1940 2226 1990 alieni
2258 1940 2485 2002 arbitrii,
2505 1940 2560 1989 id
2581 1955 2687 1990 non

1623 2017 2059 2068 dissimulassem:
2084 2018 2184 2066 imo
2202 2015 2427 2066 suffitum
2448 2017 2564 2067 heic
2581 2015 2685 2065 fra-

1621 2096 2002 2158 grantissimum
2040 2095 2231 2159 patulis
2263 2094 2477 2145 naribus
2500 2094 2689 2143 hausis-

1618 2177 1753 2221 sent.
1799 2172 2002 2222 Herald.
2072 2171 2294 2235 Gemma]
2354 2172 2685 2221 Latruncnlis

1618 2248 1819 2299 vitreis.
1875 2249 2055 2313 Epigr.
2076 2254 2158 2308 72.
2190 2249 2283 2300 lib.
2304 2254 2356 2300 7.
2395 2239 2532 2299 θεῖε.
2556 2253 2603 2298 8.
2628 2256 2684 2298 et

1616 2324 1709 2375 lib.
1734 2331 1815 2377 14.
1850 2327 2027 2392 Epigr.
2043 2332 2127 2378 20.

1679 2407 1712 2452 4
1752 2403 1861 2453 Una
1875 2409 1947 2454 est
1966 2404 2067 2454 sine
2087 2403 2186 2470 me]
2235 2403 2523 2470 Turpicula
2542 2420 2679 2472 quae·

1615 2494 1774 2544 pram.

1678 2556 1987 2622 &Accipiam
2020 2559 2133 2608 bene
2167 2564 2234 2621 te,
2275 2556 2386 2621 &cd
2440 2558 2678 2610 Haeredi-

1616 2637 1746 2698 tate,
1799 2635 1881 2684 vel
1921 2635 2246 2685 hereditatis
2300 2642 2452 2700 parte
2509 2636 2676 2688 officia

1616 2718 1704 2761 tua
1727 2712 2090 2777 compensabo.
2141 2712 2233 2761 Nil
2250 2714 2371 2776 volo,
2403 2714 2512 2779 φὴ]
2555 2714 2672 2779 Epi-

1614 2796 1899 2850 grammate
1935 2792 2017 2839 63.
2062 2787 2154 2839 lib.
2192 2793 2243 2838 6.
2282 2797 2338 2840 et
2372 2791 2553 2855 Epigr.
2595 2796 2672 2841 27.

1613 2862 1705 2913 lib.
1723 2868 1770 2914 8.

1677 2942 1839 2992 Erm-
1881 2954 1998 2991 xm.
2062 2946 2095 2992 2
2129 2943 2199 2992 Et
2239 2943 2338 2993 dici
2375 2944 2529 3008 capis,
2569 2942 2670 3008 sirm]

1612 3017 1767 3071 Quod
1790 3011 1984 3082 pei-diti
2018 3018 2236 3069 hominis
2274 3027 2358 3070 est
2393 3027 2452 3071 et
2487 3014 2672 3071 eximie

1611 3084 1870 3158 dissoluti,
1906 3094 2040 3144 velle
2076 3095 2310 3147 morbum
2345 3112 2494 3147 suum
2519 3098 2669 3162 profi-

1611 3171 1738 3220 teri:
1772 3185 1943 3237 neque
1965 3177 2120 3222 caute
2153 3187 2327 3239 agere,
2358 3175 2529 3225 sinon
2561 3190 2668 3226 eas-

1612 3254 1684 3298 te.

1672 3325 1837 3375 Erre.
1895 3338 2045 3376 xm.
2107 3325 2332 3377 Unicum
2392 3335 2666 3392 cognatum

1605 3402 1759 3452 unice
1795 3403 2009 3464 landat;
2065 3403 2155 3468 qui
2197 3410 2254 3454 et
2297 3405 2408 3470 ipse
2455 3405 2666 3457 fratrem

1603 3468 1830 3529 habebat
1869 3478 2075 3545 poetam
2116 3480 2366 3543 heroum3
2421 3481 2512 3531 sed
2552 3482 2664 3546 ipse

1604 3556 1825 3620 elegiam
1839 3557 2122 3622 scribebat,
2139 3573 2202 3608 ne
2219 3566 2421 3609 starent
2431 3573 2527 3610 sua
2546 3559 2664 3610 Car·

1602 3632 1745 3682 mina
1765 3633 1948 3684 aemnla
1966 3632 2140 3684 fratri.
2172 3635 2302 3685 Rad.

1671 3715 1697 3760 l
1731 3710 2101 3775 dandumque]
2132 3710 2267 3761 Mihi
2285 3707 2473 3764 affinis.

1666 3791 1699 3837 2
1729 3787 2011 3852 Propinqua
2024 3788 2162 3852 meis]
2198 3789 2471 3839 Faventia.

1667 3867 1697 3912 8
1730 3863 1835 3914 Sole·
1883 3865 2098 3915 cedentia
2136 3863 2318 3929 fratri]
2395 3865 2655 3930 Elegiaca,

1601 3954 1756 4005 quum
1774 3940 1860 3990 ille
1880 3942 2084 3991 heroica
2105 3945 2319 4006 pangat.

1662 4020 1696 4067 4
1730 4018 1951 4079 Pectore,
2001 4017 2110 4080 isc-J
2170 4016 2403 4068 scientia
2435 4023 2492 4068 et
2530 4023 2649 4067 arte.
2724 4016 2731 4029 '⁴

1600 4093 1794 4143 Pietate
1811 4093 1967 4157 prior]
1990 4094 2107 4146 Qua
2120 4092 2260 4144 cedis
2277 4091 2430 4143 fratri
2452 4093 2644 4158 primas.

1601 4168 1733 4218 Vide
1756 4169 1989 4234 ejusdem
2011 4168 2208 4235 ingenii
2225 4170 2553 4235 Epigramma
2564 4173 2639 4237 10.

1597 4245 1685 4298 lib.
1706 4250 1784 4296 11.
