2985 4937
445 404 618 471 1192

447 561 566 615 Hoc
589 560 719 613 dicit
754 574 907 626 ergo:
949 560 1104 626 Saepe
1126 559 1359 610 celebret
1377 573 1499 623 ago-

444 653 564 689 nem
606 637 898 700 Albanum;
946 651 1093 702 saepe
1130 636 1499 700 Capitolinum.

444 715 461 743 ⁸
489 715 614 777 Hic,
640 716 828 765 multus
852 713 993 764 colat
1010 711 1287 763 Tritonida
1308 712 1358 761 in
1374 725 1500 761 auro

443 790 649 841 Albano
661 790 693 852 ;'
709 791 762 840 id
782 796 882 853 est,
901 805 1039 855 saepe
1054 790 1296 839 honorem
1312 790 1502 839 babeat

441 867 666 929 Palladi,
686 867 978 918 distributis
1009 867 1178 917 aureis
1212 866 1414 917 coronis
1446 866 1501 914 iu

439 943 666 994 victores
720 944 903 1008 agonis
946 943 1156 996 Albani.
1232 945 1248 973 ⁴
1269 942 1503 993 Plurima

445 1026 662 1085 quercus
684 1027 771 1070 eat
793 1035 888 1084 per
899 1035 1078 1070 manus
1089 1022 1308 1081 'tantas,’
1329 1019 1381 1069 id
1398 1028 1505 1081 est,

445 1097 535 1146 ille
555 1111 734 1160 magna
761 1111 918 1146 manu
934 1111 1092 1160 ·saepe
1131 1096 1328 1146 tribuat
1349 1111 1500 1161 quer-

446 1188 564 1224 cum
587 1173 932 1239 Capitolinam
956 1172 1092 1223 illius
1128 1173 1308 1237 agonis
1338 1173 1502 1224 victo-

445 1252 603 1302 ribus.
667 1251 804 1301 Vide
831 1250 1107 1301 Diatriben
1132 1250 1199 1300 ad
1220 1251 1374 1301 Statii
1404 1252 1501 1301 Sil-

446 1342 538 1377 vas
572 1343 618 1378 c.
639 1331 722 1378 42.
759 1328 970 1376 Gronov.
1033 1327 1139 1382 ‚Hic
1164 1329 1287 1376 colet
1300 1327 1503 1388 Athana,

447 1405 555 1469 ζα]
600 1404 933 1454 Domitianus
971 1402 1060 1453 diu
1080 1403 1314 1454 celebret
1335 1419 1506 1454 annua

446 1482 702 1531 Minervae
732 1480 908 1546 (quam
942 1482 1299 1544 superstitiose
1323 1479 1508 1543 coluit)

446 1558 797 1623 quinquatria,
836 1573 951 1624 quae
970 1559 1085 1622 ipse
1106 1559 1332 1609 instituit
1352 1559 1401 1608 in
1426 1573 1507 1608 ar-

446 1648 514 1684 vo
553 1633 787 1685 Albano:
841 1633 962 1684 vide
996 1636 1211 1686 Sueton.
1243 1636 1438 1685 Domit.
1458 1651 1506 1686 c.

450 1715 501 1760 4.
570 1712 738 1760 Cultus
758 1711 835 1774 ιἰι]
871 1711 1160 1763 Redimitus
1182 1728 1327 1773 auro,
1350 1713 1512 1762 velet

447 1789 560 1851 ipse
595 1789 744 1837 Deus
784 1803 848 1837 ac
881 1787 1151 1851 Dominus,
1185 1788 1262 1837 sic
1294 1789 1430 1839 enim
1451 1801 1511 1837 se

450 1865 552 1914 coli
571 1866 752 1915 voluit
819 1865 927 1915 Alii
963 1866 1067 1929 leg.
1102 1867 1297 1927 munus,
1335 1864 1386 1914 id
1410 1872 1513 1931 est,

449 1941 716 2007 frequens,
736 1950 912 1994 totus.
949 1950 1110 1994 recte.
1162 1943 1295 1993 Auro
1316 1958 1515 2007 quercus

448 2017 550 2080 eut]
583 2019 714 2068 Sunt
734 2019 820 2084 qui
858 2035 971 2068 arvo
1009 2020 1224 2070 malint·
1266 2035 1369 2084 ego
1392 2020 1514 2071 reti·

449 2096 647 2145 nuerim
669 2111 806 2158 auro,
827 2082 1193 2163 retulerimque
1212 2098 1277 2148 ad
1300 2114 1513 2150 auream

448 2186 708 2233 coronam,
731 2188 830 2237 qua
847 2174 1113 2225 redimitus
1130 2176 1330 2228 Domit.
1344 2184 1514 2227 certa-

450 2249 675 2300 minibus
690 2249 971 2300 Poetarum
995 2258 1049 2301 et
1072 2252 1375 2314 Gruterum,
1399 2270 1512 2305 sce-

450 2325 685 2392 nicisque
702 2326 836 2377 ludis
858 2329 1190 2392 praesidebat,
1213 2338 1373 2396 atque
1394 2333 1513 2383 Vic-

450 2410 589 2454 tores
607 2404 811 2455 ornavit
833 2406 1034 2455 coronis
1055 2408 1294 2472 quernis:
1329 2410 1513 2476 Epigr.

422 2486 527 2531 ⁴54.
546 2480 767 2547 infra,et
782 2475 962 2547 Epigr.
981 2489 1061 2534 82.
1077 2486 1112 2536 l.
1127 2489 1174 2535 8.
1192 2493 1249 2536 et
1264 2487 1511 2539 Juvenal.

446 2563 496 2609 6.
520 2562 634 2609 886.
660 2559 856 2610 Notum
890 2561 1048 2611 etiam
1079 2576 1321 2626 quei-uam
1362 2579 1509 2614 coro-

446 2649 563 2686 nam
592 2636 813 2687 civicam
842 2651 974 2700 esse,
995 2654 1147 2704 quam
1173 2653 1266 2704 per
1286 2640 1509 2692 adulati-

447 2726 598 2763 onem
617 2709 837 2777 primum
854 2726 1230 2768 concesserunt
1254 2719 1508 2785 Augusto,

447 2788 588 2854 quod
610 2790 752 2840 cives
778 2792 1040 2844 universos
1068 2804 1342 2847 servasset.
1410 2800 1508 2849 Est

449 2866 502 2914 in
526 2867 745 2916 nummis
769 2869 879 2932 ejus
919 2885 1037 2921 cum
1065 2872 1404 2938 inscriptione
1433 2877 1509 2925 in·

451 2948 536 2991 tra
558 2957 800 2994 coronam
840 2946 1023 3010 ipsam,
1044 2961 1116 2997 on
1137 2963 1289 2999 crvas
1312 2965 1508 3003 sauva-

447 3030 566 3081 τοῦ,
590 3029 741 3084 quam
770 3033 867 3083 pro
884 3019 1081 3073 foribus
1102 3027 1323 3089 positam
1347 3027 1510 3080 fuisse

441 3094 686 3158 Augusto
724 3096 882 3148 docet
922 3099 1078 3162 Dion,
1134 3108 1191 3152 et
1245 3105 1403 3156 Ovid.
1455 3111 1508 3159 2.

447 3172 802 3239 Metamorph.
880 3176 896 3204 ‘
931 3177 1178 3229 Postibus
1258 3182 1509 3247 Augustis

449 3247 631 3300 eadem
673 3250 918 3308 fidissima
954 3264 1128 3306 custos
1182 3257 1325 3310 Ante
1368 3259 1509 3313 fores

448 3326 611 3377 stabis
645 3328 967 3397 mediamque
991 3335 1204 3386 tuebere
1227 3340 1511 3404 quercum.’

352 3455 355 3460 ,
451 3402 607 3454 Quod
626 3404 860 3458 Tiberius
885 3412 1166 3476 recusavit,
1188 3420 1324 3466 teste
1345 3416 1510 3466 Tran-

448 3481 629 3546 quilla,
655 3498 705 3534 c.
724 3488 806 3534 26.
874 3487 1008 3537 Haec
1026 3489 1280 3542 modestia
1302 3493 1382 3542 usi
1404 3508 1509 3544 uon

448 3566 571 3609 sunt
614 3562 823 3625 pessimi
856 3565 944 3613 alii
979 3565 1240 3630 Caesares3
1289 3569 1344 3620 iu
1382 3585 1509 3634 quo·

446 3649 559 3685 rum
581 3639 818 3700 nummis,
839 3647 897 3691 ut
928 3641 981 3690 in
1015 3640 1257 3706 Augusti,
1278 3646 1510 3696 cernitur

426 3713 559 3763 ›haec
583 3730 777 3780 querna
797 3732 1008 3769 corona.
1046 3720 1278 3772 Rumires.

518 3796 550 3841 6
587 3793 767 3843 Manus
803 3800 980 3860 tantus,
1016 3795 1124 3859 ξω]
1161 3799 1298 3849 Caes.
1324 3800 1505 3849 Domi-

445 3866 601 3918 tiani:
635 3872 787 3935 cujus
821 3888 1029 3923 manum
1066 3874 1232 3938 epigr.
1276 3879 1323 3925 8.
1369 3876 1508 3927 infra
1536 3907 1543 3913 -

448 3951 623 4006 vocat,
652 3947 669 3973 ‘
689 3945 993 4009 ingentem?

513 4025 543 4069 7
581 4021 682 4070 Hic
702 4024 824 4073 colat
846 4025 1052 4089 ingenti,
1066 4026 1170 4090 δῖα]
1203 4027 1406 4079 Domit.
1425 4044 1509 4080 ce·

447 4095 618 4146 lebret
638 4098 786 4148 ludos
804 4102 1087 4166 seculares,
1117 4102 1263 4169 (vide
1287 4105 1507 4158 Sueten.

428 4183 567 4235 cap.
589 4176 641 4224 4.
667 4176 952 4228 Domitian.
988 4183 1046 4228 et
1076 4180 1414 4232 Censorinum
1438 4183 1509 4235 de

453 4248 555 4297 Die
599 4250 802 4315 Natali)
844 4254 931 4319 qui
973 4258 1259 4307 centesimo
1301 4275 1509 4325 quoquo

455 4339 591 4377 anuo
605 4329 1025 4383 celebrabantur.
1039 4333 1129 4397 Et,
1151 4335 1271 4399 quia
1289 4337 1509 4389 lustrum

1145 415 1360 464 No'rAE
1406 414 1501 462 VA
1516 412 1808 463 monum
1861 413 1941 461 IN

1575 565 1634 615 ct
1665 557 1960 609 ‘saecularis
2013 569 2176 606 annus
2235 553 2638 615 concurrebant,

1575 635 1744 687 Poeta
1766 642 1918 686 vocat
1938 636 1954 664 ‘
1970 635 2152 696 ingens
2169 634 2382 683 lustrum
2398 630 2435 681 :’
2459 647 2682 696 quam-.-

1576 727 1730 778 quam
1773 713 1982 778 quintus
2019 724 2225 777 quoque
2256 723 2417 759 annus
2458 723 2552 772 per
2580 723 2633 757 se

1575 793 1590 819 ‘
1605 805 1820 855 magnus
1835 789 1851 812 ’
1872 791 1942 839 sit
1963 788 2274 853 appellatus,
2295 794 2351 836 et
2375 789 2391 814 ‘
2408 783 2637 848 longum’

1574 867 1811 931 appellat
1863 863 2153 926 ‘lustrum,’
2187 862 2325 929 quod
2366 861 2635 925 proprium

1576 949 1659 992 est
1680 943 1906 1007 quinque
1942 954 2224 990 annorum:
2260 938 2476 1001 respicit
2504 935 2632 985 item

1577 1033 1867 1081 censuram,
1886 1031 2040 1083 quam
2077 1013 2354 1077 assumpsit
2388 1011 2485 1061 sibi
2527 1013 2635 1061 Do·

1574 1095 1836 1147 mitianus.
1899 1095 2117 1145 Sueton.
2154 1108 2269 1157 cap.
2302 1096 2353 1142 8.
2394 1090 2637 1141 Censoris

1579 1181 1754 1222 autem
1772 1177 1892 1221 erat
1913 1170 2140 1222 condere
2173 1169 2410 1218 lustrum.
2685 1214 2688 1219 ,

1642 1256 1674 1301 8
1711 1250 1833 1306 Quoe
1870 1249 2141 1311 Romuleus,
2180 1245 2288 1309 thu]
2328 1245 2490 1294 Sacra
2520 1256 2636 1307 quae

1578 1325 1782 1380 fiebant
1797 1324 1861 1374 ad
1886 1339 2027 1374 aram
2048 1323 2191 1374 Ditis
2214 1323 2267 1372 in
2286 1318 2484 1384 Campo
2496 1319 2638 1367 Mar-

1580 1405 1675 1466 tio,
1692 1402 1823 1453 ludis
1840 1403 1965 1467 ipsis
1984 1400 2317 1451 secularibus.
2339 1398 2461 1447 Val.
2478 1397 2641 1445 Mart.

1579 1485 1619 1534 l.
1634 1488 1684 1534 2.
1703 1498 1819 1548 cap.
1841 1487 1893 1533 4.
1925 1482 2061 1532 Vide
2082 1481 2222 1545 Aug.
2246 1477 2492 1530 Politiani
2513 1475 2640 1525 Mis·

1581 1561 1769 1612 cellan.
1802 1562 1957 1610 0:58.
2010 1557 2147 1608 Vide
2180 1555 2333 1621 Epig.
2374 1558 2458 1604 63.
2498 1553 2533 1603 l.
2558 1555 2639 1601 1⁰.

1581 1653 1719 1687 vers.
1743 1642 1791 1689 8.
1844 1636 2099 1687 Veldicit
2114 1634 2301 1699 Poeta,
2334 1635 2351 1663 ‘
2372 1638 2526 1683 sacra
2543 1628 2643 1679 ‘I'ess

1584 1722 1762 1764 rentus
1778 1713 1970 1776 babet:
1994 1714 2116 1780 quia
2137 1712 2432 1763 antelmius
2446 1710 2644 1760 Teren-

1585 1793 1626 1842 ti
1649 1791 2047 1854 sacrificabant;
2092 1790 2214 1841 vide
2255 1788 2348 1840 lib.
2387 1792 2468 1839 10.
2520 1792 2645 1856 Epi·

1587 1874 1922 1932 grammatum
1939 1872 2021 1918 48.
2075 1870 2163 1918 De
2200 1867 2299 1917 hac
2339 1880 2469 1917 voce
2498 1866 2515 1896 ‘
2535 1868 2638 1918 ΤΕ·

1587 1945 1779 1996 rentus'
1802 1945 1927 2011 (non
1954 1946 2210 2012 Tarentus-2
2230 1945 2395 1995 multa
2417 1946 2642 2010 Rutger·

1586 2023 2001 2074 siusl.1v.Var.
2025 2027 2104 2072 10.
2244 2036 2251 2043 ·

1649 2103 1683 2149 9
1714 2099 1812 2150 Sed
1851 2099 2015 2150 debita
2046 2097 2216 2161 tems]
2246 2097 2354 2147 Sub
2374 2097 2530 2162 hujus
2548 2097 2640 2146 im·

1587 2177 1751 2241 perio,
1786 2178 1875 2243 qui
1896 2191 2001 2227 non
2022 2190 2189 2240 pauca
2210 2174 2401 2225 struxit
2433 2175 2645 2239 templa,

1585 2255 1749 2304 multa
1771 2252 1977 2304 refecit.

1651 2337 1714 2384 10
1749 2334 1851 2384 Pro
1882 2337 2017 2382 tanto
2036 2347 2159 2396 quoe,
2185 2329 2293 2395 esa]
2324 2329 2502 2380 Nunae
2527 2343 2645 2394 pre-

1585 2426 1672 2461 ces
1689 2411 1899 2478 iniquae,
1911 2410 2065 2459 nullae
2084 2423 2182 2459 uon
2202 2406 2503 2473 probandae,
2526 2421 2642 2472 quas

1586 2503 1681 2553 pro
1695 2489 1815 2538 Deo
1833 2496 1888 2538 et
1905 2487 2133 2538 Domino
2149 2491 2327 2536 nostro
2343 2483 2645 2534 Domitiano

1581 2566 1994 2631 suscipiuntur.
2635 2573 2643 2584 ¹

1646 2644 1809 2693 Eme.
1831 2656 1893 2693 ιι.
1926 2642 2007 2692 De
2028 2638 2262 2703 Horatio]
2293 2637 2496 2703 Lepida
2526 2652 2643 2688 nar·

1580 2722 1871 2773 ratiuncula
1892 2720 1957 2769 de
1977 2719 2203 2772 Horatio
2219 2716 2462 2782 quodam,
2475 2715 2646 2779 publi·

1579 2814 1671 2850 cos
1696 2799 1845 2850 ludos
1883 2797 2047 2861 nigris
2087 2793 2308 2845 lacernis
2349 2799 2646 2855 spectante,

1583 2891 1741 2942 quum
1781 2875 2077 2939 Imperator
2120 2879 2179 2922 et
2220 2870 2441 2936 populus
2480 2870 2647 2919 omnis

1580 2968 1697 3005 cum
1709 2952 1944 3005 candidis
1962 2950 2196 3001 vestibus
2211 2947 2491 3008 assideret3
2508 2960 2651 3011 nam,

1583 3030 1756 3081 subito
1779 3028 2060 3080 decidente
2083 3027 2220 3087 nive,
2240 3024 2404 3086 nigras
2427 3023 2533 3073 illae
2570 3024 2647 3073 la-

1582 3119 1753 3157 cernae
1776 3106 1911 3156 albae
1934 3102 2089 3153 factae
2113 3107 2253 3152 sunt.
2292 3100 2434 3149 Ram.

1646 3187 1679 3233 2
1736 3180 1914 3245 Nigris
1933 3178 2157 3246 lacernis]
2209 3176 2275 3228 In
2324 3177 2459 3240 togis
2506 3176 2643 3226 enim

1583 3259 1917 3323 spectabant,
1946 3270 2046 3308 non
2070 3256 2122 3306 in
2145 3253 2387 3317 lacernis,
2407 3251 2508 3302 nisi
2532 3252 2646 3317 plu·

1582 3336 1704 3386 viali
1726 3342 1979 3398 tempore,
2014 3341 2068 3382 et
2090 3339 2198 3382 tum
2223 3329 2360 3394 togis
2387 3328 2642 3391 lacernas,
2683 3349 2684 3352 ¹

1582 3414 1817 3478 penulas,
1840 3413 2073 3477 aliasque
2098 3416 2270 3459 vestes
2303 3421 2521 3470 crassas,
2557 3408 2643 3457 vel

1583 3492 1771 3556 pluviae
1809 3491 1892 3539 vel
1935 3488 2144 3552 frigoris
2183 3484 2397 3537 arcendi
2439 3499 2642 3548 caussa,

1580 3565 2075 3633 superinducebant.
2138 3560 2453 3626 Mannum]
2486 3563 2643 3613 Forte
2713 3623 2720 3630 -

1580 3643 1929 3705 naumachias,
1966 3656 2093 3707 quas
2115 3641 2256 3690 inter
2275 3639 2527 3689 maximos
2548 3640 2639 3689 im·

1579 3721 1722 3782 brea,
1753 3718 1991 3770 exhibuit
2035 3718 2389 3781 Domitianus,
2440 3730 2557 3780 cap.
2591 3721 2641 3768 4.

1578 3798 1725 3848 Suet.
1792 3796 1988 3846 Verum
2033 3794 2240 3860 quidem
2279 3800 2359 3844 est
2392 3793 2640 3844 ‘munus’

1579 3876 1750 3940 accipi
1783 3889 1879 3940 pro
1913 3873 2050 3925 omni
2087 3886 2276 3937 genere
2317 3873 2643 3938 spectaculo·

1579 3969 1726 4015 rum,
1710 3969 1724 3982 ·
1757 3953 2067 4017 saepiuscule
2090 3957 2265 4010 autem
2295 3964 2391 4015 pro
2426 3962 2637 3999 munere

1582 4028 1926 4093 gladiatori03
1960 4028 2110 4095 cujus
2138 4025 2327 4090 editor,
2368 4027 2637 4076 ‘munera-

1582 4106 1715 4155 rius’
1736 4104 1951 4157 dicitur.
1988 4104 2094 4154 Hic
2112 4109 2288 4154 tamen
2309 4101 2635 4187 naumachias

1580 4184 1846 4248 iutelligit.

1647 4265 1677 4311 3
1733 4262 1902 4310 Minor
1932 4258 2070 4321 ordo]
2114 4257 2403 4325 Equestris.

2468 4256 2636 4309 Maxi-
2635 4324 2640 4328 .

1580 4337 1793 4403 masque]
1822 4336 2141 4389 Senatorius.
2575 4347 2578 4350 ·
2634 4347 2640 4352 ·
