2985 4937
717 431 794 477 M.
842 389 1012 477 HAL.
1060 423 1482 474 MARTIAmS
1525 418 1780 475 nmen.
1829 423 1975 475 Lm.
2020 426 2069 473 1.

285 575 412 626 licus
447 589 479 624 e
517 572 774 625 Liburnia
820 568 1087 634 oriundus,
1123 571 1271 636 cnjus
1306 571 1359 620 in

195 678 217 694 a
289 652 560 703 concilium
581 649 841 712 vocantis,
864 662 981 698 reos
1012 648 1240 711 citantis,
1274 661 1361 696 ae-

209 722 249 741 “’
291 729 455 779 tiones
487 724 862 793 proclamantis
883 740 1003 787 vox,
1036 734 1141 775 non
1175 724 1358 788 paucis

257 824 264 831 ·
288 805 551 855 horrorem
573 801 784 853 incutit.
838 802 1089 864 Qumlus,
1108 800 1215 865 ξω]
1235 801 1360 850 Fre·

292 880 569 946 quentibus
603 877 832 945 querelis
851 882 1074 941 patrono
1096 876 1359 926 molestus.

352 962 416 1007 34
456 957 724 1008 Vidamas
769 954 956 1020 procul]
1038 954 1360 1018 Improlium.

291 1034 421 1086 Quae
442 1033 760 1096 importuuoe
779 1037 834 1080 et
853 1031 980 1080 satis
1003 1043 1122 1079 cum
1143 1029 1362 1093 imperio

291 1110 660 1161 defunctorum
714 1109 941 1158 virorum
991 1121 1075 1157 res
1119 1106 1364 1156 adminis-

294 1194 455 1246 trant,
479 1194 814 1251 patronorum
837 1197 1002 1249 usque
1025 1196 1238 1247 operam
1256 1183 1364 1232 exi-

296 1270 492 1328 gentes.
576 1262 705 1313 Viro
743 1276 869 1325 ergo
908 1268 1133 1323 mortuo,
1170 1268 1365 1325 tuoque

294 1343 408 1392 oiim
435 1347 683 1406 patrono,
720 1339 893 1389 viduae
923 1339 1031 1403 ejus
1057 1339 1171 1402 jam
1198 1338 1367 1401 impe-

295 1421 426 1470 ranti
457 1419 739 1484 omniaque
760 1417 1146 1468 administranti
1176 1429 1365 1480 parere

295 1498 513 1561 coge'ris.
579 1496 914 1560 Imperiosius
944 1501 1000 1545 et
1038 1495 1366 1558 arrogantius

295 1575 561 1638 imperant
580 1573 807 1623 foeminae
833 1586 982 1638 quam
1006 1572 1123 1633 viri,
1144 1577 1368 1635 propter

293 1652 525 1701 innatam
549 1649 875 1714 superbiam.
913 1648 1052 1698 unde
1066 1648 1364 1699 Juvenalis·

294 1726 727 1777 ‘Intolerabilius
748 1726 877 1775 nibil
899 1732 1000 1788 est,
1023 1738 1178 1789 qnam
1202 1715 1368 1773 faemi-

254 1850 259 1865 ,
296 1819 361 1853 na
380 1803 572 1854 dives!
607 1804 845 1853 Badera&

359 1885 421 1932 ³⁵
451 1882 666 1944 Rampet
679 1879 852 1944 mam]
885 1880 989 1933 Qui
1010 1885 1102 1929 tua
1119 1879 1217 1929 sub
1246 1879 1368 1942 galli

299 1963 512 2007 cantum
548 1955 685 2005 ostia
727 1956 924 2020 pulsat.
992 1957 1232 2021 Pallidus,
1261 1955 1367 2020 ξω]

208 2040 214 2049 '
301 2033 516 2098 Anxius,
538 2045 812 2099 causaeque
828 2040 1088 2084 metuens.

358 2115 421 2160 37
459 2110 726 2172 Μιναίαν,
757 2109 864 2173 εγω]
913 2107 1058 2159 Alius
1080 2110 1368 2175 irrequieto

297 2185 475 2236 labore
520 2193 811 2250 aucupetur
858 2187 1025 2236 insani
1065 2188 1244 2252 populi
1285 2202 1372 2237 au-

300 2277 427 2325 ram,
470 2262 573 2312 sibi
609 2270 856 2328 tanquam
896 2263 1108 2315 deserto
1150 2270 1369 2328 patrono

297 2339 646 2404 acclamantis,
665 2341 840 2402 σοφῶς.
879 2339 999 2390 vide
1024 2353 1182 2404 supra
1204 2341 1371 2404 epigr.

299 2422 348 2467 4.
371 2432 511 2468 vers.
537 2420 588 2466 7.
656 2417 884 2467 Insanum
903 2416 1092 2483 sophos]
1150 2417 1371 2467 Contra·

298 2494 459 2546 dictio
481 2494 760 2559 implicita,
784 2496 867 2544 vel
885 2495 1200 2560 Hypallage,
1223 2495 1240 2524 ‘
1262 2496 1373 2559 ple-

299 2571 377 2622 bis
397 2571 632 2621 insanie!
699 2573 954 2623 Nonnulli
991 2574 1128 2622 enim
1163 2586 1229 2623 ex
1262 2573 1374 2623 -Ro-

297 2650 461 2699 manis
489 2648 663 2713 poetis
693 2649 938 2699 solebant
968 2649 1213 2700 mercede
1253 2664 1376 2700 cou-

299 2726 496 2778 ducere
513 2728 860 2790 auditores,et
875 2727 1173 2777 laudatores
1188 2727 1376 2777 carmi-

298 2819 438 2870 num,
458 2812 617 2870 atque
633 2805 709 2855 ita
724 2805 945 2855 mercari
970 2804 1375 2854 acclamationes

295 2881 426 2932 illas.
463 2882 621 2933 Quod
643 2881 906 2932 Martialis
927 2881 1088 2931 libffi.
1113 2887 1373 2932 testatur:

299 2960 315 2986 ‘
333 2958 488 3011 Quod
511 2965 620 3009 tam
642 2958 840 3023 grande
858 2959 1048 3023 sophos
1066 2959 1258 3009 clamat
1278 2958 1377 3009 tibi

306 3039 464 3089 turba
496 3044 703 3101 togata3
737 3036 859 3086 Non
889 3043 948 3087 tu
970 3036 1249 3101 Pomponi,
1270 3052 1374 3088 coe-

305 3131 370 3166 na
407 3116 611 3166 diserta
650 3121 742 3164 tua
774 3112 895 3164 est.'
958 3114 1036 3163 Ut
1080 3122 1137 3164 et
1182 3114 1374 3167 Horat.

300 3193 316 3220 ‘
339 3193 462 3243 Non
500 3205 603 3255 ego
643 3196 873 3240 ventosae
919 3189 1087 3254 plebis
1131 3187 1376 3254 suffragia

303 3284 469 3320 venor
510 3268 771 3332 Impensis
814 3281 1095 3331 eoenarum,
1135 3273 1193 3317 et
1232 3267 1372 3318 tritae

305 3359 517 3397 munere
542 3345 736 3394 vestis.’

364 3428 431 3474 38
464 3421 725 3486 Feliciam]
759 3422 963 3473 Horum
981 3422 1068 3488 qui
1085 3422 1253 3486 plebis
1266 3424 1374 3473 lau
1391 3437 1396 3441 ·

305 3499 454 3549 dibus
495 3497 683 3547 tumidi
725 3505 781 3548 et
822 3497 1116 3548 forensibus
1151 3500 1378 3563 negotiis

305 3575 552 3640 occupati
589 3589 649 3624 se
692 3571 875 3624 felices
932 3574 1209 3639 credunt,
1232 3575 1378 3640 digni

307 3667 431 3702 sane
455 3651 835 3702 misericordia.

366 3733 443 3779 39
473 3729 686 3792 Veroque
724 3729 926 3794 gaudio]
981 3729 1194 3779 Gaudio
1238 3738 1378 3781 tran·

307 3806 488 3871 quillae
508 3805 654 3867 vita‘,
673 3806 811 3854 curis
834 3812 892 3855 et
909 3807 1165 3856 molestiis
1178 3801 1381 3870 liberae,

304 3896 407 3931 nou
432 3881 673 3931 solicitae.
721 3881 836 3929 Non
851 3882 1098 3945 superbus]
1135 3885 1253 3933 Non
1277 3899 1383 3935 am·

307 3959 542 4022 bitiosus,
563 3972 667 4007 non
700 3958 829 4007 levis
870 3959 1053 4023 populi
1089 3974 1217 4009 aura
1235 3960 1384 4011 infla

310 4041 407 4085 tus.

369 4115 434 4160 40
468 4111 620 4175 Sara,
639 4109 743 4174 ξω]
778 4110 1089 4176 Palpburius
1113 4113 1360 4179 Sura,cae

311 4189 511 4255 terique
529 4187 698 4238 landis
718 4188 860 4237 avidi
885 4189 1129 4240 causidici
1154 4192 1272 4243 foro
1297 4208 1382 4244 va·

311 4274 446 4317 cent.
508 4267 615 4326 Tu,
636 4282 668 4316 o
695 4267 981 4329 Liciniane,
1010 4269 1218 4319 laudum
1256 4271 1384 4322 satis

316 4346 538 4410 amplum
560 4335 776 4394 titulum
815 4346 1181 4412 cumulumque
1205 4353 1384 4398 conse-

2328 410 2500 476 1111

1436 574 1590 620 cutus
1610 569 1663 619 iu
1688 568 1972 634 posterum,
2001 570 2136 620 citra
2171 569 2352 633 gloriae
2384 570 2502 635 jac·

1434 653 1607 696 turam
1650 652 1744 696 aut
1780 644 2009 695 infamias
2052 651 2249 710 notam,
2295 647 2406 697 otio
2444 651 2501 696 et

1435 725 1599 792 quieti
1623 724 1853 789 indulge.

1501 802 1672 851 Eme.-
1686 811 1756 849 ιι.
1793 805 1819 850 1
1838 800 1899 850 Si
1915 799 2286 863 tibiMistyllus,
2300 798 2403 864 ξσζ]
2422 801 2505 849 Ex

1436 877 1655 927 Homeri
1673 877 1738 927 11.
1760 894 1805 927 a.
1821 880 1940 926 465.
1957 885 2011 926 et
2029 877 2149 927 alibi
2168 874 2442 926 Μίπυλλόν
2455 875 2507 926 τ’

1437 951 1529 1017 ἄρα
1540 952 1702 1002 τᾶλλα
1713 951 1791 1003 καὶ
1807 953 1921 1016 ἀμφ’
1938 951 2178 1009 ὀβελοῖσιν
2192 951 2394 1017 ἔπειραν.
2417 953 2503 1003 AE-

1437 1032 1679 1081 milianus
1704 1046 1922 1096 coquum
1947 1045 2090 1080 suum
2130 1031 2400 1094 Mistyllum
2418 1045 2508 1094 ap·

1438 1108 1746 1173 pellaverat.
1790 1107 2011 1159 Jocatus
2024 1107 2194 1157 Poeta
2210 1107 2400 1171 quaerit
2412 1122 2506 1157 cur

1438 1196 1544 1232 non
1586 1183 1769 1232 itidem
1811 1183 1909 1232 sibi
1947 1183 2106 1233 liceat
2140 1198 2287 1233 suum
2322 1197 2516 1233 cocunt

1441 1259 1708 1323 appellare
1744 1259 2055 1324 Taratallam,
2089 1258 2229 1325 quoii
2261 1260 2314 1309 in
2352 1272 2507 1310 versu

1441 1336 1664 1387 Homeri
1682 1332 1938 1401 sequitur.

1495 1415 1852 1463 Eriu.1.11.1
1880 1412 2069 1477 Prima,
2096 1412 2206 1477 ξι]
2256 1411 2509 1477 Maxima,

1439 1488 1669 1554 pinguis,
1706 1496 1871 1551 vasta,
1905 1496 2168 1538 taurorum
2207 1491 2412 1540 scilicet
2455 1499 2512 1540 et

1441 1580 1735 1616 cervorum.
1778 1565 1867 1614 Sic
1900 1565 2233 1629 supradixit,
2254 1566 2511 1616 ‘Servan-

1445 1649 1527 1692 tur
1548 1641 1748 1705 magnis
1769 1641 1857 1690 isti
1880 1640 2174 1691 cervicibus
2197 1643 2435 1706 ungues.'

1507 1722 1539 1768 2
1572 1717 1853 1782 Δηιὸίείοοε,
1881 1718 1990 1783 ξω]
2056 1719 2171 1769 Fati
2218 1720 2435 1829 gloriam
2480 1734 2512 1770 a

1441 1795 1591 1846 leone
1612 1803 1849 1859 captans.

1508 1878 1538 1922 ὅ
1573 1874 1811 1939 Ingentis,
1850 1875 1957 1941 ἔξω]
2023 1859 2280 1924 Gloriosae
2329 1874 2512 1924 mortis

1442 1952 1541 2002 tibi
1556 1969 1587 2002 a
1605 1954 1757 2004 leone
1777 1954 1935 2004 datae.
1980 1953 2138 2004 Vinci
2161 1953 2294 2002 enim
2316 1967 2346 2002 a
2362 1952 2515 2002 forti-

1444 2027 1541 2078 bus
1564 2017 1737 2095 aliqu'a
1757 2031 1870 2080 laus
1894 2036 1991 2081 est.
2053 2030 2141 2080 Sic
2176 2029 2334 2080 ovid.
2355 2029 2446 2079 lib.
2464 2034 2530 2081 5.-

1442 2109 1581 2159 Met.
1646 2112 1663 2138 ‘
1686 2109 1883 2172 Magna
1914 2108 2053 2160 feres
2091 2108 2283 2165 tacitus
2311 2108 2515 2166 ‚solatia

1443 2185 1627 2235 mortis
1650 2185 1718 2234 ad
1753 2184 1984 2289 umbras,
2007 2185 2055 2236 A
2081 2192 2231 2237 tanto
2259 2185 2517 2236 cecidisse

1442 2260 1592 2313 viro!

1511 2339 1673 2389 Eme.
1708 2350 1827 2389 Lm.
1887 2343 1914 2389 1
1955 2339 2238 2389 Commendo
2274 2338 2389 2403 tibi]
2433 2339 2519 2388 Fi·

1445 2414 1731 2480 dentinum,
1768 2416 1835 2466 de
1864 2431 1967 2483 quo
1988 2431 2145 2482 supra
2167 2423 2224 2467 et
2253 2416 2413 2480 infra,
2435 2415 2521 2464 fu-

1446 2508 1558 2543 rem
1582 2494 1865 2543 carminum
1904 2495 2234 2558 perstringit,
2265 2502 2520 2559 rogatque

1449 2571 1843 2635 Quinctianum,
1866 2564 1928 2621 ut
1961 2572 2109 2621 testis
2144 2579 2328 2622 contra
2362 2576 2419 2621 et
2440 2584 2517 2620 as-

1450 2654 1623 2697 sertor
1645 2648 1839 2697 veniat.

1516 2729 1547 2774 3
1585 2725 1715 2780 Quos
1734 2724 1930 2787 recitat]
1966 2725 2112 2778 Quos
2134 2724 2270 2774 male
2294 2723 2417 2774 dum
2438 2738 2519 2774 re-

1451 2800 1584 2851 citat
1638 2800 1898 2864 incipiunt
1946 2814 2060 2851 esse
2113 2801 2267 2852 illius.
2353 2801 2523 2865 Supra

1451 2877 1618 2942 epigr.
1642 2881 1724 2927 39.
1788 2877 1939 2941 stus]
1987 2876 2159 2929 Poeta
2198 2877 2527 2940 Fidentiam,

1451 2956 1505 3005 in
1528 2970 1680 3021 quem
1703 2970 1923 3020 sequens
1945 2962 2027 3005 est
2049 2956 2387 3019 epigramma.

1517 3039 1547 3083 5
1581 3034 1811 3083 Amr-tor
1846 3032 2033 3097 venius]
2090 3030 2376 3081 Libertatis
2411 3031 2523 3080 vin-

1451 3110 1576 3174 deX,
1593 3109 1789 3174 injecta
1802 3124 1966 3163 ,mauu
1983 3121 2157 3159 assere
2181 3123 2271 3158 eos
2293 3108 2347 3158 iu
2370 3107 2525 3158 liber-

1449 3194 1635 3238 tatem.
1670 3188 1908 3252 Metapb.
1941 3188 2028 3237 De
2052 3184 2393 3235 assertoribus
2412 3185 2526 3248 plu·

1451 3283 1513 3317 ra
1534 3268 1650 3333 jam
1674 3267 2013 3318 eruditissimi
2034 3265 2289 3327 homines,
2326 3265 2526 3313 Brisso-

1450 3349 1586 3411 nius,
1613 3342 2125 3411 Cujacius,anneb.
2159 3343 2199 3393 1.
2238 3345 2323 3391 27.
2360 3356 2409 3391 c.
2440 3345 2524 3391 15.
2579 3357 2584 3362 ’

1452 3425 1588 3475 Hoec
1624 3431 1799 3476 autem
1844 3421 2017 3471 omnia
2051 3420 2220 3484 petita
2259 3434 2291 3469 e
2312 3420 2527 3469 Graeco-

1451 3517 1565 3552 rum
1600 3499 1857 3550 fontibus.
1921 3498 1980 3549 si
2003 3497 2120 3563 quis
2144 3497 2195 3546 in
2218 3497 2525 3546 servitutem

1455 3578 1817 3631 abducebatur
1858 3582 1950 3626 ant
1980 3574 2279 3640 petebatur,
2319 3578 2530 3637 poterat

1455 3656 1673 3723 quilibet
1696 3670 1814 3705 eum
1852 3654 1904 3702 in
1939 3653 2240 3702 libertatem
2276 3663 2528 3711 asserere,

1453 3733 1663 3784 liberali
1685 3744 1916 3781 asserere
1940 3744 2123 3779 caussa
2156 3741 2329 3788 mauu,
2351 3725 2402 3774 id
2425 3732 2529 3789 est,

1458 3825 1671 3860 manum
1706 3808 1754 3858 ei
1772 3808 1989 3871 injicere
2006 3813 2063 3856 et
2080 3803 2145 3854 ad
2159 3803 2393 3868 jndicem
2416 3804 2493 3851 ire
2512 3818 2526 3852 ε

1462 3888 1600 3953 quod
1638 3887 1929 3950 ἀφαιρεῖσθαι
1946 3883 2013 3933 εἷς
2050 3880 2312 3947 ἐλευθερίαν
2352 3880 2531 3931 Graeci

1460 3966 1674 4015 dicunt:
1727 3960 2158 4029 quemadmodum
2182 3964 2368 4010 contra
2401 3957 2533 4020 ἄγειν

1461 4041 1529 4092 εἷς
1551 4039 1784 4105 δουλείαν,
1807 4055 1923 4090 cum
1947 4040 2061 4105 quis
2083 4053 2223 4101 eum,
2247 4050 2401 4101 quem
2424 4049 2534 4085 ser-

1463 4135 1583 4169 vum
1615 4113 1763 4168 suum
1805 4116 2124 4181 autumabat,
2155 4115 2355 4179 injecta
2374 4127 2533 4162 manu

1459 4197 1515 4247 in
1538 4197 1846 4246 servitutem
1863 4193 2147 4245 asserebat.
2178 4191 2386 4241 Herald.
2441 4188 2533 4238 Sa-

1460 4273 1619 4337 tisque
1652 4272 1873 4337 praestes]
1922 4270 2183 4334 Satisdes,
2211 4266 2441 4333 praedem
2477 4272 2534 4316 te

1460 4350 1568 4401 des.
