2985 4937
732 380 806 429 M.
853 380 1024 431 VAL.
1071 380 1488 435 MARTlAms
1519 383 1781 433 nmen.
1829 385 1971 433 1213.
2018 386 2097 433 X.

298 520 568 587 ·Xiphiliu.
604 523 767 587 vesp.
788 537 888 577 uec
907 523 1171 576 dubitavit
1191 526 1368 577 Domi-

315 600 477 657 1100οε
516 600 792 664 imperium
831 601 1053 665 adeptus
1092 601 1146 651 in
1184 608 1369 653 senatu

306 676 587 740 jactare,‘-
569 724 574 727 ,
613 683 668 728 et
690 677 828 742 patri
863 691 921 727 se
953 685 1013 728 et
1034 677 1220 731 fratri
1205 693 1370 742 impe·

283 754 440 807 rium
461 754 696 805 dedisse:
747 755 865 807 illos
899 757 998 808 sibi
1033 757 1370 809 reddidisse!

309 832 584 884 Suetonius
608 848 726 898 cap.
752 838 832 884 13.
855 835 1145 886 Domitian.
1210 835 1372 900 Solus]

311 907 648 963 Adulatoriez
681 910 774 963 sed
796 910 913 962 baec
936 911 1170 963 adulatio
1191 912 1370 962 Domi·

311 985 447 1036 tiano
468 987 781 1051 gratissima.
829 988 1003 1039 Juceas
1016 986 1242 1052 habenae]
1261 987 1373 1038 (2ae-

311 1076 502 1125 sareas,
525 1062 916 1127 Imperatoria,
935 1065 1012 1115 sic
1034 1064 1203 1115 dictas
1225 1080 1255 1114 a
1274 1066 1370 1119 Ju-

309 1137 380 1187 lio
392 1137 603 1191 Caesare
620 1140 962 1204 Imperatore.
982 1139 1222 1193 Absente
1233 1142 1371 1193 enim

309 1221 478 1279 patre,
501 1232 559 1267 se
583 1231 679 1280 pro
705 1217 1030 1280 Imperatore
1053 1219 1289 1282 gerebat.

374 1295 435 1340 16
468 1293 624 1357 Inque
641 1307 727 1343 m
747 1294 916 1345 tertiae
930 1293 1061 1359 orbe]
1092 1296 1106 1324 ‘
1125 1296 1371 1360 Tertius,'

308 1376 604 1433 postremus
647 1371 702 1420 in
760 1371 1200 1423 administrando:
1252 1388 1370 1425 nam

305 1454 459 1510 pater
516 1447 829 1512 imperabat,
878 1448 1026 1501 Titus
1080 1447 1374 1516 adjuvabat,

308 1522 641 1573 Domitianus
663 1530 937 1588 correptus
947 1524 1018 1573 ob
1039 1524 1373 1576 ambitionem

309 1612 424 1651 cum
443 1609 601 1664 patre
617 1599 905 1666 habitabat,
922 1599 1251 1666 poeticaeque
1266 1607 1373 1653 stu·

305 1674 442 1727 dium
464 1676 763 1726 simulabat.
853 1724 862 1729 ,
1357 1732 1358 1735 ,

370 1756 432 1802 17
469 1752 667 1802 Cornua
695 1752 962 1809 Sarmatici
999 1758 1094 1819 ter,
1123 1754 1231 1819 00]
1288 1755 1375 1809 De

308 1826 475 1878 Cattis
516 1836 575 1878 et
613 1829 777 1879 Dacis
812 1828 941 1881 latri
969 1831 1376 1886 accolis.trium·

300 1901 431 1965 ,phos
454 1903 611 1968 (1008,
631 1904 699 1957 de
715 1906 964 1965 Sarmatis
984 1909 1213 1960 lauream
1234 1912 1373 1967 tulit.

305 1979 628 2047 Epigramm.
648 1985 727 2043 15.
747 1981 839 2033 lib.
852 1987 906 2035 8.
943 1999 1077 2037 vere.
1094 1993 1143 2040 4.
1165 2003 1260 2040 001
1284 2005 1372 2040 00

292 2060 409 2115 10111
446 2058 462 2086 ‘
485 2059 772 2111 cornutus’
814 2059 1022 2113 11100101
1057 2064 1216 2128 Ister,
1252 2067 1374 2120 vide

304 2133 490 2199 Epigr.
523 2139 578 2185 7.
610 2135 702 2188 lib.
742 2141 822 2193 10.
858 2154 997 2192 vers.
1036 2146 1087 2191 6.
1153 2144 1374 2210 Perfida]

306 2209 530 2262 Perfidia
555 2212 831 2283 gentibus,
847 2230 966 2280 quae
995 2217 1063 2268 ad
1079 2219 1271 2272 Istrum
1293 2236 1375 2274 eo·

305 2286 440 2353 1001,
461 2288 637 2341 Dacis
657 2297 714 2341 et
735 2291 1000 2344 Sarmatis.

370 2371 433 2418 18
466 2367 748 2433 Sudantem,
779 2369 888 2434 ξω]
951 2371 1155 2424 Labore
1187 2374 1376 2429 bellico

307 2441 557 2495 adversus
581 2443 765 2510 Getas,
785 2445 839 2496 id
861 2455 962 2507 est,
985 2449 1182 2501 Dacos.

372 2523 435 2569 19
464 2519 610 2586 Soepe
645 2528 877 2587 recusato,
910 2524 1019 2589 00]
1070 2527 1202 2577 Cum
1234 2542 1377 2593 eaepe

305 2601 555 2659 negatum
578 2595 655 2647 illi
676 2596 863 2650 fuisset
896 2615 927 2649 a
944 2608 1096 2665 patre
1120 2600 1378 2666 proficisci

306 2680 489 2723 contra
526 2672 781 2736 Parthos,
813 2682 871 2728 et
903 2676 1023 2727 iudo
1061 2678 1379 2744 triumphum

307 2746 518 2799 ducere.
568 2749 869 2802 Germanici
893 2768 1178 2818 cognomen
1197 2770 1377 2821 repor-

309 2825 440 2878 tavit
456 2842 489 2876 a
514 2826 796 2878 Germanis
819 2828 1063 2882 devictis.

367 2905 433 2950 20
476 2902 645 2953 Victor
667 2904 995 2969 Hyperboreo,
1017 2909 1123 2973 00]
1178 2908 1228 2961 Α
1259 2910 1377 2961 Sar·

307 2979 476 3042 matis,
496 2979 685 3041 Dacis,
713 2982 901 3040 Cattis,
925 2983 1221 3048 Germanis,
1238 2986 1377 3037 unde

306 3054 320 3079 ‘
344 3054 697 3108 Germanicus
718 3057 733 3080 ’
763 3059 959 3123 dictus,
992 3069 1050 3112 et
1091 3061 1144 3114 hi
1196 3078 1377 3116 omues

310 3133 487 3196 populi
512 3133 580 3182 ad
615 3134 841 3186 Boream
873 3145 932 3187 et
952 3137 1377 3202 Septentrionem

309 3205 565 3259 habitant.

369 3289 433 3335 21
471 3288 668 3352 Templa
686 3289 816 3353 Deo]
844 3290 1013 3355 Supra
1037 3292 1308 3358 Epigram.
1324 3300 1377 3347 4.

310 3361 475 3415 Mores
497 3365 706 3429 populis,
725 3366 836 3430 00]
884 3366 1002 3419 Lib.
1026 3375 1077 3421 6.
1102 3371 1379 3435 Epigram-

308 3446 448 3491 mate
477 3445 530 3491 4.
567 3449 626 3492 et
658 3447 709 3493 7.
747 3451 807 3495 01
837 3444 1106 3510 Epigram.
1126 3452 1176 3497 7.
1201 3464 1375 3513 supra.

314 3517 431 3569 Otia
460 3518 624 3582 ferro]
689 3520 904 3587 Pacem,
953 3522 1195 3575 confecto
1238 3525 1376 3578 bello

2305 345 2308 348 ’
2334 371 2505 439 1351

1447 525 1778 581 Germanico.
1882 562 1896 571 -

1509 607 1576 653 22
1607 602 1780 666 Astra,
1799 605 1911 654 coelo
1929 603 2111 669 nidera]
2143 604 2315 668 Patri,
2336 602 2507 668 fratri,

1444 680 1614 743 uxori,
1633 679 1738 731 filio
1754 679 2020 747 ἀποθέωσιν,
2038 682 2107 732 de
2129 696 2234 747 qua
2255 681 2374 732 vide
2397 682 2507 733 He·

1444 756 1711 807 rodianum
1744 758 1796 809 in
1833 758 2132 813 Commodo.
2195 756 2340 810 Serta
2369 757 2507 820 Jovi]

1446 834 1668 887 Laurum
1686 834 2041 886 Sarmaticam.
2074 832 2228 887 modo
2251 848 2404 885 versu
2425 838 2508 886 17.

1509 915 1575 961 24
1608 911 1807 975 Tarpeio
1829 911 1983 973 Deus,
2012 910 2123 976 θα]
2172 911 2384 961 colatur
2415 924 2510 974 pos-

1448 985 1554 1037 tius
1575 987 1789 1052 Jupiter
1824 986 2149 1050 Capitolinus
2169 985 2264 1037 sub
2285 984 2510 1049 imagine

1444 1063 1755 1128 Domitiani,
1770 1078 1924 1130 quam
1945 1063 2206 1115 Hercules
2229 1061 2280 1111 in
2302 1061 2388 1112 via
2401 1060 2510 1125 Ap-

1446 1139 1551 1202 pia.
1572 1154 1729 1204 supra
1751 1154 1883 1191 vers.
1908 1144 1953 1192 1.
2022 1139 2218 1204 Tarpeio
2237 1137 2392 1202 paen]
2415 1137 2508 1190 Jo-

1446 1217 1499 1267 vi
1520 1218 1833 1282 Capitolino,
1849 1219 1937 1284 qui
1956 1218 2223 1282 Tarpeius,
2249 1232 2282 1267 a
2301 1222 2496 1271 monte.

1514 1295 1675 1347 Eme.
1713 1307 1836 1347 cm.
1870 1295 2096 1347 Phoebus
2131 1293 2414 1345 foenerator
2454 1300 2511 1343 et

1447 1371 1678 1421 creditor
1709 1370 1988 1433 Martialis,
2009 1371 2252 1436 exigebat
2273 1369 2438 1442 foenus
2454 1376 2510 1421 et

1446 1453 1657 1499 sortem.
1714 1448 1886 1499 Poeta
1908 1463 2032 1498 vero
2048 1455 2228 1499 mutuo
2252 1449 2408 1512 petit,
2433 1461 2513 1497 se-

1448 1539 1549 1589 que
1567 1525 1692 1577 nihil
1732 1525 1922 1577 debere
1958 1527 2053 1590 ait,
2083 1526 2223 1592 quod
2257 1526 2382 1577 nibil
2422 1526 2510 1593 hag-

1445 1600 1571 1651 beat
1589 1602 1725 1652 unde
1745 1603 1931 1653 solvat.

1518 1681 1543 1728 1
1587 1677 2074 1741 Quadringentorum]
2125 1677 2347 1729 Tabulas
2392 1690 2515 1742 000·

1447 1755 1836 1821 dringentorum
1868 1754 2083 1805 millium
2102 1753 2212 1804 HS.
2233 1753 2288 1803 id
2305 1757 2406 1816 est,
2426 1753 2516 1803 de-

1447 1844 1563 1885 cem
1584 1831 1743 1881 millia
1761 1830 2171 1895 Philippeorum.
2206 1830 2334 1881 Rad-
2378 1828 2516 1880 Vide

1446 1906 1681 1972 ejusdem
1702 1907 1898 1972 ingenii
1917 1907 2097 1972 Epigr.
2118 1911 2199 1958 37.
2222 1906 2310 1957 lib.
2332 1910 2384 1957 8.

1510 1991 1547 2038 4
1580 1985 1716 2042 Quod
1737 1985 1830 2035 11ῠὶ
1850 2000 1942 2036 noa
1960 1999 2171 2049 pausum,
2200 1982 2314 2049 θα]
2359 1983 2376 2010 ‘
2399 1983 2514 2033 De·

1444 2061 1538 2114 bet
1565 2061 1722 2125 enim,
1743 2061 1788 2112 si
1811 2060 1928 2127 quis
1962 2063 2187 2125 solvere,
2203 2060 2391 2124 Sexte,
2424 2073 2514 2123 po·

1450 2136 1594 2190 test!
1615 2140 1781 2203 Ep.3.
1803 2138 1896 2188 111).
1918 2143 1968 2189 2.
2252 2154 2253 2163 ’

1514 2218 1672 2266 Eme.
1709 2229 1823 2267 etv.
1879 2219 1906 2263 1
1945 2215 2068 2272 Qaoe
2102 2228 2224 2264 nova
2252 2217 2373 2275 tam,
2409 2180 2520 2276 ξω]

1449 2297 1700 2349 Quaenam
1731 2294 1899 2345 altera
1933 2292 2077 2343 Leda
2108 2306 2141 2341 0
2170 2292 2307 2344 Jove
2350 2303 2521 2355 cycno

1448 2385 1745 2435 compressa
1788 2368 1996 2435 peperit
2033 2368 2256 2421 Hierum
2290 2373 2349 2418 et
2380 2364 2520 2417 Asu-

1447 2448 1554 2500 lnm
1579 2446 1797 2498 Castore
1814 2450 1873 2498 et
1894 2443 2112 2498 Polluce
2131 2440 2299 2494 forma
2317 2454 2422 2493 non
2443 2440 2519 2492 iu·

1448 2523 1691 2587 seriores,
1713 2523 1816 2578 imo
1833 2535 1932 2574 nec
1954 2520 2195 2594 Helena?
2261 2557 2265 2568 .

1515 2606 1545 2650 5
1586 2598 1892 2663 Therapnoeis
1920 2595 2159 2661 Amyclis]
2225 2592 2431 2645 Castori
2464 2599 2522 2646 01

1449 2676 1676 2740 Polluci,
1712 2676 1800 2741 qui
1831 2674 1939 2725 nati
1976 2670 2234 2737 Amyclis,
2255 2684 2374 2734 0οω
2397 2668 2521 2720 urbe
2622 2691 2631 2694 0

1450 2754 1717 2818 Laconiae,
1739 2761 1798 2805 ut
1814 2761 1868 2803 et
1885 2752 2194 2815 Therapnae,
2217 2748 2382 2802 velut
2401 2747 2520 2801 Sto·-

1451 2833 1624 2898 pbano
1645 2837 1702 2882 01
1724 2830 1897 2880 Plinio
1915 2828 2110 2895 placet,
2129 2824 2359 2892 θέριψιναι.
2502 2871 2509 2878 .

1515 2915 1549 2960 6
1584 2910 1706 2959 Cum
1741 2910 1913 2971 vicere,
1941 2904 2046 2971 ξα]
2103 2905 2236 2957 Cum
2258 2919 2293 2954 a
2312 2904 2523 2955 Venere

1450 2988 1705 3055 promissa
1723 2987 1929 3042 Helena
1945 2986 2060 3051 plus
2073 2985 2239 3037 valuit
2259 2983 2399 3048 apud
2420 2982 2526 3032 Pa-

1451 3068 1617 3117 ridem
1641 3066 1706 3116 de
1730 3080 1888 3115 aureo
1908 3079 2064 3129 pomo
2089 3062 2347 3128 judicem,
2370 3074 2525 3127 quan

1452 3144 1710 3209 promissa
1729 3157 1761 3193 ι
1777 3142 1990 3195 ,1011000
2022 3139 2319 3250 imperium,
2340 3152 2374 3189 0
2404 3136 2526 3186 Pal·

1450 3219 1575 3270 lade
1599 3217 1874 3283 sapientia.

1516 3298 1546 3345 7
1583 3294 1846 3345 Mansio-ees
1890 3293 2090 3354 Helene,
2133 3290 2241 3354 ξε]
2306 3289 2530 3341 Castora

1453 3379 1510 3422 et
1552 3372 1826 3422 Pollucem
1861 3371 2039 3434 potius
2065 3369 2323 3433 rapuisset
2356 3366 2531 3429 Paris,

1458 3464 1614 3514 quam
1637 3449 1916 3506 Helenam,
1937 3448 1981 3497 si
1998 3459 2146 3511 aeqne
2164 3444 2379 3496 formosi
2401 3443 2528 3496 fuin-

1457 3530 1580 3576 sent
1602 3540 1664 3579 ac
1686 3524 1879 3576 Hiems
1895 3530 1957 3575 et
1978 3522 2191 3575 Asillus.

732 3890 1660 3970 EPIGRAMMATUM
1717 3867 1937 3968 Lm.
1981 3891 2104 3966 X.

377 4053 540 4110 Eme.
563 4067 604 4103 1.
654 4052 824 4105 Omne
866 4052 988 4103 tulit
1011 4059 1260 4117 punctum
1296 4052 1379 4104 hie

315 4130 467 4193 liber,
512 4130 834 4196 paucissimis
871 4130 1136 4182 inductis:
1187 4137 1383 4196 castus,

314 4205 501 4269 dulcis,
534 4206 768 4257 eruditus
789 4213 890 4270 eat,
912 4221 1110 4257 morum
1146 4223 1380 4273 praecep-

317 4287 370 4332 10
414 4284 682 4344 1100110015
734 4283 1167 4348 descriptionibus
1224 4284 1378 4335 variis

1462 4052 1726 4115 abundat3
1760 4053 1919 4106 nullm
1941 4057 2032 4102 aut
2053 4047 2330 4100 rarissimae
2354 4044 2532 4097 edula,-

1460 4129 1648 4192 tiones,
1689 4129 1814 4195 quia
1851 4134 2088 4182 mortuus
2136 4125 2245 4176 ille
2273 4122 2531 4175 Dominus

1460 4207 1730 4273 Deusque,
1763 4206 1863 4257 boc
1902 4211 2005 4269 est,
2037 4203 2226 4269 impius
2267 4208 2532 4267 tyrannus,

1461 4297 1726 4333 servorum
1772 4296 1978 4350 suorum
2018 4281 2157 4336 ferro
2192 4293 2394 4340 caesus;
2444 4277 2531 4340 001
