2985 4937
478 408 654 479 1322

540 574 573 623 7
610 571 712 630 Qui.
726 571 814 635 sic,
836 571 945 635 &sc-J
976 569 1140 620 Pauci
1169 570 1290 620 anni
1322 569 1537 635 geniali-

475 655 561 700 ter
580 648 685 699 acti
703 647 845 713 (quae
870 645 1144 711 Epicureis
1161 660 1285 695 vera
1308 646 1417 695 vita
1438 652 1539 696 est.

475 725 658 790 Epigr.
699 729 778 775 16.
816 724 907 775 lib.
945 729 993 774 1.
1032 737 1165 773 vers.
1203 721 1286 788 4.)
1314 729 1541 789 aequant,

472 802 579 853 imo
595 808 844 866 superant
860 799 1208 865 longissimam
1226 800 1406 860 vitam,
1420 813 1537 862 quae

473 878 746 943 voluptate
769 883 934 928 caret.
988 876 1186 926 Contra
1210 889 1332 926 vero
1350 876 1538 926 Cicero

473 964 532 1008 et
566 957 806 1022 egregie:
843 956 858 983 ‘
879 955 1026 1006 Unus
1064 954 1196 1016 dies,
1229 954 1363 1003 bene
1393 960 1449 1003 et
1471 969 1539 1003 ex

474 1034 762 1098 preceptis
788 1031 911 1095 tuis,
930 1047 962 1082 o
985 1030 1344 1095 Philosophia,
1378 1039 1546 1095 actus,

469 1109 717 1175 peccanti
735 1108 1108 1159 immortalitati
1123 1116 1206 1159 est
1223 1114 1541 1175 anteponen-

472 1185 607 1246 dus,’
641 1192 691 1236 5.
714 1185 998 1236 Tusculan.
1020 1186 1224 1237 Quaest.
1278 1210 1286 1217 ·

537 1264 698 1314 Erro.
719 1275 956 1313 uxvm.
994 1262 1200 1313 Laudat
1233 1263 1471 1327 Stellam,
1506 1279 1539 1313 a

471 1354 574 1406 quo
616 1347 816 1405 proeter
866 1339 1180 1404 triumphum
1233 1339 1540 1403 Domitiani,

473 1419 717 1469 Carmine
751 1417 1094 1479 celebratum,
1128 1417 1290 1467 etiam
1322 1417 1434 1468 ludi
1468 1417 1537 1467 ad

471 1494 717 1545 bonorem
753 1494 1014 1559 Principis
1053 1500 1109 1543 et
1150 1493 1388 1544 victoriae
1429 1508 1537 1543 me·

469 1573 688 1622 moriam
726 1579 849 1622 sunt
881 1571 1026 1621 dati:
1062 1585 1217 1637 quem
1248 1577 1420 1621 tamen
1442 1571 1535 1620 bo-

470 1662 650 1699 norem
673 1649 960 1713 praesentia
981 1648 1203 1698 Coesaris
1236 1647 1534 1712 superavit3

470 1724 610 1790 quod
625 1725 703 1774 his
718 1725 900 1776 Stellae
914 1724 1051 1776 ludis
1068 1725 1320 1774 interesse
1342 1739 1446 1775 non
1466 1726 1535 1776 sit

468 1800 803 1865 dedignatus.
839 1801 970 1852 Rad.

534 1881 562 1927 1
584 1878 714 1934 Quos
733 1883 943 1942 cuperet,
963 1876 1070 1941 ξω]
1091 1878 1262 1928 Stella
1283 1890 1384 1926 non
1408 1877 1534 1927 Car·

467 1954 607 2004 mine
657 1960 860 2003 tantum
921 1953 1211 2004 celebravit
1263 1952 1534 2004 victoriam

467 2028 810 2079 Sarmaticam
842 2028 1151 2090 Domitiani,
1189 2028 1282 2078 sed
1304 2036 1363 2078 et
1384 2027 1538 2093 ludis,

470 2105 706 2169 qualibus
742 2111 885 2156 tuum
920 2105 989 2155 de
1024 2106 1318 2171 gigantibus
1350 2120 1381 2155 a
1402 2114 1458 2156 te
1479 2106 1533 2156 in

467 2182 760 2246 Phlegraeis
793 2183 1010 2248 campis,
1054 2198 1086 2233 o
1123 2183 1404 2247 Hercules,
1444 2183 1536 2234 de·

467 2259 654 2321 victis3
689 2260 772 2308 vel
809 2266 977 2323 tuum,
1010 2274 1042 2309 o
1073 2260 1303 2318 Bacche,
1323 2259 1536 2311 devicta

464 2336 620 2386 India
643 2337 974 2402 triumphum,
990 2337 1247 2388 celebrari
1263 2338 1411 2389 velis.
1444 2340 1533 2389 De

463 2413 738 2480 Phlegroea
758 2429 884 2464 vero
916 2415 1162 2465 Herculis
1186 2415 1359 2480 potius
1379 2431 1533 2482 quam

464 2492 613 2544 Jovis
642 2493 863 2543 victoria
892 2493 1287 2557 intelligendum
1322 2507 1534 2557 censeo,

466 2567 608 2633 quod
638 2575 694 2618 et
726 2570 884 2619 Silius
916 2567 1005 2618 lib.
1038 2574 1086 2619 1.
1114 2584 1201 2618 eas
1225 2569 1530 2635 conjungits

466 2646 485 2673 ‘
500 2644 682 2696 Qualis
701 2646 930 2696 odoratis
948 2644 1273 2697 descendens
1290 2647 1450 2697 Liber
1465 2647 1531 2697 ab

467 2719 657 2785 Indis,’
694 2725 794 2772 διε.
857 2723 1005 2784 Mox,
1041 2721 1188 2773 ‘Aut
1218 2738 1335 2773 cum
1374 2724 1531 2773 Phle-

464 2800 618 2862 graeis
637 2800 878 2853 confecta
894 2803 1028 2853 mole
1043 2802 1283 2867 gigantes
1304 2803 1534 2854 Incessit

465 2877 663 2941 campis
685 2886 909 2943 tangens
927 2878 1232 2942 Tyn-inthius
1255 2878 1432 2931 astra!

527 2957 560 3002 2
584 2954 754 3003 Indica
765 2954 961 3019 pompa]
983 2954 1201 3004 Indicus
1221 2955 1528 3019 triumphus.

464 3030 673 3093 Lyaeus,
702 3030 964 3094 Bacchus,
990 3029 1084 3081 ἀπὸ
1104 3032 1191 3080 τοῦ
1212 3029 1360 3093 λύειν,
1390 3032 1531 3096 quod

463 3122 615 3157 curas
655 3107 829 3157 solvat
863 3108 1039 3158 vinum
1061 3125 1077 3158 z
1121 3109 1265 3159 unde
1301 3109 1464 3159 Liber
1499 3126 1532 3160 a

462 3184 665 3234 Latinis
689 3191 771 3235 est
792 3184 1107 3249 appellatus,
1141 3184 1281 3251 quod
1304 3185 1528 3236 animum

461 3277 494 3311 a
507 3263 656 3312 -curis
677 3260 882 3312 liberet.

465 3367 470 3373 ·
528 3343 559 3389 3
597 3339 733 3389 Fecit
766 3338 1085 3404 Hyperborei,
1121 3340 1229 3404 ὅπη]
1268 3340 1419 3392 Fecit
1455 3342 1531 3391 lu-

462 3415 558 3467 dos
579 3416 854 3466 Sarmatici
874 3416 1141 3480 triumphi,
1158 3431 1313 3482 quem
1330 3426 1385 3467 et
1399 3417 1527 3467 Car·

461 3493 600 3543 mine
623 3491 902 3557 descripsit
922 3492 1106 3543 Stella.

522 3573 553 3619 5
590 3569 705 3619 Non
734 3569 810 3618 illi
844 3568 966 3618 satis
997 3573 1088 3631 est,
1119 3567 1224 3632 ζα]
1255 3569 1434 3620 Stellae
1457 3569 1527 3619 ad

457 3644 828 3696 liberalitatem
864 3660 971 3695 non
1003 3646 1131 3696 satis
1163 3653 1246 3696 est
1277 3646 1527 3713 quicquid

456 3726 653 3777 babent
671 3726 784 3776 auri
810 3725 1034 3776 Hermus
1057 3733 1115 3776 et
1135 3725 1310 3789 Tagus
1346 3725 1397 3774 iu
1436 3741 1529 3790 po-

457 3804 636 3869 pulum
678 3802 944 3868 sparsisse.
1002 3800 1191 3866 Virgil.
1235 3806 1286 3853 2.
1330 3802 1526 3867 Georg.

456 3882 473 3909 ‘
499 3881 616 3932 Nec
666 3879 884 3945 pulcher
924 3878 1158 3942 Ganges,
1194 3887 1354 3943 atque
1399 3895 1525 3930 auro

460 3956 702 4007 turbidus
727 3953 991 4006 Hermes!
1058 3955 1130 4005 Et
1156 3955 1351 4005 Noster
1383 3959 1399 3986 ⁸
1418 3972 1525 4007 sor-

457 4031 637 4083 didus'
669 4032 823 4083 dixit.

523 4114 557 4159 7
583 4110 755 4159 Omnis
775 4110 914 4160 habet
934 4124 1022 4159 sua
1041 4112 1165 4160 dona
1182 4109 1310 4174 dies]
1337 4111 1528 4163 Plures

458 4186 570 4237 dies
592 4187 881 4251 agebantur
905 4187 1034 4251 ludi,
1056 4187 1106 4236 in
1127 4188 1311 4253 quibus
1331 4188 1527 4241 instan-

458 4262 707 4313 rabantur
730 4262 887 4324 dona,
917 4277 1082 4328 eaque
1116 4265 1274 4314 varia.
1346 4266 1447 4317 Nec
1466 4268 1525 4318 li-

460 4355 548 4390 nea
579 4338 733 4402 dives]
767 4339 816 4389 Ο
851 4345 1093 4404 quantum
1125 4342 1320 4406 negotii
1353 4350 1411 4393 et
1447 4360 1527 4395 su.

1179 418 1399 474 κοτε,
1447 394 1855 474 vammum
1906 420 1983 474 m

1610 568 1751 620 doris
1791 565 2200 634 indagatoribus·
2222 565 2434 617 Critieis
2468 556 2676 617 facessit

1611 646 1723 696 liaec
1745 646 1906 695 linea!
1943 646 2268 708 Bulengerus
2291 643 2529 707 exponit,
2547 643 2678 692 ordi-

1611 735 1729 771 nem
1763 721 1986 783 dierum,
2019 721 2204 787 quibus
2242 720 2455 770 missilia
2492 719 2679 770 daban-

1612 804 1717 849 tur.
1781 798 2052 848 Turnebus
2086 803 2384 848 contextam
2409 813 2439 847 e
2464 797 2677 860 gemmis

1609 874 1814 924 lineam.
1884 873 2210 938 calderinus,
2225 887 2437 924 caveam
2461 873 2679 923 divitum

1610 958 1667 1001 et
1686 966 1894 1002 cuneos.
1962 951 2184 1015 Lipsius,
2225 964 2322 1015 pro
2352 951 2536 1000 ordine
2564 949 2681 998 snb·

1611 1030 1896 1090 selliorum,
1935 1030 2313 1095 interpretatur
2346 1029 2364 1057 ‘
2383 1028 2597 1078 divitem
2620 1026 2679 1075 li-

1612 1107 1790 1158 neam'
1824 1108 2179 1172 orchestram,
2212 1107 2262 1157 in
2299 1121 2402 1172 qua
2437 1106 2681 1156 Senatus.

1614 1184 1804 1234 Caelius
1825 1184 1998 1235 Rbod.
2022 1184 2213 1234 lineam
2237 1184 2407 1237 albam
2427 1183 2479 1233 in
2504 1195 2682 1232 carce·

1612 1261 1754 1311 ribus
1778 1262 1936 1323 Circi,
1961 1263 2051 1312 lib.
2072 1269 2123 1312 5.
2148 1276 2265 1326 cap.
2287 1265 2368 1311 14.
2422 1258 2680 1322 Raderus,

1612 1345 1920 1402 perpetuam
1964 1339 2151 1388 seriem
2196 1338 2467 1388 donorum.
2547 1336 2681 1386 Post

1611 1413 1721 1476 lios,
1755 1415 1801 1464 si
1837 1414 1953 1479 quis
1990 1415 2313 1480 conjectum
2352 1428 2481 1463 meae
2516 1413 2681 1474 locus,

1611 1490 1840 1542 dicerem
1863 1493 2166 1543 continuata
2186 1490 2348 1542 fuisse
2371 1490 2586 1541 missilia
2608 1489 2681 1538 fe·

1613 1582 1785 1619 rarum
1812 1574 1866 1617 et
1892 1570 2179 1633 volucrum,
2200 1584 2315 1634 quas
2339 1566 2681 1632 capiebantur

1611 1643 1769 1707 linea,
1815 1644 1954 1709 quod
1995 1645 2123 1695 retis
2161 1659 2322 1708 genus
2365 1651 2465 1695 est.
2545 1642 2680 1692 Vide

1612 1734 1729 1786 quae
1753 1721 1817 1770 ad
1834 1722 2050 1771 Senecae
2069 1721 2418 1786 Hippolytum
2439 1734 2576 1771 vers.
2594 1724 2679 1771 46.

1610 1804 1669 1848 et
1697 1798 1862 1849 Pierii
1886 1798 2232 1864 Hieroglypb.
2254 1802 2306 1849 7.
2370 1797 2542 1861 Dives,
2575 1795 2681 1862 ζα]

1610 1874 1833 1924 Missilia
1869 1876 2108 1926 ludorum
2143 1874 2323 1926 Stellze
2347 1874 2681 1925 commendat

1610 1950 1698 2001 illo
1721 1952 2106 2017 Epigrammate
2144 1952 2422 2018 Martialis,
2458 1966 2691 2018 quorum·

1609 2028 2047 2092 magnificentiam
2067 2035 2123 2079 et
2143 2029 2462 2093 opulentiam
2486 2028 2681 2079 descri-

1608 2103 1739 2156 bens
1775 2107 1869 2169 ait,
1906 2120 2009 2156 non
2048 2105 2122 2157 illi
2160 2107 2284 2156 satis
2323 2106 2482 2156 fnisse
2521 2120 2679 2156 aurea

1609 2181 1747 2233 dona
1767 2183 1819 2233 in
1840 2185 2088 2248 populum
2105 2197 2354 2248 spargere
2366 2200 2382 2247 ;
2406 2183 2498 2233 sed
2519 2182 2678 2233 etiam

1607 2261 1914 2324 margaritas
1936 2260 2155 2324 misisse,
2175 2276 2290 2327 qum
2322 2276 2449 2311 auro
2480 2260 2677 2325 pretio-

1607 2338 1783 2388 siores.
1817 2338 1946 2391 Quis
1964 2352 2085 2402 ergo
2101 2338 2185 2388 liic
2202 2352 2306 2388 non
2324 2337 2473 2388 videt
2489 2338 2678 2388 lineam

1607 2413 1824 2465 divitem
1863 2429 1930 2464 ex
1972 2429 2162 2480 genere
2199 2415 2466 2465 missilium
2499 2413 2681 2479 fuisse,

1607 2506 1724 2557 quae
1765 2492 1818 2541 in
1864 2493 1999 2543 ludis
2039 2494 2221 2544 Stellae
2257 2495 2454 2559 populo
2497 2506 2678 2559 sparsa

1605 2569 1763 2618 sunt?
1794 2568 2039 2619 Gemmas
2075 2577 2131 2619 et
2167 2570 2476 2634 margaritas
2496 2569 2552 2618 in
2576 2569 2677 2618 illis

1606 2643 1883 2694 missilibus
1901 2646 2078 2712 spargi
2099 2647 2277 2697 solitas
2296 2646 2530 2696 ostendit
2547 2645 2674 2696 Sne-

1606 2720 1794 2771 tonius.
1860 2722 2003 2785 Ergo
2026 2737 2125 2787 per
2145 2722 2336 2772 lineam
2355 2722 2576 2772 diuitem
2600 2723 2680 2772 in-

1606 2797 1771 2861 telligi
1795 2797 1994 2848 debere
2026 2806 2231 2849 certum
2259 2805 2346 2849 est
2377 2799 2676 2863 margarita·

1606 2888 1719 2925 rum
1741 2876 1947 2926 lineam.
2001 2877 2019 2905 ‘
2041 2877 2219 2926 Lineae
2242 2875 2676 2941 margaritarum,'

1605 2958 1663 3002 et
1699 2952 2134 3017 ‘margaritarum
2171 2953 2223 3004 in
2261 2953 2432 3004 linea'
2478 2955 2675 3005 mentio

1603 3030 1743 3095 apud
1759 3030 1796 3081 J
1800 3033 2194 3084 urisconsultos.
2245 3035 2263 3062 ⁴
2284 3033 2452 3083 Filum
2473 3047 2678 3097 marga·

1603 3108 1844 3158 ritarum'
1865 3110 1953 3159 alii
1967 3110 2150 3161 dixere
2164 3127 2180 3172 ;
2199 3110 2287 3160 alii
2306 3111 2324 3139 ‘
2337 3110 2536 3161 linum.'
2552 3111 2675 3160 Ter-

1604 3185 1845 3236 tullianus
1875 3186 1943 3237 de
1978 3187 2181 3238 Habitu
2201 3187 2485 3238 Muliebris
2522 3189 2673 3239 ‘Uno

1602 3261 1708 3310 lino
1743 3260 1918 3313 decies
1954 3265 2259 3316 sestertium
2290 3264 2534 3315 inseritur
2549 3264 2585 3316 ε’
2618 3265 2672 3315 id

1602 3342 1702 3401 est,
1725 3338 1813 3387 uni
1833 3337 1939 3404 filo,
1958 3340 2045 3391 vel
2068 3341 2158 3391 uni
2180 3340 2365 3391 linere:
2390 3356 2508 3392 nam
2531 3342 2674 3393 linea

1601 3420 1685 3463 est
1718 3412 1864 3479 σειρά.
1930 3416 2070 3467 Hinc
2108 3417 2427 3469 monolinum
2450 3419 2673 3483 simplex

1600 3492 2002 3554 margaritarum
2022 3493 2195 3545 linea:
2231 3502 2292 3546 ut
2326 3494 2540 3545 dilinum
2560 3495 2673 3545 *du-

1600 3566 1726 3630 plex
1741 3583 1755 3616 ε
1781 3570 2012 3621 trilinum
2031 3572 2245 3636 triplex,
2258 3575 2360 3624 ὅτε.
2375 3573 2460 3624 vel
2474 3573 2671 3638 triplici

1599 3642 1740 3695 linea
1759 3646 2054 3712 margaritae
2074 3648 2307 3700 insertae.
2333 3649 2540 3699 διώκω.

1669 3724 1701 3771 8
1738 3726 1928 3791 Rapina
1947 3726 2101 3790 cudit]
2137 3727 2379 3791 Direptio
2402 3727 2670 3779 missilium

1599 3820 1694 3869 per
1714 3812 1936 3855 tesseras
1959 3810 2017 3853 et
2038 3804 2150 3854 sine
2178 3804 2407 3856 tesseris.

1661 3887 1696 3933 9
1729 3883 2037 3932 Namimnta
2064 3880 2265 3945 nimbis]
2297 3882 2408 3932 HS.
2440 3882 2610 3947 sparsi
2638 3897 2668 3933 e

1599 3959 1718 4008 loeo
1741 3958 2033 4022 superiore.

1665 4040 1730 4086 lo
1753 4036 1897 4085 Nunc
1916 4035 2006 4083 dat
2024 4038 2275 4099 spectatas,
2288 4034 2397 4099 ξω]
2420 4033 2485 4083 In
2504 4034 2667 4100 spbae·

1598 4112 1726 4163 rulis
1747 4125 1839 4162 seu
1858 4112 2068 4161 tesseris
2086 4111 2289 4175 ligneis,
2311 4125 2427 4176 qnae
2449 4126 2665 4177 sparge-

1597 4190 1789 4241 bantur
1804 4189 1857 4237 in
1874 4188 2141 4253 populum,
2155 4187 2409 4252 inscripta
2425 4196 2549 4238 sunt
2560 4203 2664 4239 mu·

1601 4281 1728 4317 nera
1759 4265 1918 4329 vulgo
1958 4278 2186 4326 cessura,
2227 4267 2311 4316 vel
2348 4265 2570 4316 visarum
2609 4273 2663 4316 et

1600 4342 1936 4410 praesentium
1982 4342 2065 4393 vel
2105 4341 2397 4392 absentium
2438 4338 2661 4395 ferarum
