2985 4937
437 404 612 473 1164

438 567 663 617 tur-alem
707 564 931 629 genium.
965 561 1095 615 Rau.
1170 566 1329 616 Ver-‘na
1352 564 1499 630 liber]

441 641 627 692 Romae
670 648 842 692 natus.
864 642 930 691 de
961 656 1123 694 verna
1140 642 1234 694 lib.
1262 648 1307 692 1.
1332 645 1501 707 epigr.

441 723 526 770 42.
552 733 686 768 vers.
712 722 759 769 1.

505 796 666 845 Eme.
691 809 758 845 ιι.
810 794 892 844 Aa
927 795 1101 845 tibrum
1131 796 1290 860 suum]
1325 797 1505 847 Conti-

439 874 652 923 net'hoc
674 873 997 936 epigramma
1025 871 1274 921 urbanam
1301 879 1356 922 et
1379 887 1506 921 sane

328 954 333 959 ’
440 949 704 1015 poetieam
726 949 873 1013 hujus
912 949 1030 997 libri
1066 949 1404 1011 prosphonesin
1439 947 1507 998 ad

443 1028 751 1078 Faustinum
795 1027 1016 1076 amicum
1056 1041 1232 1087 suu1n3
1281 1043 1311 1075 a
1335 1041 1438 1092 quo
1464 1027 1510 1077 si

442 1103 749 1167 recipiatur,
767 1102 893 1152 dicit
915 1116 1154 1152 securum
1173 1116 1288 1151 esse
1307 1117 1458 1165 posse
1478 1118 1511 1153 a

443 1179 747 1229 criticorum
780 1177 1055 1227 morsibus.
1094 1179 1337 1230 Ramires.

510 1260 539 1305 1
580 1257 730 1317 Cuius
750 1255 840 1317 nis,
862 1255 971 1319 ξω]
1005 1254 1240 1306 Imitatio
1264 1257 1510 1307 Catullia-

446 1346 535 1394 na,
567 1332 584 1360 ⁴
603 1332 702 1381 Cui
724 1330 861 1380 dono
885 1329 1115 1394 lepidum
1138 1345 1329 1382 novum
1366 1333 1512 1383 libel·

447 1410 594 1474 lum,'
617 1414 902 1460 &c.*carm.
920 1414 963 1460 1.

454 1530 459 1533 .
510 1491 544 1536 2
602 1486 869 1550 Vindicem]
933 1487 1280 1552 Assertorem,
1332 1495 1512 1554 patro·

448 1577 592 1613 num.

513 1644 546 1689 3
583 1640 661 1690 Ne
680 1640 890 1704 nigram,
918 1640 1026 1705 ξω]
1056 1642 1141 1692 Ne
1179 1641 1436 1691 damneris
1458 1641 1514 1690 in

449 1718 674 1767 culinam
698 1726 755 1768 et
775 1720 1243 1782 aromatopolarum
1266 1720 1513 1769 tabernas

449 1810 548 1859 pro
579 1796 764 1846 charta
804 1797 988 1862 inepta
1020 1796 1245 1847 infelicis
1279 1796 1416 1859 genii
1455 1802 1516 1847 et

449 1870 565 1935 fati,
585 1877 732 1923 waste
748 1889 910 1938 puper.
933 1876 1079 1924 Pers.
1103 1879 1148 1924 1.
1172 1877 1263 1923 43.
1274 1871 1515 1937 Nigrum]

461 1950 838 2012 Fuliginosam.

410 2090 415 2097 ι
511 2029 544 2075 4
562 2026 833 2091 Gordyllas]
851 2026 1156 2089 Pisciculus,
1176 2034 1355 2091 partus
1368 1982 1519 2091 thyn-

396 2144 402 2153 .
451 2116 650 2153 norum.
672 2102 792 2153 vide
816 2103 954 2152 Plin.
979 2104 1013 2152 l.
1038 2108 1087 2154 9.
1111 2117 1160 2153 c.
1186 2108 1267 2153 15.
1288 2111 1342 2153 et
1367 2104 1403 2152 l.
1430 2107 1516 2154 23.

452 2194 501 2229 c.
524 2184 604 2229 11.
638 2180 842 2230 Graecis
863 2180 1151 2243 πηλαμύδες,
1177 2196 1304 2245 quas
1324 2181 1518 2230 limosas

451 2256 633 2306 vertit.
677 2258 899 2321 Madida,
915 2258 1020 2321 ξω]
1052 2259 1204 2320 Oleo,
1227 2259 1280 2308 in
1304 2274 1405 2323 quo
1427 2256 1519 2323 frig

455 2330 652 2395 guntur
669 2333 839 2397 pisces
859 2335 1052 2385 chartis
1073 2332 1329 2387 involuti.
1315 2336 1519 2400 epigr.

455 2413 536 2459 87.
557 2410 595 2460 l.
617 2414 667 2460 4.
688 2424 820 2461 vers.
845 2415 899 2462 7.

454 2516 463 2522 -
519 2491 550 2535 6
578 2487 825 2552 Cucullae]
870 2488 934 2538 ln
963 2486 1181 2539 formam
1203 2488 1395 2539 cuculli
1412 2445 1519 2539 for·

454 2568 662 2612 mantun-
703 2563 895 2614 chartae
954 2565 1140 2630 quibus
1184 2566 1522 2616 involvuntur

456 2645 720 2690 aromata:
741 2639 804 2691 εἷς
818 2639 905 2690 τὸν
924 2641 1205 2698 λιβανωτὸν·
1221 2644 1520 2703 marm-eucine.

456 2716 858 2769 Anaxandrides
888 2718 1030 2783 apud
1066 2716 1378 2769 Athenoenm
1398 2719 1449 2780 j.
1471 2723 1522 2771 9.

456 2806 509 2843 e.
543 2798 596 2843 4.

464 2911 469 2914 »
522 2879 556 2924 6
588 2874 652 2924 In
670 2874 861 2924 sinum?
889 2873 1089 2939 sapisti]
1124 2872 1190 2922 In
1213 2872 1444 2922 favorem
1464 2879 1524 2922 et

456 2952 807 3015 patrocinium
841 2950 1110 3012 Faustini3
1143 2951 1211 3000 de
1234 2964 1334 3017 quo
1353 2949 1522 3015 epigr.

458 3029 602 3079 26.l.
628 3033 676 3078 1.

520 3110 552 3155 7
591 3106 765 3168 Cedro,
805 3104 914 3169 qm]
949 3103 1057 3154 Sub
1098 3101 1198 3152 hoc
1221 3103 1523 3152 Maecenate

456 3181 904 3231 immortalitatem
928 3194 1129 3244 speres,
1167 3180 1283 3229 oleo
1307 3179 1526 3230 cedrino

458 3259 702 3308 inunctus
753 3264 935 3307 contra
990 3258 1157 3308 tineas
1196 3262 1253 3306 et
1295 3258 1524 3308 cariem·
1507 3293 1525 3319 ,

458 3335 475 3364 ‘
494 3335 610 3385 Nec
633 3332 813 3382 titulus
836 3333 1016 3396 minio,
1038 3348 1136 3383 nec
1159 3332 1320 3382 cedro
1344 3334 1527 3383 charta

459 3409 711 3460 notetur.’
750 3409 910 3459 Ovid.
933 3410 1092 3460 Trist.
1117 3415 1160 3460 1.
1186 3409 1269 3459 El.
1296 3414 1343 3460 1.
1376 3410 1391 3436 ‘
1412 3424 1531 3473 spe-

460 3500 634 3536 ramus
668 3486 893 3536 carmina
940 3485 1067 3549 fingi
1112 3486 1278 3538 Posse
1320 3485 1531 3536 linenda

460 3562 657 3624 cedro,’
675 3566 775 3612 διο.
821 3562 1078 3612 Horatius
1104 3563 1170 3612 ad
1194 3563 1428 3613 Pisones.

526 3643 560 3688 8
592 3639 806 3702 Frontis,
823 3640 929 3703 Suu]
952 3640 968 3667 ⁴
982 3638 1177 3703 Fragili
1194 3641 1414 3703 geminae
1437 3656 1530 3706 po-

460 3713 656 3768 liantur
667 3716 873 3778 pumice
884 3714 1117 3765 frontes.'
1133 3716 1295 3768 ovid.
1310 3722 1357 3766 l.
1367 3719 1529 3769 Trist.

461 3793 547 3843 El.
571 3798 618 3843 1.
642 3793 762 3844 vide
784 3794 954 3857 epigr.
977 3794 1115 3845 67.1.
1141 3799 1188 3844 1.
1212 3810 1348 3845 vers.
1373 3800 1452 3845 12.

526 3875 561 3919 9
592 3869 901 3935 Luxurieris]
934 3871 1223 3921 Luxuriose
1245 3872 1464 3922 orneris.

458 3984 467 3991 .
529 3950 593 3996 10
626 3947 876 4010 Purpura,
913 3948 1022 4011 &cd
1053 3947 1218 3996 Pellis
1250 3961 1533 4014 purpurea,

463 4037 556 4072 seu
576 4023 880 4073 membrana
896 4024 1086 4074 rubens
1111 4024 1194 4073 vel
1215 4039 1500 4089 purpurea.

530 4104 592 4151 11
632 4101 796 4165 Cocco,
832 4102 942 4165 ξω]
974 4102 1147 4152 Cocco
1172 4107 1387 4152 notetur
1407 4103 1533 4153 titu-

465 4180 567 4243 lus,
580 4181 719 4245 quod
746 4182 967 4246 primum
988 4181 1151 4231 minio
1172 4179 1390 4234 factum.

534 4261 598 4311 12
631 4257 726 4307 Illo
760 4257 966 4320 vindice,
1002 4259 1107 4321 δῖα]
1162 4258 1277 4309 Nec
1321 4258 1534 4309 criticos

474 4345 674 4397 ungues
707 4333 1038 4397 castigator-is
1059 4333 1390 4399 severissimi,
1413 4349 1537 4401 qua-

1141 421 1359 471 NOTAE
1409 413 1747 471 vAmoRu
1759 421 1812 469 Μ
1861 419 1941 470 ΙΝ

1579 566 1643 615 lis
1683 563 1786 615 fuit
1824 566 1903 618 M.
1921 566 1992 615 V.
2020 564 2223 615 Probus
2265 565 2534 630 Berytius,
2552 564 2640 631 qui·

1579 643 1931 692 emendationi
2004 642 2252 693 librorum
2323 644 2638 707 potissimam

1580 733 1792 783 operam
1813 718 1981 781 dedit,
2017 726 2154 769 teste
2188 719 2436 770 Suetonio
2458 719 2547 769 lib.
2575 719 2642 768 de

1580 794 1974 845 Grammaticis.

1648 874 1810 922 Eme.
1835 886 1923 922 ιιι.
1970 867 2035 920 'In
2075 872 2329 921 Mulierem
2368 868 2646 933 deformem]

1583 947 1780 998 Irridet
1810 949 2025 998 stultam
2049 946 2306 997 faeminam
2340 949 2555 1013 pulchra
2576 944 2647 995 fa-

1583 1026 1683 1089 cie,
1708 1034 1763 1077 et
1775 1025 2056 1077 foedissimo
2074 1035 2318 1091 corpore:
2356 1042 2472 1093 quae
2491 1038 2645 1090 quum

1586 1108 1769 1166 tegere
1823 1118 2035 1169 coran,
2092 1110 2147 1153 et
2195 1103 2406 1168 aperire
2465 1101 2649 1152 faciem

1586 1181 1870 1245 debuisset,
1915 1189 2099 1232 contra
2129 1182 2340 1232 celabat
2372 1180 2563 1230 faciem
2594 1182 2650 1228 et

1584 1259 1779 1308 nudum
1816 1274 2006 1323 corpus
2028 1258 2356 1308 ostendebat.
2392 1257 2628 1308 Ramires.

1652 1339 1680 1385 1
1718 1337 1878 1398 Nigro
1908 1334 2160 1398 velamine]
2198 1335 2285 1384 Ita
2308 1334 2493 1398 optimi
2515 1330 2650 1393 libri,

1588 1417 1643 1461 et
1661 1412 1880 1477 requirit
1900 1411 1960 1461 τὸ
1981 1412 2129 1476 aperi.
2160 1411 2298 1461 Vide
2321 1409 2650 1462 Scriverium.

1588 1485 1695 1535 Alii
1719 1488 2028 1538 medicamina
2047 1489 2175 1538 velus
2190 1505 2206 1538 .-
2229 1495 2286 1538 et
2307 1487 2654 1557 interpretan-

1588 1567 1675 1611 tur
1697 1564 1915 1628 OEsypo,
1937 1564 2279 1614 medicamine
2304 1571 2359 1613 et
2404 1563 2655 1611 incrusta-

1589 1646 1767 1689 mento
1784 1640 2087 1704 cosmetico,
2112 1640 2250 1705 quod
2272 1640 2305 1692 J
2313 1637 2545 1689 uvenalis
2570 1649 2655 1685 vo·

1590 1726 1680 1764 cat
1699 1719 1965 1767 tectorium.
2003 1717 2055 1766 S.
2077 1721 2128 1766 6.
2147 1720 2263 1765 463.

1652 1795 1685 1841 2
1717 1792 1815 1842 Sed
1853 1808 1963 1855 non,
1994 1793 2103 1858 ξω]
2136 1782 2247 1845 8εᾶ
2283 1789 2508 1841 deformi
2544 1801 2653 1839 cor-

1588 1881 1716 1933 pore
1737 1870 1899 1921 violas
1923 1885 2097 1936 aquas.

1653 1950 1685 1996 3
1726 1947 1922 2005 Deam,·
1956 1947 2062 2011 afa]
2122 1946 2290 2012 Aquae
2342 1942 2654 2009 Nympbam.

1592 2024 1751 2074 Omni
1784 2032 1957 2074 autem
1979 2022 2113 2073 fonti
2148 2021 2467 2073 credebatur
2488 2021 2658 2069 inesse

1592 2116 1800 2167 numen,
1824 2109 2043 2167 propter
2066 2099 2458 2167 perennitatem
2482 2100 2652 2146 scatu-

1592 2195 1745 2245 ginis.
1999 2210 2002 2211 ν

1657 2260 1690 2306 4
1722 2256 1811 2307 Vel
1835 2257 2052 2306 tunicata
2081 2254 2211 2318 lava]
2246 2251 2505 2303 Deforme
2524 2249 2659 2300 enim

1593 2346 1785 2396 corpus
1822 2332 1998 2397 arguit
2034 2347 2183 2397 aeque
2228 2330 2517 2381 deformem
2553 2337 2662 2377 esse

1594 2408 1970 2475 faciem‚quam
1996 2412 2149 2475 tegis,
2174 2410 2258 2459 vel
2282 2407 2535 2459 fucatam.

1612 2490 1923 2540 Εινιειην.
1959 2494 1987 2540 1
2013 2491 2237 2552 Romam,
2260 2491 2368 2555 ἅμ]
2401 2486 2659 2554 Loquitur

1596 2580 1714 2616 cum
1736 2566 1869 2617 libro
1907 2582 2020 2631 suo,
2043 2582 2196 2633 quem
2219 2568 2436 2617 Romam
2466 2562 2664 2619 mittit3

1596 2650 1654 2694 et
1675 2644 1914 2694 continet
1934 2644 2256 2708 epigramma
2283 2644 2486 2708 justam
2509 2650 2667 2706 qnan-

1598 2719 1718 2769 dam
1740 2720 1913 2785 poe'tae
1936 2721 2356 2786 indignationem.
2415 2717 2666 2771 Queritnr

1597 2796 1735 2846 enim
1775 2796 1841 2847 de
1885 2797 2239 2847 Romanorum
2261 2795 2498 2858 fastidio,
2525 2790 2665 2843 etde

1598 2879 1847 2937 corrupto
1883 2888 2060 2923 eornm
2096 2872 2316 2938 judicio,
2340 2872 2428 2938 qui
2453 2886 2516 2922 eo
2539 2876 2665 2919 tem-

1598 2965 1729 3013 pore
1767 2950 2082 3000 citharoedos
2123 2950 2281 3014 longe
2311 2945 2665 3015 proefetebant

1597 3026 1790 3091 poetis.
1827 3028 1971 3078 Ram.

1663 3108 1696 3153 2
1729 3103 1965 3167 AEmilioe,
2000 3103 2107 3168 Esou]
2139 3103 2294 3153 Viam
2315 3100 2577 3153 AEmiliam
2598 3092 2664 3144 ab

1599 3180 1807 3231 AEmilia
1824 3179 2039 3243 regione
2078 3178 2144 3228 ad
2178 3176 2467 3227 Bononiam
2508 3182 2667 3236 usque

1600 3257 1796 3308 stravit
1810 3257 2043 3307 AEmilius
2076 3254 2329 3319 Lepidus,
2353 3268 2454 3319 qua
2479 3252 2581 3301 itur
2602 3243 2667 3295 ad

1602 3335 1793 3383 Forum
1838 3335 2050 3384 Cornel.
2086 3332 2207 3383 vide
2239 3332 2395 3384 Joan.
2437 3325 2669 3393 Baptist-

1600 3410 1690 3461 Pii
1712 3408 1908 3462 Annot.
1924 3410 2074 3460 Post.
2092 3423 2208 3473 cap.
2230 3411 2313 3459 27.

1665 3491 1698 3537 4
1736 3488 1947 3548 Comeli,
1988 3486 2096 3550 &cd
2153 3487 2315 3535 Potes
2355 3478 2668 3548 respondet·e

1601 3578 1686 3614 me
1706 3577 1820 3613 esse
1842 3564 1898 3613 in
1913 3562 2026 3613 foro
2046 3562 2305 3613 Cornelii:
2326 3576 2484 3627 supra
2503 3557 2665 3622 epigr·

1604 3645 1653 3691 1.
1673 3655 1810 3690 vers.
1828 3644 1876 3691 1.
1898 3641 2043 3690 dicto
2066 3653 2096 3688 a
2116 3639 2279 3704 Sylla.

1668 3722 1699 3766 15
1741 3716 1970 3767 Breviter
1991 3721 2065 3779 tu,
2098 3715 2204 3780 δια]
2240 3715 2400 3766 Varie
2430 3730 2462 3764 a
2495 3705 2666 3763 multis

1606 3792 1939 3858 dispungitur
1980 3794 2066 3842 hic
2106 3807 2312 3842 versus:
2350 3790 2490 3841 refer
2524 3784 2706 3837 mua..

1605 3870 1673 3920 ad
1695 3870 1843 3920 taedia
1858 3870 1913 3919 in
1935 3876 2178 3934 sequent.
2202 3884 2374 3920 versu.
2438 3866 2669 3920 Quaeret,

1605 3948 1795 4012 inquit,
1813 3949 1996 4009 Roma,
2019 3963 2114 3997 cnr
2128 3947 2324 3997 absim·
2360 3946 2588 3996 breviter
2610 3943 2667 3986 tu

1606 4023 1795 4088 fatere,
1816 4025 1872 4073 id
1906 4031 2007 4088 est,
2026 4024 2144 4074 dic
2132 4037 2375 4087 ingenue
2445 4023 2670 4079 Nonpo·

1607 4107 1749 4151 terat
1789 4100 1932 4172 ferre
1978 4109 2085 4151 tam
2128 4100 2293 4149 multa
2336 4098 2492 4148 taedia
2539 4101 2670 4152 togae

1608 4192 1755 4226 vanae
1791 4167 1903 4226 sive
1946 4175 2285 4239 salutatricis,
2316 4174 2426 4224 sive
2452 4184 2565 4237 quae
2586 4163 2672 4214 cli·

1610 4253 1901 4304 entulorum
1919 4250 2318 4301 salutationibus
2355 4245 2590 4307 inservit,
2617 4244 2672 4288 et

1612 4330 1752 4382 unde
1774 4329 1905 4380 nihil
1926 4328 2285 4384 emolumenti.
2353 4321 2602 4378 Musam.-
