2985 4937
444 355 619 421 1144

442 512 801 567 invaletudine
816 513 1018 580 longius
1036 513 1258 579 rejicere
1277 527 1379 564 non
1399 527 1515 577 pos·

442 600 542 645 set.
594 592 840 643 Aliituos.
895 591 1130 654 Optime.
1185 590 1261 640 Ut
1282 589 1359 638 ita
1379 603 1514 639 sum-

426 668 578 723 'mam
596 671 817 723 hominis
853 669 1204 734 abjectionem
1237 665 1515 730 significet,

445 749 533 815 qui
568 747 819 817 eJusmodi
856 753 1013 810 sputa
1043 743 1424 809 patientissime
1458 748 1515 792 et

443 825 754 875 amicissime
773 823 1062 887 exciperet.
1094 821 1305 870 Herald.

446 932 450 935 -
511 906 542 951 3
577 902 699 952 Rem
741 899 948 963 factam,
1000 897 1282 962 Bithynice,
1335 895 1513 959 credis]

443 977 796 1042 -Hoeredipeta
817 975 1052 1027 Naeviaez
1088 974 1170 1023 vel
1191 972 1398 1023 marite.
1422 987 1512 1022 cu-

435 1054 667 1119 jusmodi
712 1052 881 1119 epigr.
928 1054 1009 1102 n.
1046 1049 1137 1100 lib.
1179 1053 1224 1098 1.
1291 1048 1511 1112 Habere]

445 1130 600 1181 Illam
641 1129 821 1179 statim
860 1125 1160 1177 morituram
1197 1125 1332 1175 serio
1372 1124 1512 1187 cogi-

451 1216 549 1258 tas.
617 1203 1086 1270 Epigr.28.lib.l.

514 1289 548 1334 4
581 1282 864 1343 Blanditur,
886 1282 990 1346 ξε]
1032 1281 1106 1330 Te
1134 1279 1268 1331 falsa
1287 1292 1381 1343 spe
1408 1277 1515 1327 lac·

449 1356 539 1413 tat
551 1369 604 1413 et
625 1361 890 1412 moriturae
911 1358 1140 1425 speciem
1161 1373 1274 1423 prae
1298 1373 1355 1408 se
1389 1356 1519 1421 fert,

453 1455 556 1491 non
577 1454 701 1489 mox
724 1439 997 1489 moritura.

515 1519 950 1567 Erro.xxv11.l
975 1486 1520 1580 mamma—ama-

448 1592 528 1646 tis
540 1595 767 1658 agitatus
806 1593 980 1643 Selius
1000 1593 1101 1643 iste
1131 1591 1415 1655 coenipeta,
1434 1607 1519 1642 su·

448 1685 546 1736 pra
568 1671 734 1734 epigr.
760 1675 838 1721 ll.
855 1675 911 1720 et
929 1673 1007 1719 14.
1041 1665 1277 1719 Adverte
1299 1667 1520 1730 Selium,

448 1763 603 1813 quam
629 1761 827 1797 coenam
858 1751 1076 1811 captans
1110 1743 1291 1794 laudet
1327 1753 1400 1808 te,
1433 1745 1518 1793 vel

450 1822 681 1874 carmina
719 1836 810 1871 seu
839 1816 1043 1873 libellos
1081 1821 1413 1883 recitantem,
1434 1820 1521 1869 vel

450 1916 630 1954 causas
652 1906 914 1963 agentem.
1230 1930 1235 1935 f
1336 1918 1339 1919 ⁷

515 1983 548 2028 2
579 1978 774 2041 Accipe,
815 1977 915 2026 sice
953 1977 1106 2040 legas]
1159 1976 1282 2027 Sive
1325 1975 1521 2026 recites

452 2056 657 2120 scripta
694 2062 826 2115 tua;
877 2056 987 2103 sive
1026 2060 1276 2118 patronus
1313 2068 1521 2104 caussas

450 2142 594 2199 agas.
664 2133 942 2184 Habebant
979 2134 1116 2182 enim
1141 2141 1197 2184 et
1220 2147 1521 2184 caussarum

451 2211 660 2276 patroni
701 2211 1000 2261 laudatores
1040 2224 1159 2260 suos
1201 2219 1258 2261 et
1302 2212 1523 2262 admira-

452 2294 615 2349 tores,
649 2301 806 2352 quum
850 2301 1061 2336 caussas
1095 2294 1341 2349 agerent:
1393 2303 1521 2353 quoa

451 2356 729 2428 aliquando
753 2364 990 2427 pecuniae
1028 2370 1119 2413 aut
1150 2378 1312 2414 coenoe
1348 2365 1523 2428 pretio

455 2440 840 2492 conducebant.
877 2441 1142 2491 Heraldns.

516 2522 548 2567 8
603 2511 815 2583 Effecte]
882 2518 1156 2569 Acclamat
1210 2519 1334 2570 tibi:
1401 2518 1521 2569 vide

451 2596 619 2659 epigr.
639 2600 690 2645 4.
713 2596 752 2646 l.
778 2601 826 2646 1.
846 2597 982 2648 vers.
1007 2602 1057 2648 8.
1123 2596 1379 2647 Omnibus
1403 2611 1522 2661 par·

452 2671 591 2721 tibus
620 2665 897 2735 absolute,
937 2674 1112 2737 plene,
1157 2673 1418 2738 perfecte,
1462 2680 1522 2724 ut

453 2748 576 2798 nibil
600 2764 776 2813 supra.
841 2749 1093 2816 Apuleius
1136 2752 1170 2802 l.
1213 2765 1276 2803 11.
1323 2752 1519 2803 Florid.

450 2826 468 2854 ⁴
489 2826 591 2875 Vel
608 2826 730 2876 inde
755 2834 876 2877 ante
904 2842 1044 2877 aram
1081 2827 1315 2891 Bathylli
1344 2832 1521 2877 statua

455 2914 487 2951 a
509 2902 791 2966 Polycrate
812 2910 1038 2968 tyranno
1072 2903 1278 2965 dicata3
1319 2918 1422 2968 qua
1442 2905 1520 2954 ni-

451 2979 526 3028 hil
543 2979 725 3030 videor
737 2978 979 3030 effectius
992 2980 1338 3042 cognovisse.’·
1347 2979 1522 3032 Arum.

454 3049 800 3107 Marcellinus
816 3056 907 3106 lib.
931 3060 1011 3105 16.
1038 3057 1067 3092 -‘
1084 3056 1191 3106 Sed
1209 3062 1382 3107 tamen
1401 3073 1520 3110 cum

453 3132 567 3182 hoec
589 3129 798 3195 effecte,
818 3131 1076 3197 pleneque
1089 3128 1398 3200 colligeret,'
1419 3140 1520 3187 διο.

455 3208 776 3260 Ramiresius
811 3208 1087 3273 legendum
1104 3219 1311 3261 ‘censet
1342 3212 1524 3278 effoete,

455 3284 693 3349 dicitque
723 3282 778 3333 id
816 3282 891 3332 ita
913 3283 1040 3348 dici,
1062 3293 1123 3336 ut
1143 3287 1272 3336 nihil
1299 3290 1521 3354 amplius

454 3360 734 3410 dicendum
770 3359 1077 3425 reliquerit
1062 3376 1116 3412 ιιι
1149 3377 1212 3411 ea
1234 3378 1323 3414 re-
1358 3366 1525 3434 quasi

455 3431 678 3499 diceret,
730 3436 807 3488 ita
828 3438 962 3488 bene
997 3443 1054 3488 et
1090 3438 1344 3503 perfecte,
1364 3449 1427 3491 ut
1445 3443 1524 3492 ni·

451 3514 530 3563 hil
551 3527 703 3578 supra
724 3514 831 3564 dici
854 3515 1035 3578 possit.
1070 3516 1206 3568 Sunt
1222 3518 1308 3583 qui
1332 3518 1523 3584 affecte,

454 3591 602 3657 quasi
632 3606 751 3642 cum
783 3589 997 3643 affectu.
1038 3594 1175 3658 quod
1216 3596 1392 3658 placet
1425 3597 1525 3647 Ra-

455 3664 604 3719 dero.
643 3667 895 3732 Graviter]
928 3670 1057 3719 Cum
1073 3670 1351 3736 dignitate.
1388 3673 1524 3737 Cito]

346 3745 350 3749 “
457 3744 741 3810 Prompte,
775 3760 842 3794 ex
886 3746 1173 3810 inopinato.
1262 3750 1523 3814 Nequiter]

454 3821 699 3885 versute,
721 3829 921 3886 argute.
985 3824 1076 3873 Sic
1099 3824 1409 3874 laudabatur
1429 3826 1524 3875 ali-

457 3897 572 3961 quis
594 3897 611 3926 ‘
633 3897 900 3961 ingeniose
923 3898 1185 3968 nequam}
1223 3909 1283 3951 ut
1316 3902 1523 3965 elegan-

457 3981 540 4023 ter
563 3975 790 4039 loquitur
811 3975 1393 4046 Velleins‘Paterculus.

484 4087 487 4090 >
519 4056 561 4100 4⁷
587 4052 699 4102 Hoc
729 4053 880 4116 volui]
934 4054 1126 4103 Placet
1158 4061 1251 4104 tua
1273 4056 1525 4108 acclama·

456 4129 551 4189 tio,
568 4129 742 4194 'inquit
757 4131 1277 4194 recitator-,coenabis
1291 4147 1522 4191 mecum:

458 4205 633 4254 statim
657 4207 830 4255 Selius
854 4207 963 4256 voti
985 4222 1203 4272 compos
1224 4216 1382 4261 tacet.
1416 4211 1524 4260 No-

376 4313 377 4318 1
459 4288 643 4347 tatque
666 4282 840 4332 Poeta
872 4297 988 4333 cum
1025 4283 1402 4349 impudentiam
1425 4301 1526 4338 ooe-

1154 366 1370 418 No'rAE
1424 369 1822 419 vAmoRuM
1874 335 1984 419 IN·

1588 514 1806 577 nipetae,
1826 520 1935 564 turn
1952 513 2239 565 vanitatem
2254 515 2548 567 recitatoris
2564 530 2659 568 seu

1588 591 1821 654 patroni.
1858 591 1923 641 de
1946 606 2060 657 qua·
2069 592 2217 642 Pers.
2240 597 2286 642 1.
2305 593 2426 643 Sat.

1654 668 2101 719 E121c.xxv111.1
2131 669 2323 731 Rideto,
2344 668 2455 733 ξω]
2502 669 2660 722 Licet
2691 698 2696 701 ,

1588 743 1682 794 tibi
1714 755 2047 795 contemnere
2084 760 2200 795 eum
2224 746 2312 811 qui
2348 754 2401 795 te
2424 747 2662 812 appella-

1585 822 1724 871 verit
1744 822 2021 885 cinoedum,
2044 829 2101 872 et
2132 822 2185 872 in
2216 823 2394 872 illum
2379 838 2552 888 ipsum
2577 839 2662 875 re·

1587 908 1829 966 torquere
1853 901 1905 951 id
1929 901 2232 963 convitium,
2271 909 2516 965 porrecto
2551 916 2661 951 me-

1587 976 1675 1025 dio
1698 976 1865 1040 digito
1888 975 2062 1027 infami
2084 984 2140 1027 et
2173 991 2351 1041 verpo,
2371 979 2465 1044 qui
2499 985 2664 1029 coete-

1586 1054 1658 1103 ris
1688 1055 1981 1105 ‘contractis
2021 1056 2355 1120 curvatisque
2401 1055 2662 1120 Priapum

1584 1139 1969 1195 repraesentans
1990 1132 2043 1180 in
2072 1131 2389 1181 cinoedorum
2412 1138 2469 1181 et
2491 1132 2663 1181 molli·

1589 1222 1675 1257 ιιιιι
1697 1215 1875 1259 notam
1915 1208 2329 1270 extendebatnr3
2382 1208 2554 1272 epigr.
2578 1211 2664 1257 93·

1586 1286 1685 1337 l.l.
1704 1285 1939 1351 adeoque
1957 1286 2123 1349 ipsum
2140 1286 2406 1351 pathicum
2421 1285 2664 1350 indigita.

1653 1367 1686 1413 4
1724 1365 1891 1427 Calda,
1909 1362 2016 1427 ξω]
2053 1365 2169 1414 Nec
2192 1363 2289 1414 tibi
2313 1365 2491 1429 placet
2513 1363 2662 1414 fella-

1590 1441 1737 1490 tricis
1778 1441 1964 1506 bucca,
1996 1443 2160 1507 epigr.
2182 1447 2263 1493 62.
2286 1443 2321 1493 1.
2342 1448 2424 1494 11.
2461 1451 2518 1494 et
2541 1443 2665 1493 arti-

1591 1516 1706 1567 ficis
1721 1518 1914 1569 halitus
1938 1520 2058 1570 oris.
2088 1520 2278 1572 Juven.
2300 1525 2379 1571 10.
2396 1525 2512 1571 238.
2635 1552 2638 1559 ·

1621 1598 1690 1644 6
1711 1594 1807 1645 Sed
1828 1601 1882 1644 tu
1899 1598 2010 1660 seis,
2024 1597 2132 1661 ξω]
2164 1598 2329 1648 Potes
2354 1604 2530 1648 tamen
2549 1611 2666 1647 esse

1590 1670 1884 1734 μαστροπὸς,
1917 1672 1999 1721 vel
2032 1672 2343 1736 irrumator-3
2396 1679 2537 1737 uter,
2574 1686 2666 1723 ne-

1594 1745 1720 1796 scio.
2571 1766 2572 1773 ¹

1658 1824 1822 1873 Erro.
1842 1838 2007 1875 xxtx.
2042 1830 2068 1876 1
2092 1825 2350 1891 Sub-sellia]
2390 1776 2668 1877 Describit

1478 1920 1507 1929 -·
1591 1898 1780 1950 fastum
1804 1901 1980 1952 liberti
2018 1903 2310 1967 cujusdam,
2340 1903 2431 1968 qui
2466 1919 2536 1953 ex
2560 1918 2667 1953 ser-

1594 1978 1685 2028 vili
1706 1978 2002 2028 conditione
2025 1987 2342 2043 pervenerat
2380 1980 2448 2029 ad
2481 1994 2667 2044 eques·
2747 2022 2750 2029 f

1593 2061 1729 2104 trem
1761 2054 2093 2118 dignitatem,
2117 2056 2443 2121 insigniaque
2482 2071 2667 2122 eques·

1594 2132 1694 2182 tria
1730 2133 1981 2196 gerebat:
2034 2130 2078 2181 si
2117 2140 2293 2182 autem
2329 2133 2520 2195 nescis,
2547 2132 2664 2197 quis

1595 2209 1665 2258 sit
1680 2209 1787 2272 ille,
1809 2222 2012 2270 amove,
2034 2207 2161 2257 dicit
2178 2207 2365 2269 Poeta,
2383 2207 2588 2272 splenia
2610 2213 2668 2258 et

1594 2291 1896 2335 ornamenta
1930 2283 2042 2345 illa,
2074 2283 2216 2345 leges
2241 2284 2296 2332 in
2317 2281 2514 2348 fronte,
2539 2282 2664 2349 quid

1595 2362 1681 2411 sit.
1746 2360 1911 2412 Simul
1930 2360 2088 2410 etiam
2123 2359 2286 2410 tacite
2326 2361 2514 2425 carpit·
2537 2359 2671 2411 infa-

1593 2438 1758 2489 miam
1781 2438 1859 2488 sui
1880 2438 2076 2499 saeculi,
2101 2437 2238 2503 quod
2261 2438 2394 2494 tales
2419 2438 2667 2510 admitte-

1594 2522 1679 2565 ret
1699 2516 2000 2567 Senatores.
2033 2514 2290 2578 Subsellia]
2324 2514 2666 2566 Orchestram

1593 2593 1647 2643 in
1690 2592 1917 2655 theatro,
1970 2593 2108 2642 inter
2166 2593 2446 2643 Senatores
2500 2594 2667 2657 ipsum

1590 2671 1899 2721 Senatorem
1938 2669 2139 2722 facturn
2175 2670 2447 2721 sedentem
2484 2670 2539 2721 in
2561 2670 2667 2735 pri-

1592 2760 1677 2796 mo
1723 2745 1924 2810 gradun
1975 2746 2140 2810 epigr·
2188 2750 2272 2796 14.
2319 2746 2410 2798 lib.
2451 2754 2502 2798 5.
2541 2751 2663 2796 sunt

1592 2826 1682 2890 qui
1739 2822 1805 2874 ad
1867 2823 2107 2875 subsellia
2161 2824 2216 2874 in
2255 2823 2474 2889 judiciis
2531 2822 2667 2875 refe·

1592 2905 1734 2951 runt.
1791 2901 1951 2952 Corn.
1996 2901 2239 2951 Vitellius
2280 2905 2364 2951 22.
2412 2902 2550 2966 legit
2594 2904 2665 2949 te·

1590 2984 1790 3042 rentem,
1825 2978 1881 3028 id
1915 2984 2011 3041 est,
2048 2977 2101 3028 in
2136 2976 2252 3029 foro
2273 2977 2536 3042 judicum,
2577 2973 2667 3026 ubi

1593 3061 1744 3107 erant
1768 3056 2035 3116 subsellia,
2058 3057 2399 3121 spaciantem,
2425 3062 2484 3105 et
2499 3052 2665 3105 causi·

1593 3133 1766 3184 dicum
1785 3119 1959 3184 notari
1986 3134 2189 3196 volunt,
2205 3133 2409 3198 qualem
2425 3127 2668 3195 depingit

1593 3211 1787 3263 Juven.
1819 3216 1870 3262 7.
1905 3215 2019 3262 139.
2054 3218 2111 3262 et
2132 3211 2491 3262 recitatorem.
2513 3210 2663 3308 Pers.

1601 3292 1759 3339 1.16.
2323 3309 2328 3314 ·

1661 3369 1695 3415 2
1730 3364 2085 3429 Sardonychnta
2106 3363 2295 3427 manas]
2330 3361 2604 3414 Annulos‘
2588 3374 2664 3409 ιιι

1597 3441 1629 3490 d
1638 3449 1743 3505 uta,
1757 3442 1943 3507 quibus
1957 3442 2294 3530 includuntur
2306 3437 2663 3505 Sardonychas

1599 3518 1780 3568 aliaeve
1804 3533 2041 3583 gemmae.

1606 3622 1610 3628 ‚
1664 3599 1694 3644 3
1733 3595 1943 3659 Qua-que
1966 3594 2146 3659 Tyron]
2193 3595 2349 3659 Tyrio
2370 3594 2450 3645 bis
2484 3592 2661 3643 tinctae

1597 3659 1813 3735 murice,
1852 3673 1936 3721 vel
1974 3672 2184 3735 pluries.
2236 3674 2265 3709 -‘
2288 3670 2494 3736 'Pyron’
2538 3680 2662 3731 ergo

1599 3763 1693 3814 pro
1714 3763 1946 3813 purpura
1964 3763 2030 3798 ex
2052 3748 2192 3811 Tyro
2212 3748 2389 3799 allata.
2424 3749 2516 3797 Eae
2539 3755 2661 3796 vero

1597 3826 1824 3876 lacernae
1839 3823 2200 3874 delicatiorum
2217 3829 2387 3886 erant,
2401 3820 2661 3887 praecipue

1599 3904 1666 3951 in>
1689 3899 2027 3950 theatralibus
2061 3900 2392 3965 spectaculis.
2457 3900 2529 3948 Et
2562 3895 2663 3945 ele·

1600 3978 1744 4041 ganti
1769 3976 2085 4039 Metapliora
2117 3990 2241 4025 usus
2276 3982 2378 4038 est,
2411 3986 2566 4040 quum
2587 3968 2661 4019 di·

1599 4056 1677 4104 cit
1711 4054 1727 4083 ‘
1752 4051 2074 4119 epotavere,'
2095 4052 2241 4120 quasi
2263 4052 2456 4118 pluries
2478 4046 2661 4099 intinc-

1602 4137 1689 4181 ιω.
2437 4149 2440 4154 >

1663 4211 1696 4258 4
1730 4208 1844 4257 Non
1863 4206 2038 4270 tactas]
2084 4207 2247 4257 Nullo
2281 4204 2500 4269 vestigio
2519 4212 2657 4266 pres·

1599 4298 1703 4350 aaa,
1718 4299 1839 4351 pure
1858 4299 1913 4334 as
1930 4285 2012 4335 the
2039 4283 2208 4335 driven
2227 4297 2372 4335 suom.
2447 4279 2653 4356 Vincere,
