2985 4937
710 446 784 497 lt.
831 446 1000 494 VAL.
1048 445 1467 495 MAR‘UALIS
1518 447 1761 498 timon.
1810 450 1955 498 Lm.
2003 452 2069 497 V.

2311 434 2490 503 1243

294 603 428 652 aare,
488 590 882 657 ditescereqnez
937 591 1242 643 Ciceronem
1299 597 1357 641 et
1426 592 1625 657 majora
1678 609 1745 645 ex
1795 609 1938 644 more
1993 593 2246 659 remittas,
2283 601 2344 645 nt
2379 609 2492 661 seq.

294 665 561 717 Maronem
583 666 998 732 propeexulare.

356 748 384 794 8
422 746 613 807 Omnes,
628 745 736 810 ξω]
770 747 786 774 ‘
809 748 1027 800 Quando
1046 748 1242 798 artibus
1267 748 1355 798 bo-

293 823 447 872 nestis
488 823 680 874 Nullus
731 824 784 874 in
828 824 962 875 urbe
1019 824 1202 889 locus,'
1252 827 1354 874 dcc.

290 899 477 951 Juven.
497 899 674 966 Satyr.
687 905 738 950 8.

352 982 385 1027 6
417 977 585 1027 Fam
616 979 738 1043 σιω]
772 980 939 1032 Quam
975 981 1245 1033 maximam
1268 984 1355 1032 ha·

289 1054 416 1117 buit,
436 1063 493 1105 et
510 1069 713 1106 morum
738 1064 793 1107 et
822 1058 1094 1109 doctrina».

352 1133 383 1179 7
416 1130 475 1181 Si
516 1146 681 1181 versus
710 1132 859 1197 fucit,
893 1135 998 1198 mx]
1034 1133 1077 1182 A
1105 1135 1272 1186 sterili
1297 1142 1354 1187 et

284 1206 466 1257 inutili·
472 1208 714 1272 poe'tices
746 1211 922 1262 studio
945 1212 1088 1262 iilum
1111 1214 1263 1263 omni
1272 1229 1353 1264 ra-

286 1284 423 1334 tione
448 1292 652 1337 averte.

347 1364 380 1410 9
409 1361 612 1428 Discat]
644 1363 832 1414 Discat
871 1364 1141 1417 citharoedi
1174 1373 1357 1431 artem,

291 1434 449 1488 discat
491 1437 610 1488 fieri
655 1440 990 1491 citharoedus.
1048 1443 1354 1496 Hellenism.

278 1511 417 1563 Vide
461 1515 578 1567 Jos.
586 1534 592 1539 ·
619 1517 915 1570 Met-cerum
955 1519 1019 1569 ad
1061 1521 1231 1584 Epist.
1271 1525 1354 1572 19.

285 1588 811 1644 tib.1.A1-istaeueti.
885 1596 1211 1661 Githnroedes]
1269 1599 1355 1649 Ci-

276 1665 499 1717 tharoedi
540 1668 642 1719 hac
692 1677 1010 1735 tempestate
1052 1673 1106 1723 in
1160 1675 1352 1739 pretio.

282 1742 597 1807 Epigramm.
613 1745 704 1796 lib.
726 1751 776 1798 3.
801 1761 934 1800 vers.
957 1754 1006 1801 8.
1075 1751 1354 1817 choraules]

274 1818 413 1871 ,Qui‘
399 1835 451 1870 ιιι
474 1823 640 1873 choro
663 1823 796 1874 tibia
813 1828 973 1877 canit.

343 1902 400 1947 11
468 1901 757 1952 Proeconem
791 1902 976 1969 socias]
1040 1907 1350 1958 Praeconum

276 1974 410 2023 renim
449 1991 539 2025 ars
578 1986 704 2027 tuuc
743 1983 995 2045 temporis
1015 1983 1082 2032 ad
1106 1983 1348 2036 invidiam

281 2063 438 2118 usqne
461 2052 752 2107 fructuosa.
785 2059 923 2108 Vide
946 2060 1267 2125 Epigramm.
1297 2069 1349 2114 8.

280 2126 364 2177 lib.
386 2134 437 2179 6.
490 2130 850 2197 Architectura]
885 2136 1093 2186 Praeter
1123 2139 1350 2202 privato-

280 2218 386 2255 rum
411 2208 555 2257 enim
578 2209 633 2259 in
655 2209 891 2262 aedificiis
909 2213 1004 2263 hac
1029 2221 1349 2281 tempestate

280 2280 468 2347 luxum,
491 2293 555 2336 et
574 2288 905 2340 Domitianus
928 2294 1128 2356 templa
1160 2303 1217 2344 et
1249 2296 1351 2345 alia

282 2361 485 2422 publica
510 2363 858 2418 instauravit.
893 2369 1078 2434 Epigv.
1114 2376 1165 2422 4.
1184 2372 1274 2423 lib.
1297 2377 1349 2424 9.

340 2440 497 2492 Eme.
544 2455 683 2495 nvn.
707 2448 736 2495 1
770 2445 1052 2512 Dominam]
1087 2448 1193 2502 Sir.
1234 2449 1352 2502 Noli

278 2516 387 2581 tibi]
420 2518 537 2569 Alii
554 2522 680 2584 nolo,
700 2523 869 2572 minus
889 2523 1054 2575 bene.·

270 2623 279 2630 ·
340 2597 370 2643 2
403 2595 633 2659 Servum,
652 2600 757 2663 sss-,J
791 2599 1003 2653 Ironice
1023 2608 1080 2653 et
1098 2604 1349 2667 scuptice.

340 2671 505 2724 Erro.
547 2687 711 2727 ινιιι.
766 2679 1027 2742 EpIcurea
1066 2680 1351 2746 παραίνεσιι,

278 2749 562 2800 commodis
585 2754 930 2814 praesentibus
962 2755 1236 2808 fruendum
1256 2760 1348 2809 ho-

280 2823 380 2888 die,
396 2827 479 2877 ecci
500 2827 649 2890 μηδὲν
667 2830 1069 2895 ἀναβαλλόμενοι.

339 2907 366 2952 1
407 2906 539 2954 Cras
579 2910 629 2956 te
666 2908 927 2975 οἰοίιινιιιιι]
960 2911 1047 2961 De
1083 2912 1354 2976 prasenti-

281 2972 376 3029 bns
434 2982 677 3034 fruendis
715 2986 899 3051 Epigr.
941 2992 1031 3039 16.
1076 2990 1166 3040 tib.
1205 2994 1253 3041 1.
1296 2996 1353 3040 et

282 3055 463 3122 Epigr.
501 3063 585 3111 90.
629 3061 720 3113 lib.
762 3068 813 3115 2.
853 3062 1071 3115 Anthol.
1110 3081 1227 3134 cap.
1265 3070 1351 3117 47.

285 3134 406 3185 Cras
439 3136 587 3200 dicis,
607 3141 716 3205 θα]
747 3141 820 3191 Et
856 3156 973 3191 cras
1005 3143 1104 3193 hoc
1143 3158 1354 3208 compe·

277 3212 525 3264 rendinat
549 3215 762 3278 juvenis
790 3218 1006 3283 ignavus
1048 3220 1188 3285 apud
1210 3223 1355 3272 Pers·

279 3287 445 3354 Satyr.
467 3297 521 3342 5.
544 3304 682 3343 vers.
697 3298 781 3345 66.

216 3389 219 3394 -
342 3371 372 3415 6
405 3368 528 3417 Joem
554 3370 805 3435 crogare]
836 3372 924 3422 Ita
944 3372 1245 3438 protrusisti
1263 3374 1352 3425 ho-

279 3456 406 3509 ram,
444 3452 509 3495 nt
524 3446 650 3498 hora
669 3447 782 3499 fere
811 3449 922 3513 jam
947 3452 1260 3515 protraxerit
1281 3458 1355 3514 te,

279 3533 455 3572 senem
473 3521 691 3575 factum.

343 3603 377 3648 6
415 3600 544 3649 Cras
578 3601 712 3652 ιἰειια
748 3603 937 3668 quanti,
957 3604 1062 3669 ξω]
1094 3606 1221 3657 Cras
1253 3607 1353 3658 hoc

282 3679 427 3725 tuum
456 3676 594 3741 quod
618 3680 876 3742 preteriit
897 3694 1000 3730 non
1020 3687 1198 3745 potest
1218 3683 1355 3734 redi·

230 3817 233 3820 Ι
283 3752 381 3803 mi:
435 3752 666 3806 futurum
717 3758 992 3822 quantuli?
1046 3757 1194 3810 facili
1231 3776 1356 3811 sane

284 3830 476 3892 pretio,
512 3831 617 3882 imo
649 3834 813 3895 nullo,
837 3835 962 3899 qnia
979 3845 1168 3900 sponte
1192 3837 1356 3901 venit,

285 3903 475 3957 sivelis
488 3909 584 3958 nti.
618 3909 722 3960 Sed
741 3910 860 3959 vide
875 3912 1063 3962 Senec.
1082 3914 1251 3977 Epist.
1277 3918 1359 3965 12.

350 3986 395 4032 7
418 3984 582 4035 Hodie
609 3987 719 4048 jam
749 3988 923 4051 duero,
943 3987 1053 4053 ⁸5⁶0]
1082 3989 1356 4055 Epigram-

288 4067 428 4108 mate
451 4064 531 4111 16.
551 4061 639 4112 lib.
662 4068 710 4113 1.

352 4136 516 4188 Erro.
533 4152 649 4189 mx.
685 4143 709 4189 1
733 4141 1022 4201 Argentum,
1041 4105 1233 4205 aarum]
1257 4143 1358 4191 Va-

274 4226 348 4263 -sa
385 4223 652 4280 argentea
673 4225 731 4268 et
764 4233 940 4269 aurea.
993 4220 1244 4285 Maian]
1291 4221 1358 4272 In

288 4291 664 4345 Saturnalibus.
684 4296 867 4360 Epigr.
877 4300 965 4347 46.
983 4298 1074 4347 lib.
1088 4302 1141 4347 2.·
1158 4313 1291 4349 vers.
1308 4303 1331 4348 1
1342 4330 1359 4348 .

353 4372 387 4418 2
422 4371 600 4423 cama
633 4371 742 4436 ειιιι]
772 4373 848 4423 Ut
893 4374 988 4425 tibi
1023 4388 1252 4439 parcam,
1289 4388 1358 4424 ne

1429 684 1610 721 versu..
1625 671 1761 721 Vide
1781 681 1835 723 et
1852 673 2034 736 Epigr.
2058 676 2136 722 18.
2156 685 2333 735 supra.

1490 752 1524 797 4
1558 749 1860 800 Exonerata
1900 749 2020 814 eris]
2053 749 2322 799 Liberatus
2339 761 2495 799 onere

1432 824 1735 873 remittendi
1779 839 2010 885 munera,
2056 825 2240 891 quibus
2282 840 2498 890 respon-

1426 899 1551 949 deas
1572 900 1777 951 levibns
1794 909 1850 952 et
1870 894 2120 953 fictilibus
2141 903 2219 953 his
2239 904 2382 953 meis,

1491 977 1786 1043 Er1o.*1.x.
1820 980 2032 1029 Mordet
2064 980 2385 1030 mordentem
2411 992 2498 1029 ea-

1422 1055 1741 1120 nemseiqne
1769 1064 1928 1120 negat
1948 1056 2385 1106 immortalitatem
2408 1070 2496 1106 no-

1425 1130 1595 1194 minis,
1613 1146 1765 1196 quam
1805 1148 1836 1182 a
1874 1132 2045 1183 Poeta
2064 1132 2327 1198 carpendo
2358 1134 2498 1183 vole·

1424 1204 1519 1256 bat
1531 1207 1841 1269 exprimere.

1492 1286 1525 1332 2
1564 1284 1875 1345 Gannitibus,
1928 1284 2031 1349 δια]
2088 1286 2350 1337 Conviciis
2392 1287 2498 1337 tuis

1428 1368 1485 1410 et
1505 1360 1815 1413 maledictis.
1838 1361 2071 1413 Gannire
2088 1378 2274 1413 canum
2295 1370 2407 1415 est:
2437 1371 2500 1413 ut

1425 1437 1534 1500 alii,
1590 1438 1840 1501 vulpium.
1926 1440 2150 1505 Proprie
2193 1456 2320 1505 ergo
2361 1441 2498 1490 dixit

1422 1514 1790 1578 ‘·gannitibus‚’
1830 1517 1951 1580 quia
1983 1522 2136 1567 antea
2178 1518 2318 1569 dixit
2346 1518 2362 1545 ‘
2386 1515 2499 1568 Ad-

1429 1590 1607 1642 latres.
1610 1589 1627 1614 '
1662 1591 1833 1643 Gloss.
1856 1594 1872 1620 *
1895 1593 2113 1657 Gannit,
2145 1591 2343 1657 σκύζει.’
2398 1594 2499 1643 Im·

1428 1682 1588 1732 pense
1613 1667 1768 1730 bene,
1806 1670 1930 1734 qnia
1968 1675 2249 1737 utrumque
2290 1683 2496 1722 cauum.

1427 1744 1632 1795 Her-ald.

1491 1824 1523 1870 3
1567 1823 1764 1873 Certum
1806 1828 1876 1873 est
1897 1824 2019 1873 hunc
2022 1824 2160 1888 ‚m
2193 1824 2314 1874 Non
2335 1824 2500 1886 vivet,

1424 1912 1530 1947 non
1587 1906 1767 1949 uotum
1812 1901 1915 1950 erit
1965 1899 2264 1964 posteritati
2306 1911 2496 1950 nomen

1423 1977 1605 2026 tunm
1592 1992 1643 2027 ιιι
1668 1978 1983 2028 carminibus
2014 1977 2161 2039 meis,
2196 1979 2280 2028 vel
2318 1975 2498 2029 infami

1420 2061 1548 2104 nota
1568 2056 1812 2107 inustum.

1491 2136 1523 2180 7
1562 2133 1742 2197 Miser,
1773 2149 1956 2184 neeesse
1975 2132 2070 2197 est]
2102 2131 2499 2186 Quia-invidus.

1422 2210 1605 2273 Epigr.
1642 2215 1728 2261 41.
1763 2212 1854 2263 lib.
1879 2216 1926 2261 1.
1949 2219 2007 2263 et
2028 2226 2189 2277 supra
2212 2211 2396 2276 Epigr.
2413 2213 2500 2260 29.

1422 2301 1556 2338 vers.
1576 2293 1628 2337 9.

1489 2369 1554 2415 10
1589 2365 1767 2414 Pellem
1801 2366 1988 2426 rodere,
2035 2363 2143 2428 ξω]
2198 2364 2303 2416 Qui
2340 2365 2500 2414 male·

1423 2441 1570 2493 dicos
1589 2442 1749 2492 velint
1766 2441 2060 2493 maledictis
2082 2440 2343 2493 insectari.
2409 2439 2504 2490 At-

1422 2517 1591 2569 lnsum
1613 2519 1725 2568 vult
1741 2519 1989 2568 Erasmus
2006 2520 2072 2568 ad
2085 2518 2327 2584 proverb.
2358 2520 2374 2548 ‘
2395 2519 2499 2568 Ca-

1422 2595 1505 2644 nis
1550 2596 1785 2645 caninam
1826 2611 1931 2645 non
1975 2597 2091 2646 est.'
2139 2596 2311 2645 Varro
2333 2595 2495 2644 lib.6.

1422 2672 1486 2721 L.
1492 2672 1551 2722 L.
1587 2672 1725 2722 Vide
1742 2672 2059 2737 Epigramm.
2078 2677 2128 2724 2.
2151 2672 2240 2723 lib.
2259 2675 2339 2722 18
2357 2685 2497 2722 vers.

1424 2753 1475 2799 3.
1539 2749 1732 2799 Horat.
1756 2750 1923 2814 Epod.
1943 2756 1994 2801 6.

1492 2832 1552 2879 11
1592 2827 1696 2877 Νοὶι
1726 2829 1834 2892 hac,
1878 2830 1987 2893 Sym]
2037 2830 2151 2894 Ego
2183 2828 2251 2879 ab
2294 2828 2392 2879 hac
2437 2828 2499 2878 li-

1426 2904 1606 2955 bidine
1641 2911 1699 2955 et
1737 2907 1985 2970 contagio
2029 2905 2378 2957 maledicendi
2415 2920 2498 2955 me

1426 2982 1738 3043 contineop
1753 2982 1931 3033 scabie
1973 2983 2087 3047 ejus
2123 2983 2349 3034 nolome
2383 2996 2503 3043 conf

1427 3059 1712 3121 taminare;
1735 3095 1740 3108 ‚
1762 3060 1885 3110 nolo
1924 3060 2185 3125 pruritum
2227 3060 2344 3124 ejus
2389 3073 2499 3111 sca-

1425 3135 1601 3188 bendo
1624 3137 1818 3188 levare.

1492 3214 1654 3264 Erro.
1677 3226 1790 3266 ιιι.
1825 3213 2283 3279 Elegantissimum
2322 3214 2514 3279 Epigr.

1427 3305 1534 3357 quo
1567 3290 1925 3342 nonnullorum
1959 3290 2240 3355 stupiditas
2275 3290 2501 3340 traduci·

1429 3375 1538 3430 tur,
1558 3368 1650 3434 qni
1672 3366 1978 3419 formosulos
2005 3368 2231 3433 juvenes
2253 3366 2502 3419 uxoribus

1426 3448 1534 3498 suis
1558 3447 1829 3499 adhaerere
1851 3447 2188 3513 patiebantur
2209 3446 2306 3496 sub
2340 3443 2501 3495 officii

1427 3524 1704 3577 domestici
1756 3532 2043 3591 proetextu.
2111 3524 2369 3590 Respexit
2399 3523 2499 3573 hoc

1427 3603 1581 3668 Epig.
1625 3603 1692 3653 B.
1748 3604 1968 3654 Hier-on.
2009 3603 2243 3668 pluribus
2297 3601 2425 3652 locis
2465 3603 2501 3651 1.
2671 3683 2679 3689 .

1427 3685 1479 3731 1.
1499 3680 1751 3731 adversus
1772 3680 2040 3733 Jovinian.
2076 3681 2282 3729 Heruld.

1496 3762 1525 3808 1
1564 3759 1835 3824 Crispulus]
1886 3757 2163 3822 Crispatus
2205 3755 2420 3816 crines,.
2442 3760 2501 3804 et

1427 3834 1700 3886 delicatus.
1873 3888 1878 3891 ,
2473 3867 2480 3874 -

1491 3916 1526 3961 4
1560 3913 1739 3963 Selium
1768 3909 1942 3973 cubito,
1970 3908 2080 3973 mu]
2112 3907 2401 3972 Incumbit,
2421 3908 2498 3958 in·

1422 3990 1619 4040 nititur
1638 3988 1796 4038 selim
1807 3988 1984 4037 uxoris
2004 3992 2128 4036 tnae.

1494 4068 1528 4113 6
1564 4066 1722 4115 Crura
1751 4062 1899 4125 gerit,
1919 4061 2025 4126 ξω]
2058 4061 2157 4112 Cui
2178 4076 2335 4112 crura
2354 4061 2501 4128 depi-

1428 4140 1558 4189 lata.
1583 4139 1767 4204 Epigr.
1790 4143 1873 4189 29.
1889 4138 1984 4189 lib.
2001 4143 2052 4190 2.
2077 4153 2213 4191 vers.
2234 4143 2286 4190 7.
2457 4159 2480 4182 ι

1495 4220 1526 4267 7
1567 4216 1763 4280 Uxoris,
1782 4215 1894 4280 85c.]
1930 4216 2028 4266 Est
2047 4221 2377 4279 procurator,
2414 4214 2503 4281 qui

1430 4293 1609 4345 uxoris
1637 4292 1858 4357 negocia
1877 4291 2007 4342 obit.

1495 4376 1534 4422 8
1561 4371 1686 4422 sm
1723 4373 1896 4433 cerm,
1930 4368 2048 4435 ξω]
2073 4366 2334 4422 Martialis
2366 4379 2500 4431 resp.
