2985 4937
442 412 626 478 *1110

446 573 718 625 innatabise
761 570 989 637 alioquin
1031 569 1251 621 otiosum
1276 568 1520 618 ·alterum

449 650 615 700 fuerit
637 648 950 714 epithetum,
974 652 1032 696 et
1051 646 1141 696 fini
1162 644 1349 710 prioris
1379 643 1521 692 vocis

446 725 652 775 initium
698 725 964 790 sequentis
1002 722 1294 773 accrevisse
1338 720 1519 770 verisi-

446 802 571 851 mile
589 808 689 851 est.
756 799 1022 850 Heraldus
1041 807 1211 849 tamen
1233 798 1362 862 legit
1383 798 1519 861 Tepi-

445 878 577 941 dum,
610 884 666 927 et
688 877 813 926 nihil
834 876 968 927 dicit
989 876 1195 927 obstare
1218 891 1320 941 quo
1347 874 1516 925 minus

444 954 546 1004 lene
579 951 801 1004 ἐπιθέτω
836 955 1101 1004 tribuatur¹
1122 954 1258 1015 vado,
1279 952 1516 1016 quamvis

446 1031 684 1095 tepidum
725 1037 1077 1095 praeponatur.
1158 1030 1345 1094 Neque
1377 1029 1515 1078 enim

444 1121 636 1157 novum
676 1113 775 1171 est,
809 1107 1178 1170 duoepitheta
1215 1105 1384 1155 eidem
1404 1103 1515 1153 dic-

445 1182 581 1232 tioni
602 1182 835 1246 adjungi,
856 1181 992 1246 quod
1009 1181 1215 1233 Graecis
1236 1180 1514 1230 usitatissi-

442 1274 583 1309 mum
621 1265 722 1311 e'st.
787 1259 915 1309 Lene
951 1260 1122 1309 etiam*
1145 1258 1518 1308 adverbialiter

442 1336 688 1399 accipere
714 1342 884 1400 potes.
951 1337 1027 1386 Ut
1062 1344 1236 1386 autem
1276 1351 1370 1400 pro
1391 1336 1513 1386 navi

443 1413 754 1477 accipiatur,
787 1411 927 1478 quod
956 1413 1138 1462 volunt
1160 1413 1255 1462 viri
1278 1413 1515 1462 doctissi-

440 1489 543 1550 mi;
570 1495 634 1551 ,et
672 1494 739 1539 ut'
773 1489 1048 1554 aliquando
1087 1490 1363 1554 accipitur,
1396 1490 1513 1540 heic

438 1567 565 1616 mihi
611 1566 921 1631 persuaderi
974 1569 1170 1633 nequit.
1237 1568 1375 1619 Nam
1419 1581 1513 1618 na-

440 1644 671 1695 tantibus
698 1647 949 1711 quid'lene
973 1660 1065 1696 seu
1088 1647 1229 1710 navi,
1263 1654 1511 1712 aut'cym-

434 1721 506 1771 ba
529 1736 660 1785 opus
681 1724 799 1773 est?

506 1802 581 1848 10‘
603 1799 865 1863 Mollesque
903 1801 1234 1864 nympharum,
1269 1798 1378 1865 θα]
1414 1801 1513 1850 La-

438 1888 543 1923 cus·
561 1876 700 1925 enim
730 1876 991 1940 Nymphis
1024 1878 1175 1928 sacri:
1207 1885 1262 1927 et
1285 1879 1515 1942 nympha

424 1951 582 2016 quasi
605 1953 828 2017 lympha.
851 1952 1049 2016 Molles]
1067 1954 1188 2003 Non
1206 1955 1399 2018 rapidi,
1414 1946 1510 2003 ‘sed

433 2029 628 2079 leviter
672 2035 1014 2094 stagnantesz
1059 2038 1115 2080 et
1158 2031 1322 2080 omnis
1376 2046 1514 2096 aqua

435 2106 628 2157 mollis.

499 2187 559 2234 11
618 2183 886 2234 Remissum
933 2184 1122 2250 corpus]
1160 2185 1313 2235 AEstu
1356 2186 1512 2250 longo

433 2259 676 2310 solutam.
691 2260 1009 2326 Adstringas]
1025 2261 1352 2326 Refrigeres:
1373 2278 1512 2313 mea-

435 2344 519 2388 tus
537 2336 673 2386 enim
691 2341 925 2402 corporis
939 2339 1139 2390 claudit
1151 2338 1346 2403 frigida
1360 2354 1512 2406 aqua.

431 2412 610 2477 Brevi]
635 2414 757 2464 Non
781 2416 909 2464 alto.

498 2494 561 2540 12
593 2490 784 2556 Solone,
819 2492 928 2557 ξω]
975 2494 1056 2543 Fl.
1073 2493 1231 2558 juxta
1261 2494 1511 2567 Bilbilim,

428 2577 532 2631 quo
559 2573 906 2632 temperatum
926 2577 1008 2619 est
1023 2572 1277 2636 optimum
1299 2572 1511 2637 ferrum,

429 2645 580 2708 cujus
603 2646 677 2696 ibi
701 2654 924 2698 secturae
949 2649 1206 2712 plurimae.

490 2726 554 2771 18
590 2724 792 2786 Nemea,
814 2726 921 2789 ξω]
956 2727 1092 2777 Fons
1115 2728 1473 2791 gelidissimus.

492 2802 556 2858 19
613 2801 891 2866 December]
955 2803 1062 2853 Pro
1120 2805 1234 2868 ipsa
1298 2806 1505 2869 hyeme.

426 2874 685 2941 Impotens,
706 2878 814 2942 Sym]
848 2879 1052 2929 Meton.
1071 2879 1374 2931 efficientis:
1410 2898 1505 2933 sae-

430 2967 517 3004 va.

491 3033 558 3079 20
591 3031 754 3080 Rauca
772 3032 980 3096 mugiet]
1025 3036 1304 3085 Premente
1327 3042 1382 3087 et
1406 3052 1502 3087 sae-

425 3106 624 3158 viente.
1142 3139 1148 3143 -

485 3189 549 3237 21
582 3186 793 3251 Aprica]
846 3187 1050 3253 Calida,
1092 3190 1192 3239 soli
1235 3193 1498 3256 exposita.

421 3263 708 3316 Tarraconis
728 3266 922 3330 littora]
943 3266 1051 3316 Sub
1069 3266 1308 3331 hyemem
1328 3285 1402 3320 sc.
1421 3287 1500 3320 se·

419 3339 576 3389 cedes
623 3340 997 3405 Tarraconem,
1031 3344 1163 3394 caelo
1203 3352 1498 3410 temperato

417 3422 474 3467 et
497 3418 744 3469 clementi
769 3420 1076 3485 subjectam.

482 3497 548 3544 22
592 3495 867 3560 Μαικία]
913 3498 1001 3548 De
1046 3498 1311 3550 Laletanis
1352 3499 1492 3551 Plin.

421 3570 456 3622 l.
480 3574 530 3620 3.
552 3586 601 3622 c.
623 3576 673 3623 3.

477 3652 543 3698 23
579 3649 662 3699 Ibi
681 3650 920 3716 illigatas]
944 3652 1080 3703 Vide
1110 3653 1339 3706 Turneb.
1356 3655 1492 3707 libro

417 3725 512 3775 ult.
536 3733 654 3790 cap.
672 3727 769 3776 ult.

476 3805 542 3851 24
609 3803 789 3853 Vernos
824 3806 986 3870 apros]
1045 3807 1264 3856 Mallem
1321 3824 1491 3859 vernas

409 3892 568 3940 apros,
590 3879 730 3943 quod
769 3888 825 3931 et
860 3882 1087 3945 probant
1119 3882 1399 3933 Turnebus
1435 3892 1490 3935 et

410 3952 689 4005 Gruterus.
768 3957 935 4007 Vernae
971 3965 1146 4008 autem
1193 3960 1322 4024 apri,
1367 3971 1489 4012 suut

406 4030 671 4096 indigenas
691 4040 748 4083 et
770 4036 822 4083 in
842 4036 1052 4085 vivariis
1076 4038 1202 4086 nati.

469 4111 535 4157 25
572 4108 780 4172 Rumpe,
801 4111 940 4174 equo]
966 4112 1216 4177 Franges,
1239 4121 1298 4163 ut
1329 4131 1487 4180 supra

409 4199 495 4249 ep.
517 4190 603 4235 23.
627 4189 712 4237 vel
748 4197 941 4239 venatu
964 4190 1250 4243 delassabis
1272 4200 1328 4243 et
1349 4195 1484 4245 occi-

339 4269 351 4282 ‘
405 4262 518 4313 des.
542 4278 629 4329 ep.
655 4269 736 4315 14.
761 4266 794 4316 l.
818 4271 898 4317 12.

468 4344 534 4390 26
591 4343 787 4406 Cervos,
825 4346 932 4410 ξω]
971 4345 1175 4399 Quibus
1211 4349 1481 4413 capiendis

1147 418 1365 471 No‘rAE
1413 402 1823 468 vammum
1873 419 1952 467 m

1595 562 1826 618 s'tudiirm
1882 575 2064 612 cursus
2120 565 2186 610 et‘
2222 559 2459 623 voluptas
2502 560 2670 611 minor

1594 656 1749 706 qnam
1786 640 1837 689 in
1874 641 2075 704 lepore.
2111 639 2232 687 Non
2274 644 2447 688 tamen
2480 652 2663 687 cervos
2719 701 2727 708 .

1592 718 1767 768 villico
1790 715 2136 767 comedendos
2159 716 2293 779 vult,
2332 714 2425 764 sed
2450 723 2664 778 captans
2752 708 2764 719 ‘

1592 793 1686 842 dos
1711 799 1940 843 tantum.
2663 794 2676 799 ⁴
2703 803 2711 809 ·

1655 874 1718 919 27
1745 870 1911 921 Vicina
1933 869 1987 918 in
2004 867 2180 933 ipsum]
2198 868 2389 918 Villam
2412 867 2659 932 intelligit

1590 947 1644 997 in
1667 946 2017 996 silvisssmediis
2040 946 2209 996 sitam.
2301 982 2306 988 -

1654 1029 1718 1075 28
1775 1024 1985 1088 Infante,
2023 1024 2127 1088 ssa]
2168 1017 2344 1074 Villici
2400 1022 2661 1073 infantum

1588 1103 1743 1152 turba
1767 1103 1977 1153 rustica.
2014 1112 2101 1166 ep.
2137 1106 2220 1152 66.
2258 1102 2294 1152 l.
2327 1106 2376 1153 4.·
2412 1117 2546 1151 vers.
2583 1105 2663 1150 10.
2705 1162 2712 1167 ἱ

1587 1179 1675 1251 Sic
1699 1181 1885 1231 Horat.
1929 1181 1964 1230 l.
1985 1184 2034 1230 2.
2079 1180 2249 1230 Carm.
2294 1179 2380 1230 od.
2423 1184 2505 1229 18.
2561 1177 2665 1227 ‘Iu

1586 1254 1697 1304 sinu
1745 1255 1921 1305 ferens
1945 1256 2112 1319 Deos,
2132 1257 2205 1305 Et
2227 1270 2359 1305 uxor
2378 1262 2435 1307 et
2454 1255 2529 1305 vir
2552 1269 2657 1305 sor-

1589 1331 2047 1398 didosque-natos!
2653 1352 2658 1357 ·

1650 1414 1716 1459 29
1756 1408 2033 1472 Vocabitur,
2075 1409 2179 1475 qun]
2223 1408 2544 1461 Invitabitur
2578 1423 2664 1458 ve·

1586 1487 1812 1536 nationis
1837 1488 2005 1537 socius
2028 1488 2093 1536 ad
2115 1487 2412 1538 convivium
2447 1495 2505 1537 ut
2540 1486 2665 1537 vici-’

1586 1578 1702 1624 nus,
1723 1578 1820 1613 nec
1844 1566 1950 1614 erit
1972 1580 2103 1629 opus
2127 1571 2375 1615 vocatore
2398 1580 2572 1615 servo.
2653 1586 2658 1591 ·

1652 1645 1715 1709 31
1751 1641 1942 1691 Lunata
1982 1657 2211 1706 nusquam
2251 1641 2416 1707 pellis]
2458 1640 2663 1692 Plinius

1587 1718 1624 1767 l.
1644 1721 1694 1766 7.
1710 1734 1795 1782 ep.
1812 1722 1861 1768 3.
1883 1717 1900 1746 ‘
1917 1733 2180 1783 quousque
2203 1719 2367 1768 calcei
2379 1719 2667 1785 nusquam?

1589 1800 1714 1859 toga
1740 1794 1919 1844 feriati
1935 1794 1969 1844 ?'
2001 1795 2147 1846 Suet.
2197 1795 2395 1846 Octav.
2440 1800 2523 1846 ⁷8.
2555 1797 2571 1824 ‘
2592 1797 2664 1846 Et

1588 1867 1818 1921 forensia
1855 1879 2029 1921 autem
2065 1878 2122 1921 et
2159 1873 2362 1923 calceos
2399 1887 2661 1938 nunquam

1586 1961 1688 1996 non
1728 1949 1866 1997 intra
1900 1948 2196 1999 cubiculum
2224 1949 2411 2000 babuit
2434 1949 2500 1999 ad
2522 1950 2661 2000 subi·

1586 2032 1669 2075 tos
1738 2025 2147 2093 repentinosque
2216 2041 2366 2076 casus
2439 2020 2662 2089 parata.’

1589 2101 1797 2152 Gronov.
1872 2103 2083 2163 Lunata,
2122 2102 2231 2167 fisa]
2282 2103 2405 2152 Non
2439 2103 2663 2153 aderunt

1585 2178 1785 2229 nobiles
1810 2185 1937 2237 tum,
1966 2179 2151 2245 quibus
2174 2180 2226 2229 in
2252 2170 2442 2231 calceis
2465 2179 2658 2229 lunulae

1583 2253 1802 2304 formam
1835 2263 2041 2320 gestare
2076 2257 2229 2309 moris
2267 2265 2418 2320 erat3
2455 2258 2659 2309 literam

1585 2331 1795 2382 scilicet
1836 2333 1896 2383 C.
1922 2340 2097 2383 uotam
2134 2334 2423 2384 centenarii
2460 2334 2661 2383 numeri
2701 2400 2702 2403 Ἴ

1584 2409 1922 2475 patriciorum
1954 2426 1986 2460 a
2009 2411 2227 2460 Romulo
2260 2411 2622 2462 institutorum
2642 2425 2659 2459 ε

1582 2487 1704 2537 vide
1727 2495 1784 2537 et
1818 2489 2152 2551 conjecturas
2186 2488 2462 2542 Plutarch.
2493 2488 2661 2552 probl-

1581 2568 1662 2613 76.
1696 2564 1911 2613 Colerus
1942 2566 2095 2630 legit,
2123 2567 2288 2615 lanata
2308 2577 2538 2629 nusquam
2555 2566 2659 2629 pel·

1578 2641 1655 2691 lis.
1717 2642 1824 2692 Sed
1848 2657 1952 2691 non
1973 2643 2127 2693 video
2150 2658 2251 2706 quo
2276 2642 2400 2707 jure
2421 2642 2537 2693 haec
2556 2643 2661 2692 lec·

1584 2719 1660 2769 tio
1704 2720 1971 2770 sollicitari
2017 2726 2191 2784 queat.
2258 2719 2413 2770 Quod
2454 2717 2660 2783 profert

1582 2795 1648 2844 de
1672 2797 1867 2860 pellitis
1888 2798 2150 2858 vectibus,
2170 2796 2227 2846 οὐ
2253 2796 2365 2860 πρὸς
2384 2798 2556 2847 τοῦτον
2574 2795 2660 2846 τὸν
2693 2859 2696 2864 .

1578 2872 1838 2924 Διόνυσονε
1873 2874 2215 2940 nequeenim
2245 2874 2332 2925 hic
2365 2872 2432 2925 de
2457 2876 2656 2927 Gotho·

1581 2967 1693 3001 rum
1734 2952 1983 3015 vestibus,
2024 2952 2092 3001 de
2129 2951 2315 3016 quibus
2357 2953 2656 3017 intelligen-

1578 3027 1673 3077 dus
1702 3028 1901 3078 Sidonii
1940 3028 2108 3089 locuS,
2152 3042 2305 3092 quem
2342 3027 2518 3078 adfert
2548 3030 2656 3078 ille.

1578 3104 1665 3154 De
1698 3105 1891 3154 lunatis
1936 3111 2110 3154 autem
2150 3104 2342 3154 calceis
2383 3104 2655 3167 nobilium,

1576 3182 1765 3244 passim
1787 3182 1976 3230 statuit
1995 3181 2029 3232 J
2035 3180 2286 3243 uvenalis,
2313 3181 2431 3246 aliig
2454 3188 2511 3230 et
2535 3178 2655 3230 vide

1572 3257 1607 3309 J
1613 3258 1720 3307 unii
1740 3257 1910 3321 Adag.
1946 3259 1961 3285 ‘
1982 3257 2046 3306 In
2072 3256 2346 3321 astragalis
2368 3257 2656 3307 nobilitas.'

1574 3335 1823 3399 Nusquam
1845 3333 1998 3398 togae]
2033 3336 2155 3385 Nou
2193 3335 2361 3398 togati
2397 3341 2523 3384 ante
2547 3350 2652 3384 am·

1571 3410 1804 3477 buloues,
1826 3414 2048 3463 clientes
2084 3420 2141 3463 et
2178 3414 2361 3462 caeteri
2399 3412 2654 3477 sportula-

1571 3503 1684 3539 rum
1701 3491 2180 3554 salutationumque
2205 3491 2456 3541 asseclae:
2480 3490 2647 3555 epigr.

1567 3568 1651 3614 47.
1675 3581 1810 3616 vers.
1832 3572 1881 3618 4.
1904 3574 1971 3617 -et
2008 3568 2172 3631 epigr.
2204 3572 2286 3619 51.
2321 3569 2355 3617 l.
2392 3572 2474 3617 10.
2507 3567 2649 3615 Mar-

1570 3645 1706 3695 tialis
1750 3662 1879 3711 ergo
1918 3648 2105 3713 innuit,
2135 3649 2277 3699 illam
2323 3650 2531 3700 turbam
2570 3656 2647 3698 to-

1567 3737 1790 3789 gamque
1829 3726 2101 3775 molestam
2142 3742 2245 3777 non
2283 3743 2559 3779 occurrere
2591 3728 2644 3777 iu

1563 3800 1826 3864 Hispania
1845 3809 1904 3851 ut
1928 3804 2107 3853 Romae
2129 3819 2145 3864 ;
2185 3804 2361 3870 ibique
2384 3819 2446 3854 se
2470 3804 2645 3869 opimo
2684 3854 2693 3862 ,

1563 3876 1673 3925 otio
1695 3884 1751 3926 et
1774 3879 1950 3941 quiete
1973 3877 2076 3929 frui
2104 3894 2272 3943 posse.

1641 3957 1707 4002 32
1745 3954 2011 4019 Olidaeque,
2056 3957 2165 4021 ξω]
2232 3959 2304 4007 Et
2349 3958 2648 4022 purpurati,

1564 4031 1777 4081 muricis
1824 4032 2163 4084 infectionem
2208 4036 2455 4084 olentes.
2543 4036 2645 4083 Vel

1563 4107 1580 4135 ‘
1604 4108 1801 4157 olidas'
1839 4110 1973 4159 dixit
2007 4126 2039 4159 a
2079 4111 2209 4180 lotio
2257 4111 2484 4161 fortasse
2536 4125 2642 4176 quo

1562 4187 1954 4250 temperabatur
1967 4202 2199 4252 purpura
2220 4204 2235 4237 z
2290 4187 2413 4237 vide
2434 4188 2574 4252 epig.
2595 4190 2645 4236 4.

1562 4261 1597 4310 l.
1619 4266 1671 4311 4.
1695 4278 1829 4313 vers.
1852 4267 1900 4312 6.

1623 4346 1686 4391 33
1722 4341 1969 4394 Horridus
2002 4343 2265 4408 Liburnus]
2299 4342 2492 4394 Praeco
2516 4342 2646 4407 pub·
