2985 4937
661 408 739 464 M.
786 413 959 462 vlu..
1005 405 1427 465 ‘MAR'NAMS
1478 410 1727 492 EPIXGR.
1776 417 1922 468 mn.
1972 417 2050 470 X.

288 561 387 605 est:
421 555 517 607 Ubi
537 557 699 608 tribus
719 559 822 609 illis
846 558 1030 621 aureis,
1051 571 1150 607 non
1172 572 1322 608 secus

289 649 343 683 ac
364 636 512 685 tribus
533 637 793 697 aetatibus,
828 639 974 702 quasi
1000 638 1196 687 Nestor
1217 635 1323 685 fac·

288 719 361 761 tus
398 712 552 775 fuero,
584 729 649 764 ne
687 715 941 764 dieculam
971 713 1179 779 quidem
1218 728 1322 763 am·

285 789 406 850 plius
426 791 756 840 desiderarim
774 792 857 841 vel
882 798 1020 840 voto.

344 865 489 915 Eric.
520 879 651 917 xxv,
719 868 831 917 Lib.
852 871 900 916 8.
926 867 1106 931 Epigr.
1128 870 1209 916 30.
1234 865 1324 914 de·

277 942 472 1005 ¹scripsit
494 944 846 1006 spectaculum
865 944 1111 994 Scaevolae
1134 943 1184 990 in
1214 956 1323 991 are-

284 1025 344 1066 na
361 1017 562 1088 datum;
593 1019 692 1070 hoc
729 1021 863 1083 loco,
899 1019 1036 1086 quod
1061 1019 1325 1075 ibilauda-

284 1095 367 1155 vit,
405 1095 483 1145 hic
515 1097 717 1159 elevat;
753 1096 1121 1161 fortioremque
1165 1086 1326 1145 fuisse

286 1170 507 1236 affirmat,
535 1174 576 1223 si
600 1174 877 1238 imperanti
900 1174 1140 1236 dixisset,
1172 1173 1327 1223 ‘Non

283 1246 449 1298 facio?
479 1258 585 1300 tum
617 1252 751 1301 enim
782 1266 885 1301 non
908 1265 1105 1314 manus,
1134 1242 1226 1300 sed
1250 1257 1327 1300 to-

285 1330 383 1373 tum
419 1341 601 1391 corpus
623 1326 809 1378 fuisset
828 1329 1112 1378 ustulatum
1135 1332 1188 1376 et
1210 1341 1329 1377 con·

271 1393 563 1454 crematum.
599 1405 729 1454 Rad.

341 1481 363 1525 1
400 1481 643 1531 Matutine:
676 1497 841 1546 nuper,
875 1473 981 1546 ξω]
1018 1483 1176 1532 Mane
1200 1497 1331 1546 pug-

283 1553 460 1606 nabant
502 1558 734 1607 damnati
779 1571 897 1607 cum
946 1558 1154 1622 bestiis3
1212 1566 1333 1624 post

282 1624 532 1683 meridiem
576 1634 666 1699 qui
710 1649 776 1684 ex
823 1633 1082 1685 bestiariis
1122 1650 1330 1699 supere·

283 1713 404 1766 rant,
426 1710 558 1761 inter
593 1728 666 1763 se.
703 1709 841 1777 Lips.
869 1717 917 1763 3.
947 1714 1162 1765 Saturn.
1184 1729 1230 1765 c.
1254 1720 1334 1764 15.

281 1784 454 1838 Seuec.
510 1790 680 1852 Epist.
737 1793 787 1839 ⁷.
863 1790 1113 1852 Spectatus
1166 1790 1334 1853 arena]

282 1859 406 1912 Vide
455 1863 555 1914 hoc
611 1865 986 1929 spectaculum,
1027 1866 1209 1931 Epigr.
1254 1871 1335 1916 30.

283 1934 365 1986 lib.
385 1942 432 1989 8.

269 2009 274 2014 ’
337 2018 367 2063 4
418 2015 745 2081 Abderitanae,
802 2018 911 2082 esau]
975 2020 1205 2071 Stolidus
1259 2036 1335 2083 es,

279 2092 601 2144 ‘vervecum
639 2095 694 2144 in
728 2097 901 2160 patria
935 2111 1212 2162 crassoque
1236 2098 1334 2147 sub

282 2165 394 2218 aere
415 2167 601 2234 natus,'
651 2180 709 2221 ut
745 2167 819 2222 ait
844 2174 1087 2225 Juvenal.
1120 2174 1228 2225 Sat.
1255 2172 1334 2225 10.

282 2259 404 2296 vers.
427 2253 506 2299 52.
530 2249 598 2298 ad
619 2264 768 2314 quem
794 2250 914 2300 vide
933 2267 1049 2315 quae
1074 2266 1183 2300 nos.

338 2329 365 2372 5
405 2321 530 2375 Nam
567 2335 674 2376 cum
711 2319 914 2390 dicatur,
948 2323 1052 2390 Esca]
1105 2320 1261 2390 Nam,
1292 2327 1335 2377 si

271 2393 515 2475 damnato
555 2403 679 2461 huic
731 2404 944 2453 daretur
984 2406 1233 2470 conditio,
1281 2412 1338 2456 ut

282 2481 697 2544 repraesentando
742 2476 909 2532 Mucii
938 2497 1148 2532 manum
1186 2498 1339 2532 exus-

286 2565 381 2608 tam
398 2558 487 2623 (de
510 2575 615 2625 quo
633 2550 816 2624 'Epign
835 2563 917 2609 22.
933 2559 1023 2610 lib.
1050 2564 1097 2609 l.
1116 2560 1273 2609 etlib.
1291 2565 1340 2611 8.

284 2628 456 2700 Epigr.
477 2636 589 2701 30.)
622 2636 906 2686 redimeret
928 2635 1236 2700 supplicium
1262 2643 1341 2686 tu-

283 2713 405 2762 nicae
444 2714 703 2775 molestae,
741 2712 794 2761 in
839 2727 939 2777 qua
982 2712 1120 2775 pice,
1159 2712 1346 2783 resina,

231 2786 232 2789 ’
285 2787 548 2853 bitumine,
572 2788 881 2853 caeterisque
919 2788 1110 2852 ignium
1135 2788 1343 2837 alimen-

287 2865 345 2916 tis
364 2867 497 2918 illita
532 2867 820 2917 ardendum
844 2868 917 2917 illi
937 2867 1140 2918 fuerat:
1178 2869 1346 2918 minus

283 2940 481 2994 fortiter
504 2944 635 2995 facit
658 2943 863 3010 (saltem
880 2944 1132 2995 audacter
1154 2943 1348 3009 minus)

289 3029 452 3084 parte,
504 3035 661 3085 quam
713 3026 827 3069 toto
878 3034 1093 3083 corpore
1150 3029 1347 3071 exusto.

285 3097 495 3160 Major-is
520 3111 646 3162 ergo
681 3105 761 3147 est
789 3094 1118 3147 fortitudinis
1151 3099 1350 3161 dicere,

286 3172 438 3237 Nolo,
490 3189 647 3240 qnam
683 3187 833 3223 urere
877 3173 1134 3224 dextram.
1225 3175 1347 3224 Uris

283 3250 413 3299 enim
433 3265 661 3314 manum,
681 3264 747 3299 ne
780 3257 921 3300 totus
945 3249 1124 3299 vivens
1150 3251 1350 3321 videns·

287 3341 383 3390 que
404 3327 740 3377 comburaris.

350 3398 511 3453 Eme.
535 3416 697 3452 xxvi.
743 3394 919 3451 Deflet
958 3408 1177 3451 mortem
1217 3403 1349 3452 Vari

289 3478 600 3529 centurionis
621 3477 674 3524 in
701 3474 929 3541 AEgypto
950 3471 1202 3528 defuncti.

351 3561 375 3604 1
422 3556 569 3616 Vare,
596 3553 913 3615 Paroetonias‚
941 3553 1046 3616 δῖα]
1079 3555 1237 3617 Vare,
1262 3555 1351 3619 qui

287 3631 437 3681 modo
462 3631 514 3681 in
539 3630 765 3695 AEgypto
783 3629 1161 3695 (Paraetonium
1179 3638 1350 3681 autem

291 3707 505 3773 AEgypti
540 3704 684 3772 urbs)
706 3705 910 3769 gessisti
948 3707 1097 3754 Rom.
1123 3707 1353 3755 tribuna-

271 3790 433 3848 tum.
470 3784 617 3847 cujus
664 3784 863 3846 insigne
902 3791 982 3831 est
1019 3782 1155 3839 vitis,
1200 3798 1351 3847 quam

292 3861 532 3924 gestabat
554 3861 791 3910 tribunus
816 3858 880 3910 ad
906 3859 1234 3924 castigandos
1265 3861 1353 3909 mi·

292 3938 425 3988 lites.

354 4021 386 4064 2
425 4017 644 4079 Centum,
663 4014 769 4079 ξω]
828 4014 1095 4065 Centurio.
1152 4015 1357 4064 Romuli

293 4095 551 4156 instituto,
571 4094 723 4157 legio,
741 4108 858 4159 quae
878 4094 1152 4143 constabat
1176 4099 1221 4145 3.
1247 4096 1358 4144 mil-

293 4172 450 4235 libus,
472 4162 748 4220 distributa
781 4177 862 4219 est
895 4170 947 4218 in
972 4174 1052 4220 30.
1076 4172 1358 4234 centurias,

294 4250 480 4313 quibus
503 4248 714 4312 singulis
737 4245 927 4310 singuli
952 4242 1211 4311 praeeraut
1238 4264 1357 4298 cen-

298 4316 572 4386 turiones}
596 4331 780 4388 postea
824 4333 994 4372 tamen
1033 4331 1232 4373 mutato
1269 4341 1359 4373 nn-

424 4410 598 4473 Daph.
621 4413 669 4456 et
696 4406 808 4455 Var.
829 4405 957 4454 Clas.

1312 4408 1533 4459 Martial.

2298 403 2468 472 1361

1396 573 1538 609 mero
1569 558 1808 622 militum,
1828 561 2227 625 manipulorum,
2247 569 2303 612 et
2337 577 2457 613 cen·

1400 637 1648 685 turiarum
1702 637 1756 686 in
1799 638 2025 702 legione,
2077 644 2160 688 60.
2205 640 2456 698 militibus

1398 719 1627 775 praeerat
1649 714 1906 775 centurio,
1926 716 2012 780 qui
2040 716 2277 779 primitus
2303 721 2417 767 10⁰.

1463 793 1494 837 3
1529 792 1739 853 Ausonio
1772 792 1998 857 Quirino]
2033 794 2212 843 Romae
2256 794 2309 842 in
2352 794 2462 844 Ita-

1397 867 1486 929 lia,
1520 882 1675 932 quam
1709 868 1946 918 condidit
1975 868 2237 932 Quirinus,
2271 869 2326 919 id
2359 877 2463 932 est,

1399 944 1678 992 Romulus:
1703 945 1807 1003 vel,
1826 945 2064 993 Romanis
2085 943 2278 995 frustra
2294 959 2460 1009 prom.

1397 1021 1630 1084 Frustra]
1665 1023 1904 1087 Namque
1934 1030 2165 1072 mortuus
2197 1038 2254 1073 es
2288 1025 2341 1076 in
2374 1023 2460 1074 ΙΕ-

1400 1105 1579 1162 gypto.
1641 1097 1909 1162 Promisso]
1962 1098 2154 1149 Umbra
2199 1114 2362 1163 prom.
2405 1098 2463 1148 id

1391 1182 1503 1238 rest,
1544 1183 1601 1225 tu
1640 1177 1971 1250 promiseras,
2009 1191 2102 1226 nos
2148 1176 2464 1241 expectaba-

1401 1267 1514 1301 mus
1540 1252 1780 1305 reditum.

1464 1332 1497 1376 4
1533 1328 1766 1392 Hospita]
1797 1330 2086 1394 Peregrina
2117 1337 2172 1381 et
2201 1330 2323 1380 exul
2355 1344 2467 1382 um·

1403 1404 1517 1455 bra.
1558 1405 1728 1466 Lagoei
1748 1407 1929 1469 litoris]
1965 1406 2232 1471 AEgyptii·
2258 1407 2467 1472 aLago,

1407 1489 1557 1546 patie
1580 1483 1853 1531 Ptolomaei
1880 1485 2091 1532 Maced.

1469 1565 1500 1608 5
1537 1560 1777 1622 Spargere
1797 1575 1889 1608 non
1909 1560 2061 1622 licuit,
2082 1564 2162 1626 gv.
2168 1559 2190 1623 ]
2222 1529 2310 1613 Sic
2339 1561 2467 1625 Epi-

1407 1647 1621 1701 gramm.
1641 1641 1722 1684 85.
1748 1636 1839 1686 lib.
1862 1640 1910 1685 6.
1932 1651 2066 1686 vers.
2090 1643 2169 1687 12.

1393 1767 1400 1772 ⁴
1473 1717 1506 1760 8
1539 1713 1713 1760 Fallax
1736 1714 1865 1775 Nile,
1892 1712 1997 1776 lym]
2066 1714 2309 1776 AEgypte,
2350 1727 2468 1777 qum

1410 1790 1638 1853 negabas
1659 1790 1798 1838 Varo
1838 1790 2079 1850 reditum,
2111 1790 2234 1838 milii
2269 1790 2469 1839 funeris

1411 1881 1604 1915 euram.
1641 1866 1851 1915 Far-nab.
1902 1867 2024 1919 Non
2039 1866 2250 1930 negabit
2266 1867 2470 1930 saltem,

1393 1957 1509 2000 „nec
1533 1950 1725 2012 potest,
1746 1959 1848 2007 quo
1873 1944 2037 1992 minus
2060 1950 2258 1992 aeterno
2281 1949 2335 1992 te
2358 1956 2471 1992 car-

1392 2020 1549 2090 ⁴mine
1571 2019 1741 2069 fleam.
1790 2021 1860 2069 Et
1879 2035 2064 2068 munus
2087 2019 2182 2070 hoc
2205 2020 2307 2069 erit
2325 2018 2473 2069 nobi·

1409 2098 1508 2147 lius
1545 2097 1776 2163 larymis,
1815 2100 1937 2162 quia
1978 2106 2201 2148 aeternas
2237 2099 2474 2149 continet

1410 2175 1667 2250 lacrymas
1690 2173 2025 2235 lacrymabile
2048 2175 2145 2223 hoc
2169 2188 2397 2225 carmen.

1478 2252 1640 2301 Eme.
1665 2264 1778 2299 xxx
1785 2265 1845 2299 11
1868 2249 2151 2300 Diodorum
2177 2257 2266 2300 aut
2290 2248 2477 2299 obscu-

1413 2342 1525 2377 rum
1567 2336 1658 2376 aut
1699 2327 1929 2390 spurium
1972 2327 2137 2388 dicit;
2173 2327 2261 2391 qui
2301 2335 2478 2376 tamen

1413 2412 1529 2454 arte
1544 2419 1636 2453 sua
1655 2403 1719 2453 ad
1740 2417 1950 2467 magnas
1970 2417 2097 2466 opes
2115 2410 2350 2464 venerat,
2365 2416 2481 2465 gra-

1415 2490 1501 2533 tus
1526 2481 1778 2547 quondam
1804 2480 2143 2543 Vespasiano,
2200 2480 2383 2528 Rader.

1453 2563 1485 2607 2
1523 2559 1684 2607 Rarus
1699 2556 1933 2620 namq-m]
1972 2554 2096 2604 Non
2117 2570 2283 2618 rarus,
2303 2555 2356 2621 id
2377 2561 2479 2618 est,

1401 2636 1680 2703 frequens.

1484 2717 1514 2761 3
1553 2710 1771 2761 Tricenos
1801 2701 2029 2774 largitur,
2059 2706 2165 2772 aa]
2198 2708 2481 2773 Triplicem

1419 2790 1728 2853 sportulam.

1484 2863 1518 2914 4
1553 2854 1706 2914 Nemo
1745 2868 1920 2926 tamen,
1962 2862 2071 2927 esa]
2119 2863 2239 2913 Hoc
2283 2860 2486 2912 faciunt

1423 2943 1600 2992 allecti
1640 2950 1731 2991 tua
1770 2940 2022 3006 sportula,
2059 2941 2140 2990 vel
2174 2940 2225 2988 in
2261 2939 2483 3001 gratiam

1421 3018 1779 3083 Imperatoris,
1810 3017 1895 3066 cui
1927 3024 1985 3066 tu
2014 3023 2212 3081 gratus,
2240 3023 2298 3065 ut
2329 3030 2489 3080 quon·

1423 3097 1540 3146 dam
1564 3096 1915 3159 Vespasiano:
1950 3109 2100 3143 nemo
2120 3101 2293 3144 tamen
2308 3106 2489 3142 eorum

1424 3182 1507 3224 est
1532 3175 1617 3240 qui
1639 3189 1741 3224 non
1758 3181 1811 3225 te
1832 3189 1926 3238 pro
1947 3171 2160 3238 ignobili
2174 3171 2378 3232 habeat,
2398 3169 2489 3219 ob·

1405 3269 1595 3310 ,scus-o,
1613 3259 1871 3316 terraeque
1887 3250 2012 3301 tilio.
2058 3251 2261 3299 Seneca
2276 3249 2329 3298 in
2347 3247 2493 3312 Apo-

1425 3328 1826 3395 colocyinthosi:
1861 3330 1877 3356 ‘
1898 3327 2066 3379 Nemo
2085 3328 2221 3377 enim
2239 3326 2380 3376 illum
2396 3340 2489 3375 un-

1424 3422 1578 3473 quam
1603 3413 1778 3456 itatum
1804 3404 2042 3469 putavit?

1492 3486 1658 3533 Eme.
1699 3495 1908 3544 xxviii.
1954 3479 2157 3530 Laudat
2196 3468 2393 3531 <lanum
2436 3483 2494 3527 et

1426 3559 1595 3610 forum
1651 3558 2008 3609 transitorium
2065 3557 2292 3606 Nervae·
2274 3586 2294 3617 4,
2369 3555 2494 3606 Jani

1413 3638 1564 3695 ¹euim
1602 3637 1850 3699 templum
1893 3642 2114 3698 quatuor
2150 3639 2416 3697 portarum
2439 3631 2494 3679 in

1430 3714 1735 3762 transitorio
1759 3710 1871 3761 foro
1907 3709 2064 3759 fuisse
2099 3708 2304 3758 Servius
2327 3712 2498 3755 osten-

1429 3791 1526 3847 dit,
1548 3795 1602 3839 et
1627 3788 1901 3857 Janiolim
1936 3785 2291 3847 'transitiones
2322 3782 2495 3843 dictae,

1429 3865 1567 3932 quod
1592 3865 1785 3929 passim
1810 3861 2199 3933 transeuntibus
2235 3865 2497 3924 paterent.

1415 3932 1559 3993 'Ruit

1496 4024 1527 4067 2
1562 4017 1764 4067 Publica
1792 4030 1943 4078 quem,
1972 4013 2082 4076 Arm]
2148 4012 2411 4076 Epigram.
2450 4015 2500 4062 2.

1431 4111 1570 4145 vers.
1598 4099 1646 4143 1.
1689 4102 1744 4142 et
1784 4090 1964 4154 Epigr.
1999 4092 2047 4139 8.
2070 4104 2205 4138 vers.
2242 4094 2286 4138 1.
2325 4088 2416 4137 lib.
2450 4093 2501 4137 8.

1434 4174 1522 4222 Sic
1560 4170 1719 4221 Ovid.
1753 4174 1801 4219 1.
1836 4168 1980 4217 Fast.
2048 4170 2062 4194 ⁸
2088 4167 2179 4216 Me
2216 4181 2379 4230 penes
2418 4156 2502 4215 es‘t

1435 4264 1591 4298 uuum
1630 4246 1760 4295 vasti
1799 4241 2037 4294 custodia
2073 4243 2270 4302 muudi,
2310 4243 2379 4292 Et
2412 4242 2502 4307 jus

1437 4325 1677 4376 vertendi
1725 4322 1951 4373 cardinis
1990 4333 2141 4370 omne
2184 4336 2350 4369 meum
2388 4317 2503 4367 est.’

2264 4402 2378 4450 4ss
