2985 4937
422 386 594 454 1084

487 541 679 593 Minois
699 555 821 592 arce
843 541 1138 590 avolaturus
1162 541 1213 590 in
1236 540 1372 591 feras
1389 541 1474 599 de·

487 618 708 679 cideret,
755 616 1026 678 insultam,
1073 623 1227 680 optat
1269 617 1477 719 Daedali

487 697 571 762 (ut
592 702 672 746 est
693 694 748 744 in
769 693 875 744 fab.
880 694 903 755 )
926 708 1139 758 pennas.

490 777 519 822 1
554 772 770 834 Doedale,
788 770 895 833 qua]
943 769 1117 818 Simile
1132 768 1254 833 quid
1275 768 1343 818 de
1359 768 1476 819 Ica-

422 864 482 899 ro
485 863 512 912 J
520 856 645 898 uxta
654 847 876 898 Neronis
893 843 1162 910 οὐρανίσκον
1176 844 1477 908 decidente,

420 927 543 978 vide
572 927 710 990 apud
734 925 1023 989 Tranquill.
1043 925 1171 975 Ner.
1193 939 1242 973 c.
1265 927 1347 972 12.

485 1009 517 1053 2
554 1002 821 1066 Habuisse]
855 1003 963 1051 Pro
987 1001 1233 1065 praesenti
1266 1001 1476 1065 ponitur

422 1079 529 1130 κατ’
572 1077 857 1140 ἐναλλαγήν.
939 1078 1129 1128 Sensus
1185 1077 1320 1126 enim
1376 1084 1476 1140 est,

422 1170 576 1221 quam
618 1157 780 1205 velles
818 1168 957 1204 nunc
1001 1153 1243 1203 habuisse
1275 1168 1472 1218 pennas

418 1235 554 1297 illas,
571 1247 695 1297 quas
722 1239 832 1283 tum
858 1231 1101 1294 habuisti,
1124 1245 1239 1281 cnm
1263 1244 1295 1279 a
1316 1230 1475 1281 Creta

420 1311 657 1361 avolares
678 1323 792 1359 cum
817 1309 987 1358 Icaro.

421 1387 579 1436 Eme.
597 1399 679 1435 rx.
740 1385 1055 1435 Rhinoceros
1071 1397 1213 1447 aegre
1230 1383 1472 1447 lenteque

484 1463 736 1524 irritatus,
770 1467 960 1525 praeter
991 1473 1138 1523 spem
1177 1459 1384 1508 tandem
1418 1458 1473 1507 in

482 1537 623 1588 feras
648 1538 869 1599 irruens,
884 1542 1087 1586 taurum
1107 1534 1347 1601 jactabat
1366 1549 1471 1585 non

480 1631 630 1667 secus
652 1632 715 1667 ac
735 1624 909 1667 taurus
933 1616 1108 1680 pilam.

485 1699 513 1744 1
554 1692 832 1756 Exhibitus]
852 1693 916 1742 In
934 1692 1287 1756 spectaculum
1303 1691 1473 1742 datus.

480 1774 514 1820 2
547 1769 800 1832 Promisit,
816 1768 1009 1832 prcelia]
1065 1768 1153 1816 Sic
1176 1766 1310 1815 infra
1331 1767 1471 1831 epig.

414 1851 498 1898 22.
531 1848 547 1875 ‘
570 1845 1004 1909 Desperabautur
1034 1843 1269 1908 promissi
1293 1843 1474 1906 praelia

417 1922 609 1972 Martis
631 1922 662 1972 :'
697 1936 729 1971 a
773 1922 979 1971 Caesare
1014 1921 1213 1970 scilicet
1236 1920 1471 1984 promissi

301 2058 309 2063 ‚
414 1999 529 2048 vult
548 1999 662 2050 Jos.
685 1998 873 2062 Scalig.
911 1998 997 2047 hic
1036 2011 1161 2061 ergo
1200 1997 1327 2060 legit
1361 2012 1468 2060 pro·

413 2074 565 2124 ndsti.
644 2075 797 2127 Quod
852 2074 978 2123 mihi
1031 2073 1209 2123 durius
1260 2074 1474 2123 videtur

378 2162 381 2168 ·
413 2164 568 2216 qnam
588 2160 765 2212 noster
787 2151 912 2200 dare
934 2156 1024 2199 aut
1046 2149 1201 2199 etiam
1223 2148 1361 2198 ferre
1382 2163 1472 2212 po-

414 2230 594 2279 tuerit.
630 2220 957 2290 Rhinoceros]
976 2228 1162 2290 Ingens
1181 2227 1372 2288 bellua,
1387 2225 1471 2277 cui

416 2318 602 2354 nomen
626 2304 772 2353 dedit
801 2303 859 2353 τὸ
883 2303 954 2352 ἐπ’
975 2304 1094 2368 ἆκρᾷ
1113 2304 1176 2368 τῇ
1195 2302 1282 2366 ῥινὶ
1316 2300 1472 2366 κέρας,

413 2380 494 2429 καὶ
511 2379 637 2430 ἄλλο
665 2379 779 2445 ὑπὲρ
797 2379 913 2430 αὐτὸ
946 2381 1000 2430 οὐ
1029 2377 1173 2441 μέγα.
1240 2380 1467 2429 Pausan.

411 2460 447 2510 l.
477 2465 527 2511 9.
567 2461 800 2526 quamvis
843 2467 898 2510 et
938 2461 1052 2510 liaec
1098 2458 1284 2509 relatio
1323 2457 1388 2508 de
1421 2461 1469 2509 2.

413 2536 654 2588 cornibus
693 2551 801 2587 non.
832 2539 904 2587 ita
934 2537 1081 2601 gravi
1111 2536 1214 2586 fide
1247 2542 1468 2588 constet.

413 2612 555 2664 Hinc
570 2629 699 2678 ergo
717 2614 1038 2665 Rhinoceros
1063 2613 1231 2663 dictus
1257 2627 1468 2666 acornu

410 2691 502 2741 illo
524 2692 717 2755 majore
737 2706 767 2739 e
784 2705 908 2741 nare
924 2698 1316 2755 prorumpente.
1330 2689 1467 2738 Plin.

410 2770 447 2820 l.
463 2773 521 2823 8.
543 2783 589 2818 c.
606 2772 688 2821 20.

477 2848 508 2894 3
543 2843 757 2907 Pronus]
792 2844 963 2906 Cornu
996 2840 1247 2891 submisso
1281 2839 1349 2889 ad
1374 2840 1468 2890 tol·

408 2920 622 2971 lendum
653 2926 879 2983 taurum,
922 2925 979 2968 et
1000 2916 1115 2968 fera
1151 2917 1276 2967 alias
1308 2914 1467 2966 etiam

411 3010 596 3060 prona.

475 3077 510 3125 4
544 3071 638 3120 Cui
675 3070 798 3135 pila]
862 3069 1469 3134 Epigr.5s.l.121.et

411 3146 580 3210 epigr.
606 3150 686 3196 19.
711 3143 863 3194 infra.
931 3145 1023 3194 Cui
1039 3144 1166 3208 pila]
1217 3144 1468 3195 Rhinoce-

408 3222 514 3271 roti
535 3229 715 3271 taurus
730 3235 823 3285 pro
843 3219 951 3285 pila
971 3225 1106 3282 erat,
1126 3227 1233 3270 tam
1255 3222 1369 3270 leve
1391 3222 1468 3272 illi

409 3298 613 3363 pondus
649 3304 841 3348 taurus.
908 3297 1060 3348 Unde
1093 3297 1247 3348 robur
1280 3299 1464 3349 bestiae

408 3374 588 3437 discis,
604 3374 742 3440 qnod
765 3382 820 3423 et
837 3374 1122 3423 admiratur
1153 3375 1345 3438 Poeta,
1370 3390 1466 3425 nec

408 3466 520 3516 prae
540 3451 895 3515 magnitudine
932 3452 1214 3515 expromit,
1246 3458 1306 3502 ιιι
1338 3454 1470 3503 Lec-

408 3529 529 3591 tori,
568 3529 706 3593 quod
744 3530 896 3592 solet,
927 3529 1281 3580 meditandum
1318 3530 1469 3580 relin-

409 3611 551 3670 quat.
592 3605 824 3654 Raderm.

410 3682 572 3736 Ena.
597 3696 654 3739 x.
711 3683 972 3732 Caesarem
990 3698 1020 3733 a
1033 3684 1242 3748 justitia
1269 3683 1465 3745 laudat,

475 3759 565 3824 qui
602 3759 802 3811 leonem
828 3759 964 3823 quod
996 3761 1297 3824 magistrum
1323 3762 1465 3809 laese-

471 3839 554 3883 rat
577 3834 924 3900 occideratve,
941 3835 1059 3885 telis
1076 3834 1365 3885 confossum
1388 3835 1464 3885 in·

471 3911 642 3964 ter-fici
654 3911 833 3976 jussit.

473 3992 501 4037 1
538 3987 736 4049 Ingrato
754 3989 824 4036 leo
842 3988 1188 4054 peffidm,q·c.]
1210 3988 1272 4037 In
1288 3996 1465 4040 custo·

406 4065 545 4127 dem,
583 4072 862 4125 rectorem,
912 4066 1334 4129 mansuetarium,
1370 4067 1460 4120 sed

404 4144 493 4195 οὐκ
514 4140 615 4198 ἔστι
628 4140 788 4194 λέουσι
805 4140 884 4194 καὶ
914 4138 1104 4205 ἀνδράσι
1135 4140 1264 4206 ὅρκια
1297 4143 1465 4207 πιστὰ,

409 4211 425 4249 ⁴
450 4219 670 4275 Foedera
699 4226 819 4267 sunt
847 4218 1104 4271 nominem
1126 4232 1227 4269 non
1257 4218 1364 4269 fida
1383 4220 1463 4269 in-

407 4303 590 4362 terque
613 4292 850 4347 leonem.'
892 4294 1074 4357 Tigres
1108 4294 1244 4346 enim
1278 4302 1334 4346 et
1355 4297 1462 4347 leo-

1111 400 1325 447 No'l‘AE
1370 399 1771 450 vAmoRUM
1824 401 1900 448 ΙΝ

1547 554 1658 604 nes,
1681 550 1736 592 ut
1756 543 1956 593 Seneca
1982 558 2120 605 vere,
2145 544 2311 608 Epist.
2330 547 2410 593 89.
2450 543 2602 594 ‘Nou

1548 629 1764 682 exuunt,
1799 622 1890 671 sed
1926 628 2124 677 tantum
2148 621 2462 672 submittunt
2484 620 2606 670 feri-

1550 698 1753 750 tatem!
2589 719 2594 725 ·

1612 781 1645 825 2
1682 777 1861 840 Notas]
1895 775 2135 841 Magistri
2177 775 2488 837 coercentis,
2524 774 2606 823 vel

1548 851 1688 904 forte
1712 854 1995 905 irritantis·
2029 861 2090 904 nt
2123 855 2291 919 epigr.
2328 859 2411 905 22.
2451 853 2605 905 infra.

1554 930 1909 994 Contenta-are]
1948 932 2182 982 violare.

1611 1010 1645 1056 4
1671 1007 1782 1057 Tela
1800 1008 1938 1071 tulit]
1973 1009 2258 1071 Venabula,
2283 1007 2461 1072 jacula
2482 1020 2607 1058 con·

1548 1081 1854 1134 ficientium.
1891 1118 1894 1119 ν
2591 1106 2597 1123 2

1612 1166 1642 1209 6
1682 1161 1812 1217 Quos
1832 1163 1981 1225 decet,
1999 1161 2108 1224 ‹ke-J
2143 1160 2189 1210 A
2214 1161 2418 1210 minori.

1611 1243 1645 1288 6
1677 1238 1946 1301 Ingenium,
1965 1239 2079 1303 ξω]
2113 1237 2514 1289 Hemisticbinm
2538 1251 2605 1287 ex

1550 1314 1811 1365 Ovidiano
1841 1316 1948 1376 illo,
1986 1315 2121 1378 eleg.
2164 1318 2241 1364 1⁰.
2278 1313 2370 1363 lib.
2396 1317 2443 1364 1.
2482 1311 2602 1361 Am.

1534 1391 1550 1418 ‘
1563 1392 1741 1456 Turpe
1751 1393 1852 1442 erit
1862 1390 2122 1455 ingenium
2134 1390 2307 1440 mitius
2318 1404 2433 1439 esse
2447 1387 2610 1439 feris!

1547 1471 1706 1520 Erre.
1732 1484 1813 1521 xl.
1871 1469 2075 1518 Novum
2116 1467 2406 1518 venationis
2441 1481 2605 1530 genus

1611 1547 1886 1611 praedicat,
1908 1561 2080 1595 ursum
2096 1544 2299 1594 scilicet
2318 1543 2462 1593 visco
2474 1542 2607 1608 (quo

1515 1633 1522 1636 ’
1611 1622 1737 1672 alias
1750 1636 1874 1692 aves
1891 1619 2191 1685 capiuntur)
2209 1619 2539 1682 implicitum.

1611 1704 1638 1749 1
1675 1700 1895 1762 Proeoeps
1907 1699 2188 1761 sanguinea,
2201 1695 2307 1758 qm]
2340 1696 2505 1745 Ursus
2520 1708 2605 1745 ca·

1546 1776 1664 1840 piti,
1688 1774 1827 1840 quod
1850 1774 1996 1825 dedit
2017 1775 2092 1824 illi
2113 1781 2299 1823 natura
2340 1771 2605 1823 invalidis-

1545 1853 1749 1913 simum,
1774 1851 2046 1916 praetentis
2082 1849 2424 1901 anterioribus
2458 1848 2604 1912 pedi·

1547 1928 1643 1978 bus
1664 1928 1990 1994 demissoque
2015 1928 2079 1978 ad
2114 1934 2306 1978 terram
2328 1926 2523 1988 capite,
2547 1939 2605 1976 se

1546 2005 1599 2054 in
1622 2004 1802 2055 orbem
1828 2006 2060 2055 volutare
2089 2005 2223 2054 solet
2246 2003 2312 2052 ad
2336 2001 2605 2051 declinan-

1546 2081 1661 2131 dam
1687 2082 1952 2145 plagarum
1978 2081 2099 2131 vim.
2138 2079 2376 2143 Proeceps]
2427 2077 2603 2141 Impe-

1547 2164 1606 2207 tu
1629 2173 1802 2209 ruens.
1839 2157 2011 2220 Rotae]
2066 2158 2285 2222 Κυβιστᾷ
2306 2157 2516 2214 (ἂι-εσυ,
2547 2153 2601 2204 in

1544 2235 1723 2285 orbem
1748 2236 1858 2300 agit
1878 2250 1970 2286 seu
1994 2236 2176 2285 volvit.

1607 2317 1641 2363 2
1675 2312 1967 2375 Implicitam
1981 2311 2107 2361 visco
2110 2314 2216 2374 ,ἔς-ο.
2222 2309 2248 2372 ]
2268 2309 2444 2359 Haesit
2463 2307 2603 2361 visco

1545 2388 1843 2451 impeditus.
1907 2387 2041 2437 Sunt
2065 2387 2154 2450 qui
2192 2386 2369 2448 legant
2401 2382 2604 2446 implici-

1542 2471 1640 2516 tus.
1708 2464 1843 2514 Nam
1861 2462 2132 2524 Perottus,
2149 2461 2403 2526 Scaliger,
2420 2468 2477 2510 et
2497 2461 2604 2511 No·

1544 2542 1656 2590 nius
1680 2539 1963 2589 Marcellus
1982 2538 2207 2589 credunt
2237 2537 2253 2564 ‘
2273 2536 2494 2587 viscnm’
2516 2535 2602 2587 nic

1544 2617 1771 2680 positum
1804 2630 1897 2679 pro
1921 2616 2041 2678 reti,
2065 2629 2095 2663 a
2129 2614 2435 2665 tenacitate.
2494 2612 2602 2664 Sed

1544 2692 1794 2743 credibile
1818 2692 1997 2755 magis,
2027 2692 2109 2741 hic
2142 2706 2234 2755 pro
2257 2691 2457 2755 glutine
2478 2690 2604 2755 poni

1541 2769 1753 2832 debere,
1792 2769 1927 2834 quod
1977 2770 2209 2832 aucupiis
2242 2768 2428 2828 servit,
2478 2768 2602 2818 alio·

1544 2847 1671 2911 quin
1696 2846 1819 2895 nihil
1842 2847 2092 2905 dicturus,
2126 2860 2242 2893 cum
2266 2844 2383 2905 hoc,
2420 2851 2480 2894 ut
2511 2859 2605 2896 no·

1544 2937 1666 2972 vum
1720 2937 1880 2987 genus
1935 2920 2223 2971 venationis
2294 2921 2600 2973 admiretur.

1543 3000 1674 3050 Rau.
1710 3000 1907 3050 Marcii.

1608 3079 1639 3124 8
1674 3075 1933 3138 Splendida
1952 3074 2060 3134 jam
2098 3077 2238 3133 tecto,
2274 3072 2383 3136 ξω]
2452 3074 2603 3123 Post·

1543 3167 1694 3217 qnam
1729 3166 1864 3201 nova
1884 3151 1998 3201 haec
2029 3158 2085 3201 et
2108 3157 2264 3201 acuta
2286 3152 2501 3201 inventa
2522 3155 2603 3200 est
2663 3203 2672 3206 ,

1543 3226 1774 3278 ferarum
1811 3226 2051 3289 viscatio,
2084 3232 2292 3276 cessent
2326 3227 2523 3290 corytis
2546 3232 2603 3278 et
2683 3231 2688 3236 “

1543 3305 1706 3355 thecis
1761 3303 2032 3353 recondita
2084 3302 2357 3364 venabula,
2414 3301 2602 3367 quibus

1542 3381 1791 3442 cominus,
1824 3385 1881 3428 et
1922 3381 2135 3441 lanceae,
2178 3378 2363 3443 quibus
2398 3377 2600 3428 eminus

1543 3455 1681 3506 feras
1692 3455 2011 3506 conficimus.
2035 3455 2328 3504 venatores
2347 3453 2483 3502 enim
2503 3452 2603 3501 fer-

1542 3546 1652 3581 rum
1668 3545 2067 3582 senmucronem
2085 3528 2323 3580 venabuli
2336 3534 2451 3579 arte
2467 3529 2601 3578 cela·

1544 3607 1689 3669 bant,
1711 3616 1770 3658 ut
1801 3607 1926 3658 ferae
1952 3605 2157 3657 facilins
2180 3620 2238 3656 se
2257 3604 2399 3656 ferro
2419 3604 2600 3654 indue·

1542 3695 1658 3735 rent
1670 3701 1772 3736 non
1806 3687 1935 3748 viso,
1965 3700 1998 3736 a
2031 3687 2143 3738 viso
2172 3691 2345 3736 antem
2378 3683 2602 3748 refugie-

1542 3762 1685 3814 bant.
1707 3762 2042 3826 Splendidum
2053 3778 2180 3827 ergo
2194 3777 2287 3827 per
2303 3776 2359 3811 se
2375 3760 2601 3811 venabu-

1541 3839 1665 3902 lum,
1690 3839 1947 3890 coloribus
1965 3837 2232 3900 fncabant,
2261 3846 2320 3889 ut
2349 3836 2487 3888 feras
2504 3836 2604 3887 fal-

1540 3915 1747 3966 lerent:
1783 3913 1921 3978 quod
1964 3914 2047 3963 hic
2079 3928 2182 3963 non
2218 3920 2335 3964 erat
2369 3928 2603 3974 necesse,

1541 4006 1659 4041 cum
1717 3991 1980 4041 declinare
2030 3990 2188 4044 etiam
2239 3989 2599 4054 splendentem

1540 4068 1668 4119 ferri
1691 4070 1853 4120 aciem
1891 4068 2036 4118 visco
2057 4068 2318 4118 haerentes
2348 4080 2453 4116 non
2487 4080 2604 4129 pos·

1541 4151 1677 4196 sent.
1745 4146 1866 4195 Non
1911 4145 2144 4208 repudio.
2166 4151 2343 4196 tamen
2382 4143 2601 4195 alteram

1540 4221 1987 4285 explanationem:
2010 4221 2227 4270 Cessent
2248 4219 2504 4269 venabula
2519 4233 2604 4267 ve-

1540 4304 1781 4349 natorum
1802 4303 1859 4347 et
1879 4297 2172 4349 condantur
2192 4293 2382 4359 vagina
2400 4310 2416 4355 3
2442 4307 2600 4359 quan-
