2985 4937
473 426 648 493 1308

1180 442 1398 492 NOTAE
1449 442 1853 493 VARIORUM
1903 443 1979 492 IN

473 584 741 651 Calendis,
773 584 1097 650 pecuniolam
1118 586 1341 653 aliquam
1370 587 1538 653 porri·
1611 592 1693 640 21.
1714 603 1831 653 cap.
1849 593 1932 639 24.
1957 588 2060 649 vel,
2080 589 2218 656 quod
2238 586 2438 641 ‘factum
2462 594 2545 640 est
2563 595 2681 640 aute

472 664 682 729 gebant.
758 663 914 714 Ratio
956 663 1109 729 hujus
1152 667 1541 730 superstitionis

387 804 400 813 .
473 746 574 799 est,
599 739 721 805 quia
742 739 998 789 Calendas
1020 747 1076 790 et
1115 755 1365 792 annorum
1402 743 1541 806 prin·

472 817 613 882 cipia
634 817 873 881 religiose
912 817 1282 869 observabant.
1349 821 1420 869 Et
1441 832 1541 868 nou

473 892 686 943 Ethnici
708 894 896 956 solum,
918 908 1095 943 verum
1120 901 1173 944 et
1191 908 1259 944 ex
1279 895 1386 944 Dei
1410 909 1541 959 prae·

473 976 630 1033 cepto
649 968 905 1020 Israelita!
922 970 1076 1020 initia
1095 971 1348 1022 mensium
1362 970 1544 1022 obser·

471 1046 686 1109 vabant,
744 1050 803 1095 et
858 1045 1125 1096 sacrificiis
1184 1046 1543 1098 celebrabant.

480 1122 740 1174 Heraldas.
810 1122 1044 1189 Caryota]
1089 1123 1288 1174 Palma
1314 1122 1541 1186 fructus3

474 1196 660 1262 Epigr.
682 1201 767 1249 2⁷.
787 1197 825 1247 ι.
847 1201 924 1248 18.

543 1282 606 1328 18
626 1277 870 1327 Colocasia
877 1275 997 1342 filo]
1021 1277 1180 1328 Fabae
1201 1276 1545 1343 AEgyptiacae‚

476 1368 594 1420 quae
609 1361 777 1405 coctae
803 1355 884 1403 vel
906 1354 1234 1405 manducatae
1259 1355 1546 1406 tenduntur

477 1435 538 1480 ut
556 1429 672 1480 fila:
709 1432 888 1495 Epigr.
910 1434 991 1481 ⁶⁷.
1013 1430 1101 1480 lib.
1123 1433 1205 1482 18.

545 1511 609 1558 1⁴
629 1508 786 1558 Plena
806 1508 978 1572 magia,
996 1508 1099 1572 qt]
1133 1508 1280 1559 Folia
1297 1508 1547 1576 liliorum,

480 1586 549 1636 ab
594 1585 779 1637 ardore
819 1585 955 1636 Solis
1003 1585 1377 1652 decidentium,
1422 1594 1547 1637 sunt

480 1664 739 1714 crassiora
757 1677 909 1728 quam
933 1667 1025 1713 tna
1046 1663 1235 1728 phiala.

546 1744 606 1790 15
644 1739 751 1791 Neo
782 1753 925 1803 uaga,
962 1739 1072 1803 θα]
1126 1738 1449 1790 Aranearum
1487 1746 1545 1791 et

477 1816 790 1883 bombycum
829 1818 954 1867 teloe
987 1831 1098 1867 non
1128 1824 1258 1868 sunt
1274 1817 1406 1867 adeo
1430 1818 1547 1869 sub·

478 1894 620 1945 tiles.

547 1973 612 2020 17
647 1969 892 2033 Crassior,
912 1969 1016 2034 qa]
1046 1969 1217 2021 Fncns
1240 1984 1331 2022 seu
1353 1972 1548 2024 incrus-

482 2056 768 2108 tamentum
805 2048 965 2101 faciel
996 2055 1356 2115 supertectum
1378 2064 1409 2100 e
1432 2064 1548 2101 cre-

483 2132 542 2176 ta
562 2126 692 2177 Cbia
713 2126 794 2176 vel
817 2126 1094 2177 Selinusia.

550 2208 614 2254 18
651 2203 882 2269 Offensa,
911 2203 1021 2269 qm]
1065 2203 1549 2270 Pemussae,agita·

484 2287 575 2347 toe,
595 2282 735 2332 unde
757 2282 925 2333 oritur
946 2282 1107 2332 bulla.

544 2365 616 2411 19
642 2360 811 2411 Vesica
823 2359 1041 2425 capillos]
1074 2357 1370 2410 Reticulum
1393 2365 1553 2409 tenue

484 2437 649 2490 instar
670 2436 890 2489 vesicaez
921 2452 953 2488 a
968 2437 1090 2488 canl.

550 2520 617 2566 2ο
650 2516 722 2565 Et
741 2519 915 2573 mutat,
946 2512 1055 2579 ςι]
1091 2514 1209 2565 Nec
1231 2516 1450 2568 crassior
1470 2523 1555 2567 est

485 2592 678 2657 phiala,
715 2607 871 2657 quam
908 2606 1092 2657 spuma
1134 2594 1431 2658 smegmatis
1464 2609 1557 2644 seu

484 2670 669 2735 lixivii,
689 2685 792 2735 quo
816 2669 1069 2721 Germani
1091 2667 1349 2720 ruffabant
1364 2671 1559 2731 crines,

487 2755 545 2799 et
574 2748 640 2799 ab
677 2748 757 2798 bis
795 2747 934 2798 idem
969 2746 1143 2796 doctae
1182 2746 1433 2797 Romanae
1463 2745 1558 2798 foe-

487 2840 665 2876 minae.
1265 2863 1268 2870 .
1542 2867 1547 2872 .

550 2905 612 2953 21
650 2901 765 2952 Hac
794 2906 921 2965 cute,
942 2900 1070 2972 qm]
1106 2901 1228 2952 Ova
1249 2916 1449 2967 cygnea
1468 2902 1559 2952 ha·

491 2979 621 3030 beut
639 2980 802 3029 cutim
819 2993 968 3043 aeqne
986 2977 1216 3028 densam.

554 3061 619 3106 22
656 3056 793 3107 Talia
814 3057 998 3119 lunam,
1032 3056 1139 3120 θα]
1189 3055 1423 3120 Splenia,
1455 3071 1561 3107 em-

490 3134 710 3198 plastra,
725 3147 843 3199 qnae
860 3133 926 3183 ad
955 3132 1148 3197 splenis
1179 3130 1395 3182 formam
1417 3134 1563 3183 adhi-

490 3210 686 3260 bentur
751 3207 936 3272 fronti,
994 3214 1119 3258 sunt
1175 3222 1325 3273 aeque
1376 3210 1563 3274 spissa.

493 3286 648 3351 Epig.
666 3289 750 3336 29.
771 3285 867 3335 lib.
882 3289 932 3335 2.
951 3298 1086 3336 vers.
1106 3289 1155 3336 9.
1219 3285 1440 3349 Lunata]
1462 3288 1566 3338 Lu·

491 3369 619 3413 nata
648 3359 791 3413 frons
829 3362 1039 3425 dicitur,
1070 3364 1211 3429 quod
1244 3364 1566 3429 hemicyclon

413 3441 416 3446 “
493 3454 527 3490 a
549 3438 768 3504 geminis
789 3440 1112 3504 temporibus
1133 3439 1347 3492 efficiat.

559 3520 625 3570 23
657 3516 900 3581 Ligulam,
939 3514 1047 3581 ξω]
1090 3516 1412 3581 Gladiolum,
1447 3532 1566 3583 spa·

495 3593 720 3656 tholam,
741 3593 825 3643 vel
847 3606 1060 3658 parvam
1079 3593 1337 3658 quandam
1360 3608 1566 3658 mensu·

492 3686 604 3722 ram
626 3684 696 3721 ex
719 3676 958 3736 argento.
1022 3669 1416 3735 Epigrammata
1452 3675 1567 3723 120.

494 3749 633 3799 libro
657 3750 736 3798 14.

560 3830 628 3877 24
651 3825 930 3875 ΟοοΙιὶιω-ε.
945 3824 1202 3875 ,cochleam
1215 3822 1407 3888 ..mihin
1427 3824 1565 3875 Gra·

495 3901 660 3953 datim
695 3899 1066 3952 descendendo
1101 3907 1356 3953 extenuat
1392 3902 1567 3952 Paulli

495 3992 701 4030 munus.
823 4007 828 4014 ·

564 4055 725 4104 Eam.
741 4065 953 4105 xxxxv.
974 4057 1003 4104 1
1019 4052 1365 4120 Archetypum]
1382 4055 1564 4121 Epigr.

498 4134 551 4188 6,
572 4144 749 4195 supra,
767 4143 905 4181 vers.
929 4134 979 4181 1.
1043 4131 1210 4196 Myos,
1229 4132 1339 4198 ξω]
1382 4134 1567 4199 Sculp-

499 4206 632 4256 toris
655 4213 712 4255 et
733 4204 948 4256 artificis
969 4205 1176 4258 nobilis.

566 4286 600 4332 2
636 4282 776 4339 Quod
806 4283 930 4347 sine,
960 4283 1070 4349 ξω]
1131 4285 1190 4336 si
1225 4292 1286 4338 tn
1320 4288 1568 4339 molestus

499 4366 794 4412 ostentator
828 4359 987 4428 absis,
1016 4362 1192 4430 inquit
1220 4365 1452 4417 Turneb.
1467 4366 1564 4420 lib.

1614 671 1669 715 te
1690 673 1887 726 natum,
1906 666 1992 714 vel
2023 680 2054 716 a
2076 666 2257 732 quovis
2292 667 2411 729 alio,
2446 673 2629 716 etnon
2652 681 2683 716 a

1615 748 1689 805 te,
1709 741 1846 805 quod
1870 744 2027 805 soles,
2050 742 2426 794 adulteratum.

1680 816 1843 866 Eam.
1884 831 2058 869 xxxv,
2124 817 2254 868 Cum
2307 820 2583 883 plurimum
2618 818 2684 870 ad

1616 908 1842 944 amorem
1868 898 2040 945 valeat
2056 908 2253 946 morum
2274 896 2580 960 similitudo,
2603 881 2697 947 vel'

1615 970 1752 1020 inter
1771 971 1953 1022 malos.
2584 980 2587 983 '

1682 1048 1844 1097 Eme.
1870 1060 2067 1098 xxxvx.
2101 1047 2297 1098 Domus
2318 1048 2430 1099 baec
2448 1049 2689 1100 Palatina

1618 1123 1842 1175 Cesaris
1864 1124 2022 1188 digna
2043 1134 2159 1177 erat
2181 1134 2455 1190 spectatn3
2490 1133 2551 1177 ut
2571 1141 2688 1191 qure

1616 1200 1755 1252 inter
1776 1202 2057 1252 nobiliores
2089 1202 2229 1253 orbis
2253 1203 2476 1253 fabricas
2502 1200 2692 1252 referri

1618 1286 1826 1343 posset3
1891 1294 2046 1343 quam
2093 1279 2267 1329 Poeta
2320 1278 2690 1344 Pyramidibus

1619 1355 1854 1420 aulisqne
1878 1354 2096 1420 AEgypti
2128 1357 2417 1420 anteponit,
2437 1363 2599 1422 atque
2620 1356 2692 1405 al-

1522 1456 1530 1477 ·
1619 1431 1846 1482 titudine
1900 1434 2059 1482 etiam
2107 1433 2370 1483 altissimis
2407 1434 2692 1484 Thessalia

1618 1509 1878 1561 montibus
1900 1506 2132 1574 praefert.
2198 1509 2475 1560 Postremo
2508 1518 2696 1574 argute

1621 1583 1921 1647 concludit;
1995 1600 2308 1651 quamquam
2370 1595 2478 1637 tam
2530 1593 2697 1651 vasta,

1622 1661 1814 1724 ampla,
1835 1668 1891 1711 et
1927 1662 2139 1711 excelsa
2174 1670 2257 1712 est
2289 1661 2491 1723 domus,
2521 1668 2696 1711 tamen

1622 1744 1704 1788 est
1726 1738 1893 1787 minor
1916 1738 2147 1788 Domino
2170 1740 2399 1790 Caesare.
2432 1739 2565 1789 Rad.

1687 1819 1718 1864 1
1753 1815 1912 1878 Regia
1950 1815 2274 1880 pyramidum]
2338 1816 2493 1869 Quod
2543 1830 2696 1880 reges

1622 1891 1836 1956 AEgypti
1852 1892 2148 1957 pyramidas
2172 1892 2525 1945 condiderint.
2573 1893 2702 1959 Epi·

1625 1981 1839 2031 gramm.
1886 1973 1933 2019 1.
1974 1969 2110 2020 libro
2165 1970 2408 2034 spectac.
2465 1984 2604 2022 vers.
2647 1975 2699 2021 1.

1624 2044 1779 2109 Ride]
1811 2045 1932 2096 1²1·ae
1956 2048 2059 2096 tuis
2083 2053 2380 2099 contemne.

1689 2125 1721 2171 2
1756 2122 1914 2172 Eoum
1932 2122 2156 2187 barbara]
2204 2124 2270 2173 In
2300 2124 2550 2190 AEgypto,
2582 2139 2700 2190 qnae

1626 2198 1904 2249 Orientem
1937 2213 1970 2249 a
2004 2199 2230 2251 Meridie
2256 2208 2482 2266 spectat.
2543 2202 2704 2252 Mern-

1622 2276 1737 2343 phis
1755 2275 1892 2341 opus]
1949 2276 2289 2327 Nobilissima
2318 2277 2533 2342 AEgypti
2572 2278 2703 2327 civi·

1630 2362 1734 2419 tas,
1752 2354 2105 2420 pyramidibus
2125 2354 2300 2411 clara:
2334 2356 2518 2421 Epigr.
2539 2361 2590 2406 1.
2606 2355 2704 2405 lib.

1628 2433 1814 2500 Spect.

1699 2517 1730 2562 8
1763 2513 1893 2576 Pars
1926 2510 2092 2577 quota]
2147 2512 2308 2566 Quasi
2350 2512 2515 2575 dicat,
2534 2512 2703 2575 Nihil,

1632 2595 1723 2639 aut
1743 2589 1953 2639 minima
1974 2604 2115 2655 pars,
2128 2589 2172 2639 si
2195 2590 2260 2640 ad
2280 2597 2426 2641 tunm
2449 2588 2706 2653 palatium

1632 2663 1950 2717 conferatur.
2013 2667 2293 2719 Parrhasia
2317 2668 2451 2719 labor
2470 2665 2567 2731 est]
2600 2667 2705 2716 Pa·

1631 2742 1846 2793 latiuae:
1897 2744 1989 2795 lib.
2025 2749 2076 2795 7.
2119 2745 2305 2810 Epigr.
2348 2750 2433 2795 65.
2471 2759 2607 2796 vers.
2652 2747 2704 2794 2.

1634 2819 1927 2869 Mareoticus
1957 2821 2105 2885 aule]
2153 2822 2509 2890 AEgyptiacus,
2545 2836 2578 2872 a
2614 2835 2708 2887 pa·

1634 2896 1756 2947 lude
1780 2897 2095 2949 Mareotide.

1700 2980 1731 3023 5
1764 2974 2012 3040 Septenos,
2030 2975 2136 3041 δῖα]
2173 2976 2390 3041 Septem
2414 2983 2588 3027 turres
2609 2992 2707 3042 pa·

1636 3051 1751 3101 latii
1772 3059 2006 3117 evectas,
2022 3053 2190 3104 instar
2210 3055 2459 3106 montium
2481 3054 2708 3116 illorum,

1637 3144 1764 3194 quos
1802 3136 2077 3194 congestos
2098 3129 2340 3182 feruntur
2371 3132 2616 3197 gigantes
2653 3131 2708 3182 in

1639 3206 1823 3257 coelnm
1847 3207 2118 3258 struxisse.

1703 3287 1735 3333 7
1768 3283 2117 3349 affluet-asta]
2166 3285 2255 3336 Ita
2292 3285 2409 3335 aula
2446 3300 2703 3338 summum

1638 3366 1801 3423 caput
1825 3359 1963 3409 inter
1992 3360 2172 3411 nubila
2205 3362 2404 3427 condit,
2430 3369 2489 3413 et
2521 3363 2619 3414 snb
2650 3377 2706 3413 se

1639 3436 1788 3487 videt
1821 3436 2009 3488 Jovem
2053 3444 2322 3490 tonantem
2358 3445 2415 3489 et
2470 3449 2708 3491 meteora

1639 3514 1825 3566 mediae
1847 3516 2074 3580 regionis
2096 3515 2249 3567 aiiris.
2282 3517 2472 3581 Intrat]
2505 3518 2570 3567 ld
2594 3527 2704 3570 est:

1640 3588 1727 3640 Ad
1758 3591 1944 3641 coelnm
1963 3605 2127 3657 usque
2149 3592 2265 3658 ejus
2289 3607 2426 3658 apex
2443 3595 2709 3658 pertinet;

1638 3672 1718 3723 ita
1741 3676 1799 3721 ut
1819 3670 1983 3721 nubes
2007 3677 2065 3721 et
2089 3671 2318 3722 tonitrua
2348 3671 2604 3723 inferiora
2620 3673 2707 3722 ba·
2803 3720 2809 3727 .

1640 3748 1783 3800 beat.
1847 3748 1936 3800 Sic
1971 3747 2171 3798 dictum
2194 3748 2420 3813 utillud,
2452 3751 2469 3778 ⁸
2488 3750 2599 3801 Sub
2624 3765 2710 3817 pe·

1641 3823 1896 3891 dibusilue
1915 3824 2062 3876 videt
2082 3824 2247 3876 nubes
2263 3832 2320 3875 et
2335 3825 2511 3877 sidera
2530 3827 2709 3892 Daph·

1640 3902 1758 3956 nis.'
1821 3902 1930 3953 Sed
1972 3902 2089 3952 beic
2131 3899 2387 3969 ὑπερβολή.
2453 3904 2587 3955 Cum
2615 3904 2708 3970 igi·

1641 3987 1730 4032 tur
1746 3980 1918 4030 omnia
1933 3976 2072 4030 infra
2096 3979 2405 4045 quaudoque
2429 3981 2710 4033 turbentur

1640 4064 1698 4111 et
1736 4055 2037 4107 fulminibus
2075 4060 2388 4120 terreantur,
2441 4055 2707 4123 fastigium

1641 4141 1818 4186 tamen
1841 4132 2022 4184 domus
2044 4139 2152 4183 tam
2184 4134 2409 4184 excelsa
2439 4134 2707 4187 immotum

1639 4217 1838 4274 manet,
1859 4218 1917 4262 et
1933 4217 2087 4262 extra
2101 4211 2431 4277 tempestatis
2444 4213 2709 4281 impetum.

1708 4370 1742 4416 9
1772 4366 1847 4416 Et
1871 4363 2035 4430 prius]
2080 4365 2153 4417 Et
2188 4361 2455 4431 fastigium
2498 4368 2624 4420 auloe
2649 4366 2709 4419 il-
