2985 4937
678 350 762 440 Μ.
802 388 1458 443 νΑι..;ΜΛιιίἰ.ιι.ιε.
1488 389 1733 436 EPlGR.
1765 389 1927 443 ime.
1977 364 2104 475 vi.⁸

300 506 934 585 'veizPhiiorlatonisiat'a
982 542 1104 585 uter
1139 534 1245 584 utri
1267 548 1353 583 ac·

298 619 498 676 ceptum
520 611 658 663 ferat
681 612 952 677 utriusque
975 613 1231 675 interpres
1244 624 1348 660 non

296 688 438 738 dico:
494 686 685 739 verum
716 689 816 739 hoc
860 689 1197 753 Epigramma
1230 687 1348 737 vide

294 776 584 827 expressum
627 764 801 828 Satyr-
829 769 879 814 6.
910 763 1179 817 Juvenalis
1210 778 1349 813 vers.

274 843 396 888 11⁹6.
417 840 712 904 ibidemque
736 841 1049 906 expositum.

350 916 511 965 Ena.
539 928 701 967 xxiv.
753 916 1012 966 Lasciviae
1048 915 1103 966 id
1149 929 1259 964 esse
1294 915 1347 964 in

290 991 585 1047 enniano
596 993 835 1057 jocatur,
861 991 1000 1057 quod
1016 1006 1204 1042 revera
1225 1005 1347 1055 pau·

289 1069 511 1130 per-tatis
528 1076 679 1118 erat:
715 1076 774 1120 ut
796 1069 879 1119 cui
902 1083 1008 1119 non
1047 1074 1163 1118 erat
1184 1067 1346 1117 vestis

288 1144 565 1194 ωοοῦσι-ιι
588 1160 742 1209 qnam
777 1151 1009 1195 sumeret
1030 1145 1082 1194 in
1104 1144 1349 1196 Saturna-

288 1220 440 1284 libus·
463 1221 555 1271 ubi
595 1221 879 1272 Senatores
901 1228 959 1271 et
981 1220 1185 1285 equites
1208 1220 1349 1284 posi·

286 1297 349 1347 tis
370 1299 502 1362 togis
538 1297 832 1349 induebant
867 1298 1159 1362 syntheses.
1210 1296 1347 1347 Vide

284 1375 456 1440 Epigr.
480 1380 594 1426 141.
621 1376 711 1426 lib.
729 1380 807 1425 14.
832 1382 888 1425 et
926 1375 1072 1439 Lips.
1090 1380 1136 1425 1.
1169 1375 1279 1426 Sat.
1300 1379 1346 1427 1.

209 1494 216 1501 .
281 1451 462 1517 AEqne,
483 1452 677 1519 inquit,
711 1452 961 1504 lascivum
996 1459 1098 1503 est.
1121 1454 1346 1517 gravita-

282 1535 380 1578 tem
421 1529 695 1592 inducere,
737 1529 829 1580 ubi
865 1530 1047 1580 caeteri
1106 1544 1214 1594 pro³
1239 1531 1343 1581 ritu

280 1605 515 1657 civitatis·
532 1605 831 1670 lasciviunt,
871 1622 951 1658 ac¹
976 1607 1216 1658 lascivire
1254 1608 1344 1658 ubi

281 1683 453 1733 canteri
477 1683 629 1733 cives
647 1685 828 1748 gravia
850 1678 1027 1747 aguntss

284 1786 293 1793 ·
314 1786 319 1789 Δ
338 1759 664 1811 Reman.-
688 1760 1051 1825 Marcellinnm
1076 1761 1131 1811 in
1152 1763 1342 1821 Dacia,

280 1832 790 1888 tim-iniuimilitaria
816 1847 1120 1902 ponentem,
1149 1850 1346 1905 monet,

280 1917 332 1960 ut
349 1921 510 1963 caute
519 1912 681 1963 fortis
704 1914 773 1964 sit
791 1930 805 1964 ε
830 1915 974 1965 ιΙιιιιιι
992 1917 1359 1983 nibilominus„

277 1994 349 2038 ut
381 1990 647 2054 Ulyssem,
704 1991 930 2056 patriam
997 2008 1345 2064 propugnare,

277 2064 416 2130 eique
438 2066 605 2119 decus
639 2067 935 2121 immortale
969 2084 1155 2134 parere
1175 2087 1343 2138 posse.

284 2256 287 2259 »
337 2226 363 2270 1
394 2221 605 2273 Sincera
633 2226 875 2290 parentis]
921 2228 1077 2290 Vera,
1096 2227 1344 2294 ingenua,

274 2297 490 2363 ingenio,
512 2301 766 2365 moribus,
798 2311 1015 2368 pectore
1039 2312 1239 2368 patrem
1263 2318 1343 2356 re·-

273 2373 460 2441 ferens,
483 2377 642 2429 fortis
654 2378 786 2431 forti
808 2387 1016 2434 create.
1051 2381 1236 2500 purum
1254 2398 1340 2434 au·

276 2467 379 2505 rum
403 2472 433 2505 a
455 2471 591 2522 puro
611 2470 755 2509 auro.

332 2535 363 2580 2
395 2533 838 2598 Parrbasioquem,
864 2535 972 2599 ξω]
1029 2536 1134 2588 Qui
1172 2551 1339 2587 mere-

275 2605 340 2657 ris
381 2616 499 2673 tyro
530 2610 587 2659 in
620 2611 826 2675 Dacia,
863 2626 981 2677 quae
1017 2619 1229 2676 spectat
1272 2613 1338 2663 ad

272 2685 721 2751 Septentrionem·
706 2724 721 2740 .
742 2689 997 2741 militasse
1015 2705 1133 2741 enm
1156 2691 1212 2740 in
1233 2693 1342 2742 Da·

277 2762 345 2812 cis
364 2771 420 2814 et
454 2764 616 2816 Getis
640 2771 903 2816 testantur
924 2766 1107 2831 Epigr.
1127 2769 1210 2819 46.
1244 2767 1339 2820 lib.

274 2841 320 2887 9.
343 2846 397 2889 et
428 2841 621 2905 Epigr.
640 2845 721 2892 79.
754 2842 845 2892 lib.
863 2846 913 2893 7.
949 2844 1031 2893 De
1051 2845 1335 2896 Parrhasia

273 2929 401 2981 ursa,
420 2918 543 2968 vide
565 2933 700 2969 vers.
716 2923 767 2969 3.
789 2919 973 2984 Epigr.
989 2925 1072 2971 11.
1092 2922 1186 2973 lib.
1204 2928 1255 2974 4.

256 3007 259 3008 ’
332 2997 362 3042 3
393 2994 511 3058 Ine]
545 2995 677 3059 Ego.
739 2995 946 3046 Patrius
976 2997 1180 3061 amicus]
1215 2999 1337 3051 Fuit

274 3069 402 3121 enim
439 3070 716 3123 familiaris
758 3074 918 3138 patri,
958 3075 1108 3139 cujus
1152 3091 1336 3129 caussa

275 3148 461 3199 amavit
480 3148 663 3199 filium.

278 3252 287 3259 ·
333 3230 362 3278 7
395 3228 552 3278 Bella
579 3229 747 3292 velint,
781 3228 891 3294 ism]
926 3191 1191 3280 Temere
1190 3246 1335 3297 pug-

276 3309 396 3353 nent
415 3303 617 3369 tiniosi,
641 3310 715 3355 ιιι
747 3313 905 3361 caute
938 3313 996 3357 et
1028 3307 1105 3356 uti
1143 3306 1332 3359 fortem

270 3376 464 3442 decet}
519 3379 608 3445 qui
652 3382 789 3432 ‘non
844 3381 1071 3447 timebit,
1122 3386 1335 3440 cavebit

275 3459 479 3506 tamen.’
514 3457 700 3508 Senec-
728 3458 919 3524 Epist.
950 3462 1034 3510 85.
1074 3459 1334 3514 et.Arist.

276 3530 388 3583 Etb.
404 3537 472 3586 a„
490 3535 581 3587 lib.
624 3536 788 3587 habes
816 3538 955 3587 enlm
989 3537 1043 3587 in
1069 3544 1123 3589 te
1142 3538 1334 3594 artium

274 3619 568 3663 ornamenta
589 3612 778 3679 quibus
813 3619 1022 3679 togatus
1038 3628 1142 3665 non
1164 3616 1331 3666 minus

273 3697 419 3747 quam
459 3696 688 3739 armatus
724 3690 951 3753 patriam
987 3690 1329 3743 cohonestare

270 3762 455 3822 possis:
476 3764 493 3792 ‘
506 3765 669 3816 Licet
686 3766 887 3816 eminus
908 3781 1023 3819 esse
1044 3767 1327 3820 Fortibus:

273 3834 453 3896 Antaeo
474 3843 656 3901 nocuit
679 3844 957 3894 temeraria
977 3844 1180 3896 virtus.'

333 3916 751 3974 Eme.xxv1.1
799 3921 1121 3972 Periclitatur
1153 3923 1332 3987 capite]

192 4055 195 4062 .
275 3988 336 4038 In
349 3991 548 4055 judicio
569 3996 647 4046 rei
666 3989 973 4048 dicuntur‘
992 3997 1168 4062 capite
1190 4000 1333 4063 peri

278 4068 456 4121 clitari.
458 4070 473 4093 ⁹
526 4072 774 4129 Sotadem
795 4075 1014 4139 λείχουσι,
1031 4076 1223 4140 capitis
1246 4079 1331 4146 vel

279 4145 376 4194 oris
409 4146 699 4200 ministerio
731 4152 865 4206 male
911 4166 1078 4215 usum,
1118 4154 1329 4219 ‘capite

279 4222 585 4283 periclitari'
627 4226 721 4281 ait.
802 4227 906 4281 Qui
941 4228 1162 4297 patitur,
1201 4233 1218 4261 6
1238 4246 1331 4283 ore

2253 382 2258 387 ’
2321 372 2495 439 1257

1428 532 1734 595 morigerari
1748 532 1781 593 ;'
1806 533 1891 597 qui
1908 532 2036 597 agit,
2048 534 2063 561 ‘
2079 531 2242 597 capiti
2259 529 2498 603 illudere'

1427 611 1624 659 rectius
1647 617 1705 659 et
1722 609 1968 679 ambigue
1991 610 2202 663 dicitur.

1489 686 1653 736 Eme.
1689 701 1872 737 xxvn.
1949 687 2211 750 Nepotem
2271 687 2493 743 vicinum

1423 762 1663 814 bortatur
1686 764 1753 815 ad
1776 765 2030 827 genialem
2057 764 2233 819 vitam.

1337 864 1341 868 ·
1428 878 1441 884 -
1490 844 1518 888 1
1567 840 1663 889 Bis
1702 840 1854 891 vicine
1898 842 2076 904 Nepos,
2114 840 2223 905 ssa]
2274 838 2495 904 Duplici

1421 915 1575 966 modo
1593 917 1668 967 ait
1686 918 1948 982 Nepotem
1970 917 2069 967 sibi
2092 932 2207 967 esse
2231 916 2454 967 vicinum
2476 930 2489 964 ε

1423 991 1590 1056 primo
1633 993 1689 1042 in
1738 993 1867 1043 urbe
1922 995 2087 1045 Roma
2135 994 2276 1044 circa
2324 993 2491 1042 Floras

1422 1070 1711 1133 templum:
1764 1077 1873 1120 tum
1907 1071 1960 1120 in
2002 1070 2231 1134 Sabinis,
2270 1069 2490 1119 Ficelia·

1396 1159 1538 1197 -rum
1568 1145 1802 1210 oppido:
1837 1146 1977 1197 inter
1999 1146 2140 1212 quod
2174 1146 2493 1198 et.Nomen-

1421 1228 1532 1273 tum
1558 1224 1816 1275 Martialis
1835 1225 2086 1289 praedium
2103 1224 2303 1275 habuit.
2339 1224 2491 1273 Cluv.

1421 1298 1602 1359 Itum.
1622 1305 1673 1351 2.
1710 1307 1818 1353 (3.9.
1850 1304 2084 1354 Proximo
2102 1302 2272 1367 Flora]
2308 1300 2491 1365 Epigr.

1420 1380 1505 1427 28.
1528 1377 1565 1427 1.
1582 1382 1634 1428 5.
1657 1391 1791 1429 vers.
1809 1384 1860 1430 4.

1422 1490 1437 1497 -
1485 1457 1517 1503 2
1553 1454 1784 1520 Fioelias]
1840 1456 2111 1521 Oppidum
2167 1455 2219 1505 in
2275 1452 2493 1505 Sabinis.

1420 1527 1530 1579 Alii
1576 1531 1679 1595 leg.
1738 1533 2021 1596 Fregelios:
2082 1532 2171 1582 alii
2214 1531 2491 1603 Ficedulae:

1419 1606 1547 1657 illud
1569 1606 1757 1672 frigide
1789 1624 1915 1659 sane
1946 1615 2005 1659 et
2041 1614 2229 1658 contra
2251 1619 2486 1657 versum:

1332 1720 1339 1727 ·
1417 1684 1519 1737 hoc
1543 1700 1692 1752 aeque
1712 1687 1934 1738 obscure
1950 1701 2012 1737 ac
2028 1686 2278 1737 Ficelias:
2313 1685 2493 1734 turine
2592 1728 2597 1733 .

1418 1763 1591 1816 illaene
1615 1764 1829 1831 fuerint,
1853 1780 1917 1816 an
1944 1767 1998 1815 in
2031 1764 2196 1816 urbe:
2234 1762 2322 1814 alii
2344 1763 2490 1813 Ficu-

1419 1840 1534 1892 leas.
1571 1840 1709 1893 vide
1733 1842 1895 1894 Brod.
1937 1841 2161 1892 Miscell.
2198 1843 2277 1891 10.
2301 1838 2491 1895 libas.

1419 1931 1536 1981 cap.
1649 1968 1652 1971 ,

1422 2020 1431 2048 ;
1483 2000 1515 2045 3
1553 1998 1644 2046 Est
1662 1996 1778 2061 tibi]
1810 1996 2115 2048 Procreasti
2137 1995 2299 2046 filiam
2321 1994 2400 2046 tui
2421 1994 2488 2045 si·

1417 2072 1708 2134 millimam,
1729 2089 1844 2139 quoe
1882 2075 2040 2138 plane
2063 2072 2231 2124 refert
2251 2070 2489 2127 omnibus

1418 2151 1536 2215 oris·
1568 2152 1902 2203 lineamentis
1952 2158 2180 2218 patrem,
2218 2150 2358 2216 quod*
2409 2162 2491 2197 ar-

1417 2236 1668 2292 gumento
1692 2236 1796 2292 est,
1840 2243 1956 2279 esse
1992 2229 2089 2278 tibi
2122 2242 2339 2278 uxorem
2377 2240 2491 2276 cas-

1419 2312 1547 2368 tam,
1570 2313 1627 2355 et
1665 2305 1823 2355 filiam
1857 2305 1990 2355 hanc
2013 2304 2318 2370 legitimam.
2356 2302 2486 2352 Rau.

1417 2381 1590 2431 Patris
1632 2384 1871 2443 signatur,
1912 2381 2023 2445 &cd
2096 2380 2185 2430 Sic
2241 2377 2481 2439 Catullus

1415 2456 1469 2506 in
1506 2458 1704 2522 nuptiis
1743 2456 1900 2508 Juliae
1944 2464 2001 2508 et
2032 2454 2318 2522 Torquatix
2371 2453 2489 2504 ‘Sit

1416 2547 1510 2583 suo
1533 2534 1712 2584 similis
1734 2531 1912 2599 patri,’
1936 2536 2035 2583 ἃς.
2060 2546 2199 2594 mox,
2215 2531 2231 2558 6
2251 2532 2322 2580 Ει
2338 2528 2488 2593 pudi-

1416 2609 1596 2661 citiam
1636 2626 1743 2659 suae
1783 2609 1965 2660 matris
2008 2607 2208 2658 indicet
2244 2604 2397 2655 oret’
2431 2611 2488 2654 et

1417 2684 1613 2736 Horat.
1655 2685 1671 2712 6
1693 2684 1992 2744 Laudentur
2027 2683 2181 2733 simili
2219 2681 2369 2746 prole
2392 2694 2487 2744 pu-

1415 2763 1657 2828 erperae?

1480 2848 1510 2891 5
1551 2842 1625 2891 Tu
1666 2846 1824 2891 tanuen
1843 2855 2034 2904 annoso,
2054 2838 2163 2902 esa]
2211 2837 2297 2888 Ne
2309 2809 2484 2901 parce

1414 2919 1584 2968 veteri
1622 2918 1764 2980 vino,
1809 2932 1987 2968 verum
2044 2917 2165 2968 bibe
2229 2914 2306 2964 uti
2349 2920 2484 2963 ante

1412 3003 1590 3046 natam
1612 2995 1807 3045 filiam:
1821 3010 1939 3046 nec
1958 2994 2188 3045 reconde
2208 2993 2350 3054 vina,
2390 2990 2482 3042 sed
2560 3031 2563 3038 .

1412 3086 1648 3124 nummos
1661 3072 1741 3121 illi
1760 3070 2152 3137 relinquendos.
2175 3070 2483 3182 Epigr0126.

1411 3148 1506 3198 lib.
1525 3152 1605 3197 13.

1416 3281 1419 3284 ‚
1476 3228 1508 3274 7
1542 3223 1785 3288 Munium]
1822 3224 1943 3275 Non
1961 3224 2134 3273 vinum
2171 3238 2204 3273 a
2226 3229 2279 3273 te
2302 3235 2486 3273 recon-

1410 3298 1599 3364 ditum,
1620 3299 1713 3350 sed
1738 3301 1878 3366 quod
1913 3301 2027 3364 ipsa
2061 3299 2210 3364 levit,
2248 3307 2306 3349 et
2338 3297 2479 3364 quod

1410 3392 1531 3428 cum
1551 3377 1568 3426 i
1575 3391 1669 3440 psa
1690 3377 1843 3427 simul
1864 3383 2223 3427 consenescat.

1475 3458 1509 3504 8
1540 3454 1803 3518 Amphora,
1823 3453 1931 3518 Sym]
1964 3455 2083 3506 Quo
2105 3454 2246 3503 enim
2265 3453 2371 3516 die,
2386 3468 2480 3503 seu

1410 3543 1544 3592 mas,
1587 3543 1681 3580 seu
1726 3528 1944 3590 foemina
1986 3536 2133 3591 nata,
2182 3528 2479 3579 condebant

1407 3604 1585 3656 vinnm
1614 3619 1827 3668 novum,
1860 3612 1920 3655 ut
1940 3619 2059 3655 cum
2097 3606 2244 3669 prole
2277 3618 2480 3655 cresce-

1407 3689 1509 3752 ret,
1534 3691 1588 3733 et
1611 3683 1696 3733 die
1720 3684 1883 3733 natali
1918 3682 2042 3734 inde
2073 3689 2276 3742 tantum
2306 3681 2480 3733 hauri-

1405 3767 1568 3810 retur.

1471 3841 1505 3889 9
1542 3835 1743 3885 Coecuba
1759 3851 1854 3886 non
1868 3835 2012 3898 solos,
2025 3835 2131 3898 &ej
2177 3834 2301 3884 Non
2335 3833 2478 3886 orbis

1405 3905 1629 3977 tantum,
1650 3912 1741 3962 sed
1767 3918 1826 3961 et
1846 3911 1910 3960 iis
1943 3909 2040 3975 qui'
2052 3909 2241 3960 liberos
2263 3910 2480 3973 habent,

1405 3988 1566 4042 liceat
1613 3988 1894 4056 *genialiter
1929 3987 2106 4039 vivere
2155 3994 2211 4048 et
2261 3988 2475 4044 Caecubi

1407 4065 1629 4137 culullos
1651 4064 1941 4136 exhaurire.

1486 4143 1652 4193 Eme.
1689 4154 1897 4193 xxvm.
1947 4144 1975 4190 1
2024 4140 2276 4205 Libatum]
2325 4140 2475 4206 Lege

1407 4220 1683 4288 epicedion
1728 4218 1966 4271 Glauciae
2013 4218 2253 4272 Melioris
2291 4217 2387 4269 lib.
2419 4222 2473 4275 2.
