2985 4937
656 388 731 435 M.
781 388 951 437 vAL‘.

295 546 317 573 ,r
347 532 510 583 Erre.
529 540 761 585 szxxvr.
784 525 876 583 Ait
891 534 1109 583 Sextum
1122 546 1338 582 munera

287 609 456 658 venari
477 608 581 658 suis
599 610 777 665 omnis.
845 610 1077 674 Eamque
1103 610 1340 658 ob'caus-

284 698 386 731 sam
404 699 460 734 se
486 685 828 748 praeteritum,
845 686 983 750 quod
1007 685 1132 734 nihil
1157 685 1340 734 donas-

283 766 359 810 set
381 763 556 822 Sexto,
575 762 811 825 infimius
827 763 1017 814 >natali

288 864 294 871 ·
344 841 368 885 1
404 838 694 898 Natalicius,
713 839 797 899 ἆγε.
801 837 825 900 ]
849 868 852 869 ⁷
874 838 1079 888 Festam
1115 837 1336 889 celebri·

281 920 435 963 tatem
457 915 643 964 natalis
666 915 758 965 tui.
1087 928 1092 941 ·
1217 940 1224 947 ⁸

339 996 369 1041 2
403 992 519 1041 Non
537 991 742 1055 amicas]
795 991 1040 1043 Nondum
1077 994 1228 1044 valde
1263 992 1340 1044 fa-

279 1068 544 1121 miliar-is.
752 1083 768 1096 ·

289 1152 368 1196 4
400 1146 620 1209 Pignora
662 1152 845 1211 nostru,
883 1150 989 1214 ξω]
1075 1098 1338 1201 Amicitiae

276 1231 448 1273 mutua
471 1226 724 1289 pignora.
813 1238 839 1263 ··

334 1307 368 1350 5
383 1303 691 1352 frma-itus
711 1309 845 1353 vetus
863 1302 1066 1366 sodalis]
1098 1304 1336 1368 Metaph.

277 1376 421 1431 abiis
457 1379 546 1443 qui
581 1394 611 1428 a
651 1380 961 1437 censoribus
992 1381 1337 1432 Senatumoti

275 1456 323 1503 in
345 1456 655 1507 recitatione
692 1457 1004 1507 Senatorum
1040 1472 1144 1507 non
1176 1459 1338 1510 nomi-'-

274 1531 632 1595 nabantur‚·et
654 1531 970 1591 'dicebantur'
1011 1534 1024 1562 ‘
1049 1523 1340 1598 praeteriti.'

271 1609 532 1663 Heraldns
552 1610 683 1659 dicit
705 1624 823 1659 esse
838 1611 1054 1661 verbnm
1071 1612 1226 1675 juris,
1245 1614 1333 1663 nbi

273 1686 333 1749 is,
355 1688 504 1753 cujus
542 1692 766 1737 testator
801 1702 902 1737 non
928 1689 1183 1752 meminit,
1204 1689 1334 1738 dici-

273 1766 389 1813 tur‘
404 1762 740 1827 praeteritus!
805 1764 953 1813 Nihil
972 1764 1223 1825 erebrius.
1257 1766 1333 1816 Id

271 1842 508 1904 παρελθεῖν
543 1847 599 1890 et
631 1839 935 1904 παραλείπειν
966 1841 1146 1892 Graeci
1187 1842 1335 1894 dixe·
1347 1885 1351 1889 ,

268 1926 404 1971 nmi-

295 2001 356 2045 ·7
390 1996 665 2060 Pastulati]
702 1996 832 2046 Puri
854 1956 987 2061 puti,
1006 1947 1238 2061 pustulis
1251 2005 1334 2049 tu·

270 2074 452 2127 mentis
472 2072 585 2127 ab
571 2074 705 2137 ignis
728 2074 1072 2138 excoquentis
1091 2075 1172 2125 vi.-
1212 2077 1339 2126 Tur-

268 2153 424 2206 nebus
444 2152 588 2205 Adv.
595 2153 698 2203 lib.
720 2156 803 2203 24.
825 2166 958 2215 cap.
979 2156 1030 2202 2.
1082 2152 1167 2201 Al.
1191 2169 1336 2217 pusu-

267 2231 388 2280 lati:
423 2229 569 2294 quod
591 2229 750 2282 idem
812 2228 918 2283 Sed
944 2235 1004 2278 et
1022 2229 1333 2283 Gruteruse

269 2307 366 2360 Ms.
409 2307 628 2371 Hispani
668 2306 760 2355 tibi
797 2304 923 2354 labra
962 2306 1209 2369 pusulati:
1277 2306 1332 2387 id

268 2392 363 2447 est,
385 2392 504 2448 opt.
526 2383 725 2447 argenti
750 2398 817 2432 ex
838 2382 1126 2447 Hispania.

273 2466 358 2511 8
389 2458 695 2523 Iaevistoga]
730 2460 965 2525 Impexa.
1002 2459 1158 2511 Grut.
1182 2461 1332 2511 eMs.

267 2541 436 2602 tenuis,
471 2539 571 2590 sed
609 2544 868 2589 contract.
899 2538 953 2586 in
983 2537 1371 2601 dissyllabum,-

213 2651 219 2660 2
268 2627 515 2683 poscente
530 2632 699 2667 versu.
721 2615 1125 2677 Malacam]
1141 2616 1349 2668 Novaezr

269 2695 641 2759 injiciebantur
660 2694 816 2757 togis,
831 2699 890 2742 ut
912 2692 1067 2743 hodie
1090 2693 1267 2756 pallia.

327 2778 359 2822 9
392 2775 508 2824 Non
546 2777 618 2821 est
647 2773 880 2836 sponda,
925 2771 1034 2836 ξω]
1089 2772 1335 2835 Sportula

267 2865 363 2915 qua
383 2865 465 2901 me
502 2849 651 2904 velut
682 2849 927 2899 clientem
951 2847 1173 2909 donasti,
1193 2847 1254 2896 si·
1279 2848 1332 2897 in

265 2928 458 2980 lucrum
483 2934 556 2977 et·
577 2933 848 2992 quaestum.
864 2925 1083 2989 largitus
1100 2940 1230 2975 eam
1253 2924 1333 2974 fu·

267 3004 368 3067 isti,
389 3005 556 3055 desiit
579 3018 692 3053 esse
728 3005 994 3067 sportula:
1019 3005 1203 3053 >auctio
1233 3011 1335 3066 est,
1381 3050 1386 3053 .

190 3124 194 3130 ,
266 3088 316 3130 et
356 3080 666 3146 negotiatio,
705 3078 955 3138 καπηλεία.

1020 3081 1143 3130 Non
1197 3080 1337 3132 euim

239 3187 240 3190 =
268 3157 453 3209 invitas
497 3158 599 3208 nisi
622 3179 628 3190 ·
655 3159 1145 3223 quicompenseut.
1211 3158 1336 3208 Non

270 3242 347 3285 est
368 3250 495 3301 ergo
517 3235 849 3297 beneficium,
877 3234 980 3284 sed·
995 3234 1188 3285 auctio.
1209 3249 1231 3286 j
1319 3255 1330 3265 ·

273 3329 280 3343 =
361 3316 417 3360 11
461 3312 678 3375 Vupulet¹
711 3311 927 3375 vocator]
962 3305 1183 3362 Confers
1227 3311 1335 3362 cnl-

269 3402 381 3451 pam
406 3389 460 3437 in
485 3402 694 3437 servum
716 3395 1037 3451 vocatorem,
1065 3395 1125 3438 ut
1147 3390 1335 3455 qui-me

269 3464 583 3528 praeterierit
620 3465 941 3530 imprudens.
976 3464 1061 3517 Al.
1077 3467 1183 3530 leg.
1229 3466 1338 3517 Vah
1371 3497 1374 3498 ν

265 3545 422 3606 pudet,
441 3547 652 3592 vocetur.
723 3541 947 3606 Vapnlee]
1000 3544 1112 3592 Det
1136 3557 1333 3607 paenas,

268 3619 398 3683 quod
424 3628 479 3670 te
504 3620 816 3683 neglexerit.

272 3723 280 3730 -
328 3696 486 3747 Erre.
523 3707 785 3745 Lxxxvu.
837 3693 959 3744 Alia
991 3694 1103 3744 aliis
1128 3693 1335 3752 indeli-

217 3781 218 3784 ’
271 3771 353 3824 tiis
374 3787 513 3832 esse,
539 3786 606 3822 se
628 3770 885 3821 delectari
925 3770 1140 3835 Labyca
1172 3777 1340 3833 puero.

267 3846 655 3899 formosissimo.
850 3890 860 3896 s
1225 3881 1230 3886 -

332 3925 452 3975 [Si
471 3923 740 3989 ηκαε,ξ·σ.]
776 3925 905 3974 Cum
944 3924 1031 3973 alii
1063 3924 1332 3986 delecten-

209 4033 210 4036 =
275 4006 354 4049 tur
376 4001 696 4056 deformibus
710 4001 979 4062 monstris,
994 4015 1089 4050 cur
1110 4014 1211 4048 non
1235 4014 1336 4064 ego

209 4106 220 4122 x
272 4075 488 4130 formoso
538 4093 701 4142 puero
757 4078 1001 4142 Labyca?
1047 4076 1184 4127 forte
1201 4077 1334 4128 item

273 4164 576 4218 monstroso,
596 4170 821 4220 namque
843 4156 1020 4210 luxum
1046 4154 1255 4208 tandem
1281 4153 1335 4201 in

275 4228 491 4284 distorta
512 4239 569 4284 et
591 4231 888 4295 prodigiosa
922 4245 1148 4294 corpora,
1164 4237 1335 4284 verte?
1363 4259 1366 4264 ·

277 4313 392 4358 runt
415 4308 650 4360 Romani.
688 4301 696 4305 ’
718 4307 940 4360 Quintil.
961 4306 1199 4359 Decla‘m.
1216 4309 1332 4358 298.

1001 385 1419 437 MAR'rIAmS
1472 385 1717 436 EPIGR.
1769 388 1913 436 [ΑΒ.
1963 389 2093 437 v11.

2311 374 2481 440 1295

1417 539 1473 582 et
1497 532 1674 583 Instit.
1713 534 1801 584 lib.
1844 538 1925 583 ll.
1964 550 2081 599 cap.
2120 534 2177 583 ὅ.
2234 534 2380 584 Idem
2414 534 2484 583 de

1416 610 1721 661 mulieribus
1738 612 1888 660 Rom.
1910 611 2072 662 Clem.
2087 611 2487 675 Alexandrinus,

1415 693 1471 736 et
1492 686 1795 737 Ammianus
1815 690 2037 739 Marcel.
2076 689 2167 739 lib.
2194 693 2275 740 14.
2335 689 2487 738 Glau-

1407 763 1596 827 copiae]
1626 764 1844 814 Bubone
1867 765 2151 814 seuulula.
2222 782 2229 793 ·

1421 864 1427 871 -
1477 844 1510 889 2
1551 840 1725 905 Tristi]
1773 841 1926 900 Atro,
1957 842 2180 905 ingrato.
2246 842 2367 902 Vel,
2405 842 2482 891 in-

1414 914 1574 967 fausti
1598 918 1782 967 ominis
1806 919 1849 968 si
1874 919 1959 970 cui
1995 919 2265 977 matutinis
2302 933 2485 969 occur-

1415 995 1586 1046 risset.
1638 995 1879 1047 Juvenal.
1921 997 2034 1046 Sat.
2077 1001 2126 1046 6.
2183 1010 2320 1046 vers.
2363 1001 2480 1048 601.

1413 1072 1644 1136 Appian.
1667 1076 1716 1123 4.
1751 1072 1997 1135 ἐμφυλίων.
2032 1072 2322 1123 Infaustam
2345 1075 2482 1124 enim

1412 1151 1710 1215 videbatur,
1725 1166 1894 1213 mane,
1913 1155 2067 1202 autin
2085 1151 2322 1218 quolibet
2342 1154 2483 1217 prin-

1412 1227 1572 1291 cipio,
1585 1228 1814 1294 AEthiopi
1831 1244 2105 1280 occurrere
2119 1247 2134 1292 3
2151 1231 2483 1294 quemadmo-

1412 1302 1534 1352 dum
1554 1312 1609 1353 et
1627 1305 1807 1368 simiae,
1842 1312 1996 1371 atque
2031 1308 2190 1356 etiam
2231 1308 2483 1358 Eunucho

1410 1385 1466 1428 et
1487 1381 1694 1431 claudo.
1725 1381 1968 1432 Juvenal.
1989 1384 2166 1447 Satyr.
2182 1389 2233 1434 6.
2279 1386 2295 1414 ‘
2322 1384 2479 1434 Esses

1410 1456 1667 1521 AEthiopis
1685 1457 1907 1510 fortasse
1928 1467 2079 1524 pater
2097 1477 2112 1523 ;
2129 1476 2248 1511 mox
2272 1461 2484 1512 decolor.

1409 1535 1577 1583 haeres
1601 1535 1856 1600 Impleret
1889 1537 2111 1598 tabulas,
2134 1552 2394 1602 nunqnam
2420 1540 2484 1588 ti-

1409 1608 1461 1659 bi
1485 1625 1658 1660 «mane
1677 1634 1683 1647 ν
1701 1611 1990 1663 videndus?
2060 1614 2282 1678 ‘Duplex
2327 1631 2482 1665 causa

1408 1688 1564 1752 hujus
1592 1690 1702 1739 rei:
1739 1692 1755 1720 ‘
1781 1689 2102 1741 Deformitas
2125 1692 2141 1716 '
2172 1694 2265 1742 etr‘
2292 1692 2481 1756 imper*

1394 1763 1607 1816 sectio?
1638 1767 1654 1794 ‘
1674 1764 2030 1829 Deformitas,’
2052 1774 2113 1816 ut
2135 1770 2189 1816 in
2211 1769 2480 1832 AEthiope,

1409 1842 1578 1892 simia.
1648 1845 1663 1870 ‘
1678 1842 2058 1907 Imperfectio,’
2079 1844 2207 1893 utin
2230 1844 2481 1895 Eunucho

1410 1926 1466 1970 et
1488 1920 1695 1971 claudo.
1761 1922 1940 1974 Quare
1961 1927 2017 1971 et
2042 1935 2353 1986 quocunque
2379 1921 2482 1971 alio

1408 1997 1564 2045 modo
1589 1997 1831 2061 mutilati,
1848 1999 1983 2047 male
2007 1998 2236 2048 ominati.
2302 1990 2481 2049 Sacer-

1409 2073 1564 2124 dotes
1622 2089 1823 2140 quoque
1860 2076 2188 2139 uon-integri
2228 2076 2482 2140 corporis,

1410 2150 1530 2213 eligi
1569 2165 1678 2209 non⁴
1717 2158 1997 2215 poterant3
2048 2152 2483 2216 quemadmodum

1407 2241 1578 2293 neque
1601 2228 1839 2278 victimae.
1904 2229 2058 2279 Idem
2081 2229 2213 2278 ritus
2236 2228 2480 2279 inbre&-

1407 2296 1617 2353 litarum
1658 2304 1929 2354 sacrificiis
1973 2305 2297 2356 observatus.
2365 2306 2482 2354 Cae-

1408 2385 1577 2433 tetum
1604 2378 1776 2431 omina
1810 2381 1920 2441 illa,
1952 2381 2021 2431 de
2053 2381 2238 2446 quibus
2261 2383 2483 2446 agimus,

1408 2456 1461 2507 in
1487 2457 1759 2523 principiis
1778 2458 1999 2508 maxime
2019 2458 2324 2508 observata:
2344 2473 2482 2508 'nam

1407 2533 1626 2583 Ovidius
1651 2538 1698 2583 1.
1725 2535 1870 2583 Fast.
1937 2535 1954 2563 ‘
1982 2534 2171 2584 Omina
2195 2535 2484 2598 principiis,

1406 2610 1596 2675 inquit,
1641 2611 1808 2666 inesse
1851 2610 2062 2661 solent.'
2145 2610 2299 2661 Unde
2343 2612 2484 2662 boris

1405 2688 1694 2749 matutinis,
1735 2694 1791 2737 et
1827 2700 1945 2737 cum
1989 2687 2187 2751 aliquid
2206 2717 2215 2734 2
2231 2688 2485 2751 aggrede-

1405 2771 1608 2826 rentur,
1649 2771 1739 2814 aut
1780 2764 1933 2814 domo
1977 2764 2373 2830 egrederentur,
2417 2780 2482 2815 ea

1407 2841 1675 2905 praecipue
1693 2840 2057 2892 observabant.
2079 2841 2342 2891 Her-aldus.
2388 2843 2481 2892 Ca-

1404 2918 1519 2968 nius
1569 2918 1820 2983 AEthiope]
1883 2917 2053 2979 Poeta
2086 2917 2377 2968 Gaditanus
2414 2917 2481 2968 de

1409 3011 1515 3061 quo
1540 2997 1719 3061 Epigr.
1741 3001 1824 3046 62.
1849 3003 1907 3045 et
1927 2999 2012 3046 70.
2035 2995 2127 3045 lib.
2155 2999 2201 3045 l.
2225 3003 2279 3045 et
2301 2995 2481 3061 Epigr.

1408 3078 1494 3123 20.
1516 3074 1609 3125 lib.
1621 3079 1682 3129 3.

1476 3154 1507 3200 ³
1543 3151 1764 3213 Publius,
1783 3152 1892 3216 ξω]
1923 3152 2021 3216 Ep.
2040 3154 2152 3200 110.
2179 3150 2269 3201 lib.
2288 3154 2339 3202 1.

1475 3231 1509 3286 4
1542 3227 1783 3292 Similem]
1826 3227 2160 3291 AEthiopine?
2193 3226 2293 3275 Au
2323 3226 2485 3276 catel-

1409 3306 1507 3355 lae?
1538 3305 1621 3370 An
1641 3306 1839 3355 simiae?
1872 3305 1957 3354 An
1980 3306 2082 3355 sibi
2102 3304 2352 3354 similem?
2384 3304 2482 3353 >Ut

1409 3384 1678 3447 Epigram.
1703 3387 1816 3434 202.
1839 3383 1928 3433 lib.
1953 3387 2034 3431 14.
2094 3380 2482 3445 Cercopithecon]

1410 3460 1571 3510 Simio
1611 3461 1812 3511 similis..
1880 3461 1962 3509 Ex
1983 3458 2164 3524 κέρκος,
2199 3459 2386 3521 cauda,
2426 3465 2483 3508 et

1408 3536 1639 3600 πίθηκος,
1650 3538 1834 3587 simia.
1896 3557 1897 3560 ¹
1945 3551 1952 3570 ν’
2082 3565 2085 3566 ⁷
2124 3568 2136 3577 ·
2376 3567 2377 3570 =

1431 3620 1503 3663 ·5
1546 3591 1789 3677 Marium}
1837 3612 2080 3663 Priscum
2125 3612 2209 3672 vel
2253 3612 2484 3670 Celsum.

1410 3689 2031 3752 Perniciosa-sichaeum]
2087 3688 2210 3737 Mus
2250 3686 2488 3749 Indicus,
2558 3742 2565 3746 .

1401 3767 1765 3831 ¹magnitudine
1798 3764 1938 3827 felis,
1960 3764 2279 3828 perniciosus
2312 3761 2485 3824 aspidi

1408 3851 1466 3894 et
1501 3845 1785 3906 crocodilo,
1834 3839 2367 3908 quibusacerrimns.
2399 3850 2483 3889 est

1407 3921 1590 3971 hostis.
1627 3920 1832 3971 Plinius
1852 3920 1886 3967 1.
1913 3922 1959 3968 8.
1981 3932 2026 3967 c.
2047 3920 2131 3966 24.
2155 3914 2344 3965 AElian.
2368 3916 2403 3965 l.
2428 3919 2480 3966 8.

1409 4012 1526 4062 cap.
1547 4004 1631 4048 25.
1697 3996 1980 4046 Athenaeus
2003 3993 2138 4043 libro
2160 3997 2212 4041 9.
2230 4008 2345 4057 cap.
2368 3998 2446 4044 10.

1470 4078 1504 4123 6
1538 4074 1662 4123 Pica
1681 4069 1963 4133 salutatrix]
2013 4070 2304 4119 Humanam
2328 4084 2480 4120 cona-

1409 4156 1464 4200 ta
1490 4163 1688 4204 vocem.
1753 4148 1890 4197 Vide
1932 4147 2114 4211 Epigr.
2149 4147 2388 4199 76.Jibro
2424 4151 2476 4197 4.

1406 4230 1502 4276 τῶν
1518 4224 1718 4290 4ὀρνίθων
1752 4224 1999 4286 εὔγλωττα
2033 4222 2363 4285 μιμεῖταιτοὸς
2383 4227 2480 4274 τῶν

1407 4303 1656 4370 ἀνθρώπων
1677 4301 1753 4353 καὶ
1774 4304 1868 4352 τῶν
1886 4301 2048 4354 ἄλλων
2068 4301 2254 4366 ὀρνίθων
2277 4302 2449 4364 ἤχους.
