2985 4937
432 331 604 400 1320
637 304 640 315 ’

434 493 571 560 quod
606 488 840 555 appellat
871 489 960 540 lib.
995 494 1045 541 4.
1080 490 1258 554 Epigr.
1283 493 1367 539 88.
1423 489 1500 539 Ut

433 586 573 634 mox,
594 572 609 598 ⁶
629 569 680 618 in
716 569 895 632 cotyla
929 582 1048 619 rasa
1076 565 1282 615 selibra’
1303 572 1384 615 est
1420 579 1499 614 ar·

435 648 581 712 genti
605 645 786 695 rasilis.
844 645 958 694 Nec
981 659 1105 692 vero
1131 652 1235 692 tam
1257 641 1499 704 frigidum

434 732 537 785 est,
575 737 729 787 qnam
766 722 952 771 volunt
985 719 1042 769 τὸ
1083 721 1284 784 quidem,
1351 718 1501 769 Dicit

436 802 606 852 enim:
644 798 843 854 Quinto
879 813 1015 848 anno
1038 798 1183 847 venit
1210 796 1332 846 mihi
1367 796 1501 845 libra

436 878 671 942 argenti:
708 890 832 926 sane
866 874 1169 939 Septiciani,
1191 873 1293 935 vel,
1314 872 1504 936 fateor,

434 955 722 1020 Septiciani
735 971 751 1016 ς
777 953 1074 1017 relinquens
1089 950 1503 1014 intelligendum,

436 1034 529 1087 sed
556 1041 730 1085 tamen
760 1039 964 1083 tantum
998 1032 1149 1093 libra,
1169 1046 1325 1096 quum
1360 1026 1502 1081 stare

436 1116 527 1165 aut
549 1124 783 1160 crescere
805 1108 1028 1158 debeant
1049 1122 1295 1168 munera;
1332 1115 1387 1157 tn
1411 1124 1500 1157 an-

436 1194 544 1238 tem
564 1188 687 1237 olim
705 1194 928 1252 quatuor
945 1186 1104 1236 libras
1120 1187 1333 1236 miseris.
1364 1187 1502 1236 Vide

438 1262 758 1313 Gronovium
783 1262 847 1312 de
871 1263 1105 1313 Pecunia
1127 1264 1319 1312 Vetere
1344 1263 1430 1314 lib.
1451 1267 1502 1316 4.

437 1356 555 1404 cap.
599 1345 680 1391 13.
748 1339 903 1392 Quod
958 1340 1002 1388 si
1055 1340 1214 1389 mavis
1254 1340 1504 1391 Scriverii

437 1418 552 1481 quid
589 1415 697 1468 est?
729 1422 791 1465 nt
829 1416 927 1465 hoc
958 1415 1047 1466 lib.
1078 1417 1178 1478 Ep.
1220 1420 1301 1465 17.
1338 1417 1503 1465 Intel-

438 1494 544 1556 lige
566 1510 578 1542 :
616 1492 755 1544 Quid
780 1500 860 1541 est
882 1493 1072 1542 causa?
1117 1493 1260 1544 Quid
1280 1494 1379 1543 hoc
1402 1494 1505 1544 sibi

439 1571 587 1623 vult?
625 1571 833 1620 Gronov.
1443 1618 1448 1623 ,

504 1652 535 1697 7
570 1648 833 1708 Bes-salem,
852 1646 960 1710 dm]
996 1645 1079 1697 Ad
1103 1647 1366 1697 vasculum
1383 1653 1507 1698 octo

437 1725 727 1775 unciarum.
794 1724 1025 1773 Bessalis
1070 1737 1195 1787 ergo
1247 1739 1276 1771 a
1319 1723 1504 1772 bessez

440 1801 533 1852 bes
556 1809 676 1853 octo
698 1809 909 1851 constat
932 1800 1117 1850 unciis,
1183 1800 1402 1850 Scutula
1424 1816 1506 1850 er-

441 1893 508 1942 go
544 1888 656 1927 erat
697 1893 789 1927 vas
827 1893 1010 1927 cavum
1056 1885 1111 1927 et
1145 1879 1440 1941 rotundum,
1478 1894 1510 1929 a

439 1963 591 2005 acuto
603 1954 801 2005 dictum
819 1971 834 2014 3
860 1954 996 2005 unde
1008 1961 1063 2004 et
1078 1957 1093 1983 ‘
1110 1954 1350 2007 scutella'
1367 1955 1508 2019 apud

444 2031 772 2081 Ciceronem.

507 2113 541 2158 8
576 2110 640 2159 In
674 2110 849 2171 cotula,
866 2108 974 2172 θα]
1006 2111 1194 2175 Cotyla
1236 2108 1330 2162 aen
1371 2112 1509 2163 calix

442 2186 640 2249 politus
662 2187 748 2236 vel
769 2188 987 2237 caelatus
1009 2201 1101 2237 sex
1135 2190 1400 2240 unciarum
1423 2190 1514 2240 da·

444 2272 529 2314 tus
553 2270 651 2315 eat.

510 2345 545 2390 9
577 2341 801 2401 Ligulmn
843 2341 996 2403 misit,
1037 2342 1144 2406 θα]
1195 2343 1512 2411 ιῩειειοιιῐιιιιι,

444 2432 756 2482 mensuram,
777 2434 893 2484 quae
923 2428 1162 2485 quartam
1196 2429 1399 2485 partem
1421 2436 1511 2486 cy-

442 2497 552 2545 athi
586 2498 836 2546 continet.
903 2496 1053 2547 Alias
1096 2498 1354 2562 significat
1392 2515 1508 2562 spa-

444 2573 660 2637 thulam,
680 2575 988 2639 gladiolum:
1025 2582 1281 2641 utsupra.
1325 2577 1510 2641 Epigr.

444 2654 527 2700 33.
553 2665 691 2700 vers.
710 2656 795 2701 23.

510 2732 570 2778 11
610 2729 748 2785 Quod
791 2731 974 2792 mittat,
1014 2729 1123 2793 θα]
1194 2731 1315 2781 Non
1368 2732 1512 2783 inve-

442 2804 524 2853 nit
542 2805 676 2868 quod
698 2806 863 2856 minus
888 2807 1082 2857 mittat.
1106 2855 1115 2868 ,

513 2884 575 2929 12
613 2880 872 2943 Quattuor,
888 2881 998 2944 θα]
1048 2882 1236 2945 Incipe
1274 2891 1449 2934 rursus
1482 2900 1514 2933 a

446 2955 614 3019 primo
638 2970 789 3016 anno,
811 2963 868 3006 et
895 2971 1111 3024 perage,
1129 2960 1172 3008 si
1203 2960 1400 3024 placet,
1422 2975 1515 3011 an·

444 3047 548 3084 nua
571 3047 783 3082 munera
805 3035 858 3082 in
880 3035 1149 3086 circulum.

510 3111 673 3161 Eme.
715 3124 895 3161 nxxu.
963 3110 1169 3163 Artano
1213 3113 1517 3166 Narbonem

445 3188 688 3238 redeunti
709 3190 950 3237 comitem
986 3189 1150 3239 donat
1168 3189 1420 3253 libellum,
1440 3193 1518 3242 vi·

446 3278 534 3318 ces
556 3263 805 3314 Auctoris
826 3265 1122 3329 obeuntem,
1142 3269 1231 3332 qni
1258 3268 1415 3317 vellet
1435 3268 1515 3332 ip·

449 3356 505 3390 se
527 3356 643 3392 esse
661 3341 884 3401 libellus,
900 3342 954 3392 id
975 3349 1076 3404 est,
1097 3359 1268 3394 comes
1285 3344 1491 3397 Artani.

451 3469 456 3474 ,
517 3421 544 3468 1
579 3419 801 3467 Nondum
842 3420 1040 3484 murice]
1083 3421 1272 3471 Libros
1319 3438 1514 3487 purpu-

449 3494 551 3543 reis
586 3504 797 3546 ornatos
836 3498 1117 3561 coloribus,
1142 3501 1321 3550 titulos
1354 3501 1516 3552 minio

446 3572 698 3636 scriptos„
714 3574 970 3624 umbilicis
991 3578 1181 3640 cultos,
1194 3575 1395 3627 frontes
1421 3594 1513 3641 pu-

448 3651 583 3698 mice
608 3664 767 3712 rasas,
789 3666 854 3701 ex
879 3652 1037 3703 Ovid.
1057 3655 1089 3705 Ι.
1112 3655 1339 3704 LTrist.
1359 3656 1514 3718 Eleg.

449 3731 496 3777 1.
529 3727 714 3780 disces.
754 3730 891 3779 Vide
911 3730 1092 3794 Epigr.
1117 3735 1166 3781 2.
1189 3731 1279 3781 lib.
1300 3735 1349 3779 3.
1381 3744 1517 3783 vers.

449 3808 529 3856 11.
548 3814 605 3856 et
627 3807 810 3872 Epigr.
830 3811 913 3858 67.
940 3807 1029 3858 lib.
1055 3813 1102 3858 1.
1123 3822 1257 3857 vers.
1284 3812 1365 3857 11.

514 3887 544 3931 3
580 3884 840 3946 Arcanum,
880 3884 986 3948 &sc-J
1043 3883 1279 3934 Amicum
1330 3883 1516 3935 Poetae

447 3961 755 4014 redeuntem
802 3965 965 4014 Roma
1019 3962 1337 4027 Narbonem,
1376 3965 1517 4013 cele·

449 4038 728 4090 bei-rimam
774 4040 963 4096 Galliae
1012 4042 1287 4092 Braccatae
1339 4041 1520 4093 civita-

453 4123 579 4164 tem.

515 4197 545 4239 5
589 4191 802 4255 Votieni]
835 4193 1021 4245 Poe'tae
1043 4195 1248 4246 nobilia.

515 4271 554 4326 Q
581 4269 662 4320 Aa
683 4269 973 4337 legeejubet,
988 4272 1108 4335 qm]
1121 4270 1213 4322 vAd
1225 4271 1314 4338 jus
1336 4271 1516 4332 dicen-

1125 345 1340 393 No'rAE
1391 343 1793 395 VARIORUM
1839 345 1920 393 IN

1573 487 1693 537 dum
1717 495 1772 538 et
1791 489 2168 555 magistratum.
2225 488 2405 541 Narbo
2425 488 2527 540 fuit
2549 503 2629 541 co-

1574 565 1712 616 lonia
1744 568 1993 625 Romana,
2028 567 2168 617 unde
2206 567 2430 621 Martius
2465 569 2632 619 dictus

1574 649 1675 702 est,
1696 649 1752 692 et
1776 643 1841 692 ad
1867 644 2045 693 Romae
2069 641 2283 694 formam
2309 638 2634 695 administra-

1572 718 1746 771 batur.

1580 838 1585 839 γ
1638 801 1668 845 7
1705 795 1929 856 Patribus,
1968 797 2073 861 ξω]
2106 798 2183 847 Ut
2227 798 2502 862 contingat
2543 797 2640 849 tibi

1573 874 1719 924 locus
1741 875 1930 925 bonus:
1963 883 2022 925 nt
2043 876 2236 925 amicus
2261 877 2448 927 bonus.

1638 955 1671 999 9
1707 952 1863 1006 Quam
1907 955 2090 1013 vellem,
2133 953 2239 1017 εγω]
2295 954 2372 1003 Ut
2414 963 2640 1019 utroque

1575 1026 1776 1079 fruerer
1794 1046 1808 1090 ;
1847 1030 2117 1093 Narbone,
2137 1032 2254 1080 loco
2270 1031 2640 1092 amoenisaim03

1578 1107 1797 1169 Artauo,
1822 1110 1987 1159 amico
2013 1109 2376 1159 sincerissimo.

1640 1186 1800 1236 Ena.
1842 1198 2048 1236 Lxxlu.
2083 1189 2113 1235 3
2150 1185 2354 1247 Thalioe]
2387 1185 2571 1250 Epigr.
2593 1190 2643 1236 8.

1574 1261 1667 1311 lib.
1689 1266 1739 1312 4.
1780 1277 1915 1316 vers,
1936 1268 2014 1315 12.
2047 1271 2104 1314 et
2133 1264 2315 1328 Epigr.
2351 1267 2433 1314 16.
2469 1263 2563 1313 lib.
2592 1268 2645 1314 7.

1574 1352 1714 1387 vera.
1737 1343 1786 1388 4.

1642 1420 1674 1465 4
1708 1417 1946 1480 Da,quod
1966 1418 2141 1482 amem]
2174 1416 2417 1476 Μουσικὴν
2438 1415 2551 1483 ἔρως
2579 1420 2642 1467 δι·

1578 1492 1756 1556 δάσκει,
1789 1495 1955 1558 inquit
1996 1495 2264 1544 Plutarch.
2331 1495 2491 1545 Certe
2527 1492 2646 1544 feli·

1582 1573 1717 1623 citer
1749 1572 1905 1622 cessit
1938 1587 2082 1620 amor
2114 1587 2216 1621 non
2251 1572 2432 1635 paucis
2456 1570 2651 1635 ροὲῐίε,

1583 1649 1767 1713 quibus
1812 1649 1992 1699 amicae
2035 1649 2304 1699 materiam
2347 1648 2555 1699 felicem
2595 1650 2648 1699 in

1584 1727 1830 1777 Carmina
1873 1727 2230 1790 praebuerunt,
2278 1726 2415 1776 unde
2456 1727 2650 1790 juncta

1585 1805 1793 1855 nomina
1830 1810 1942 1854 toto
1985 1811 2264 1853 cantantur
2298 1804 2350 1852 in
2394 1803 2553 1853 orbe:
2590 1810 2653 1852 ut

1582 1881 1725 1930 canit
1763 1881 1980 1930 Ovidius
2017 1882 2166 1944 Eleg.
2197 1885 2248 1930 3.
2280 1880 2368 1930 lib.
2399 1884 2450 1929 1.
2488 1878 2651 1930 Amo-

1584 1971 1713 2007 rum.
2196 2000 2197 2003 ,

1651 2040 1680 2082 5
1720 2034 1930 2099 Cynthia
1964 2040 2013 2084 te
2042 2039 2217 2095 vatem,
2251 2032 2362 2096 ξφ]
2435 2028 2652 2083 Latinos

1586 2119 1828 2161 recenset
1888 2111 2087 2175 poetas,
2156 2125 2373 2174 quorum
2439 2111 2653 2175 ingenia

1586 2203 1733 2238 amor
1775 2188 2043 2249 excitavit,
2085 2201 2300 2251 quornm
2341 2201 2554 2236 ,amores
2598 2194 2654 2237 et

1588 2267 1780 2317 amicas
1802 2280 1953 2314 nemo
1971 2263 2343 2328 propemodum
2365 2278 2469 2313 non
2510 2263 2654 2313 andi-

1587 2344 1685 2404 vit,
1709 2343 1796 2407 qui
1820 2342 1886 2391 de
1921 2342 2046 2404 ipsis
2086 2339 2275 2403 poetis,
2298 2341 2532 2405 quamvis
2554 2341 2653 2390 sub

1587 2421 1699 2470 aliis
1755 2418 2064 2467 nominibus.
2129 2417 2267 2467 Vide
2318 2417 2541 2482 Gyrald.
2586 2417 2657 2466 de

1585 2498 1724 2547 Vitis
1739 2496 2042 2547 Poetarum.

1651 2577 1813 2625 Eme.
1837 2588 2033 2623 Lxxw.
2061 2573 2366 2635 Imperitum
2394 2572 2655 2623 medicum

1586 2651 1787 2713 irridet,
1822 2666 1890 2700 ex
1928 2651 2101 2700 vicina
2125 2665 2310 2700 vocum
2338 2652 2652 2713 cognatione

1586 2737 1745 2794 capto
1761 2730 1905 2793 joco.

1654 2812 1680 2856 1
1719 2805 2089 2869 Hoplomachus,
2120 2803 2228 2866 &cuj
2261 2803 2542 2854 Gladiator
2575 2818 2653 2853 ar-

1588 2893 1757 2936 matus
1773 2901 1790 2933 .·
1823 2898 1888 2933 ex
1909 2881 2038 2932 ὅπλα.
2059 2887 2113 2931 et
2131 2878 2283 2942 μάχη.
2355 2879 2654 2941 ophthalmi-

1590 2979 1671 3013 cus
1684 2962 1816 3025 aute]
1833 2959 2073 3010 Medicus
2092 2958 2316 3008 ocularis
2337 2956 2427 3021 (an
2445 2955 2657 3020 eculist).

1593 3042 1663 3090 Et
1700 3038 1836 3089 ludit
1870 3052 1901 3087 a
1935 3034 2122 3085 vicinia
2144 3034 2409 3084 nominum
2429 3033 2584 3083 simul
2605 3039 2663 3083 et

1595 3118 1805 3168 artium.
1850 3115 1936 3165 Sic
1960 3112 2350 3176 Epigrammate
2384 3113 2469 3160 31.
2496 3116 2552 3161 et
2572 3114 2659 3161 48.

1595 3195 1686 3245 lib.
1708 3200 1754 3244 1.

1658 3277 1690 3322 2
1721 3268 1905 3321 Fecisti
1920 3269 2146 3329 medicus,
2162 3265 2272 3328 ὅςεί]
2298 3265 2550 3316 Excaeeas
2571 3266 2663 3315 ho-

1593 3352 1775 3400 mines.
1816 3348 2140 3410 videturque
2162 3344 2451 3395 Samnitum
2470 3351 2525 3394 et
2545 3358 2667 3407 gra-

1596 3429 1672 3478 vis
1691 3433 1968 3476 armaturae
1987 3422 2332 3486 gladiatorum
2349 3436 2528 3485 pugna
2543 3419 2668 3472 fuis·

1593 3520 1652 3555 se
1679 3502 1913 3569 punctim
1950 3499 2130 3550 ferire.
2193 3496 2330 3550 Vide
2356 3496 2538 3560 Lipsii
2576 3498 2663 3548 Sa-

1593 3582 1784 3633 turnal.

1661 3660 1818 3709 Eme.
1840 3668 2010 3706 mxxv.
2049 3650 2372 3702 Historicnm
2393 3648 2665 3712 Epigram-

1594 3750 1680 3790 ma
1704 3734 1770 3783 de
1792 3729 2064 3782 sacerdote
2084 3728 2326 3792 Cybeles,
2350 3726 2438 3790 qui
2465 3724 2666 3778 offenso

1594 3811 1731 3876 pede
1748 3811 1961 3859 eliserat
1982 3806 2180 3865 talum3
2213 3818 2367 3869 quem
2400 3804 2667 3866 jacentem

1595 3887 1927 3951 vespillones,
1948 3897 1979 3932 a
2001 3882 2209 3936 servulo
2232 3881 2384 3930 unico
2409 3888 2466 3930 et
2487 3895 2665 3933 macro

1595 3965 1782 4030 rogati,
1818 3963 2112 4012 retulerunt
2145 3958 2354 4010 domum
2390 3958 2444 4008 in
2481 3959 2668 4008 sanda·

1635 4043 1720 4091 ila.

1596 4058 1826 4183 gemisse
1849 4113 1954 4164 dici
1977 4111 2200 4163 affirmat
2221 4109 2407 4173 Poeta,
2431 4126 2584 4175 quam
2605 4111 2670 4159 il·

1595 4194 1685 4245 lud
1718 4193 1976 4251 cadaver-3
2013 4186 2149 4253 quod
2175 4185 2300 4235 illud
2326 4194 2472 4238 esset
2491 4187 2665 4246 exanb

1594 4285 1705 4332 me„
1720 4270 1802 4326 liic
1822 4268 2071 4322 eviratum
2100 4264 2337 4319 Raderus.

1786 4039 1943 4089 Hunc
1978 4036 2184 4086 Gallum
2221 4048 2371 4098 aeque
2407 4043 2667 4085 mortuum
2768 4055 2775 4062 ⁴
