2985 4937
465 377 640 444 1278

466 538 672 601 gulas-es
694 536 990 602 currebant,
1013 538 1110 588 sed
1131 539 1184 588 in
1213 554 1369 590 curru
1382 539 1532 604 junc-

465 615 530 665 ti.
597 616 705 664 Per
759 615 1087 665 Passerinum
1122 632 1247 682 ergo
1288 618 1543 682 intelligit,

466 706 690 756 currum,
713 694 768 742 in
785 708 887 758 quo
904 694 1208 744 Passerinus
1225 693 1325 744 fuit
1345 696 1532 760 praeci-

467 784 595 832 puus
621 784 798 835 equus.
863 771 1012 822 Idem
1034 771 1140 822 diei
1157 782 1367 838 oportet
1385 782 1441 824 et
1462 775 1531 825 de

465 838 628 911 Tigri.
695 849 975 900 Salmasius.

530 925 690 976 Eme.
717 939 847 975 vm.
881 927 1010 976 Cum
1054 928 1363 984 nunciatum.
1389 936 1530 981 esset

461 1001 822 1057 Domitianum
877 1012 1153 1053 venturum
1206 1005 1261 1055 in
1329 1006 1529 1069 urbem,

463 1092 685 1142 eumque
709 1078 821 1141 jam
843 1093 955 1128 esse
978 1081 1030 1128 in
1057 1081 1280 1143 itinn-03
1314 1083 1535 1146 alloqui-

462 1163 549 1204 tur
591 1155 783 1218 Poeta,
824 1158 1047 1219 primum*
1072 1155 1296 1221 .Μυ3ἰ3,
1337 1159 1526 1210 deinde

460 1235 834 1297 Decembrem,
888 1250 1041 1300 quem
1093 1237 1224 1288 dicit
1276 1238 1533 1289 Januario

460 1312 710 1375 anteponi
735 1313 990 1375 potuisse,
1021 1313 1060 1362 si
1086 1314 1264 1363 Caesar
1283 1316 1395 1379 ipso
1418 1316 1524 1365 De-

458 1387 653 1437 cembri
678 1388 905 1438 venisset
928 1390 980 1438 in
1005 1390 1200 1441 urbem.
1247 1392 1527 1442 Postremo

459 1463 610 1526 dicit,
654 1480 745 1514 sua
776 1465 1018 1515 Carmina
1058 1469 1210 1517 valde
1243 1472 1524 1520 convenire

459 1541 718 1604 tempori;
750 1546 865 1592 esse
890 1543 1026 1596 enim
1049 1545 1139 1594 illa
1153 1545 1364 1609 jocosa3
1401 1563 1523 1597 mox

458 1617 615 1667 etiam
637 1619 858 1670 militem
872 1620 1024 1685 jocos
1046 1623 1099 1672 in
1127 1624 1387 1689 triumpho
1414 1625 1522 1677 dic·
1526 1644 1530 1647 ·

459 1701 646 1745 turum.
682 1695 812 1747 Rau.

522 1775 551 1819 1
602 1773 741 1821 Nunc
782 1774 975 1834 hilares,
1022 1777 1129 1841 Sym]
1192 1779 1249 1829 Si
1296 1794 1523 1846 unquam

455 1849 568 1899 aliis
587 1851 910 1903 Carminibus
926 1856 1043 1919 lusi,
1060 1870 1196 1906 nunc
1206 1856 1377 1922 poscit
1391 1868 1522 1910 tem·

455 1924 765 1989 pus'ntlaeta
788 1944 992 1981 canam.

515 2007 549 2051 2
588 2004 817 2069 Odrysio,
838 2006 944 2070 ξα]
975 2009 1405 2076 Septentrionali‚
1431 2014 1519 2064 nbi

455 2079 683 2144 Odrysa,
716 2083 954 2134 Thraciae
975 2087 1117 2150 urbs,
1149 2103 1326 2139 versus
1358 2090 1521 2140 Euxi-

456 2171 593 2207 num.

524 2241 555 2284 3
594 2237 742 2287 Certo
774 2240 927 2303 sacis,
954 2242 1063 2307 esa]
1097 2243 1285 2294 Mense
1307 2246 1516 2298 tandem

451 2313 730 2364 Decembri
751 2324 950 2368 certum
965 2321 1262 2382 accepimus
1276 2325 1518 2374 nuncium

453 2390 519 2438 de
542 2389 766 2440 Caesaris
800 2392 992 2446 reditu.
1065 2397 1210 2462 Vota]
1242 2399 1519 2450 Desideria

455 2466 768 2533 gaudiaque.

516 2552 546 2594 5
580 2546 722 2598 Sane
742 2556 846 2613 tua,
882 2553 989 2617 εγω]
1026 2556 1104 2604 Εο
1128 2556 1265 2621 quod
1295 2558 1518 2607 nuncius

450 2638 506 2673 es
525 2625 724 2676 reditus
749 2630 1065 2681 Domitiani:
1087 2633 1246 2698 quod,
1264 2634 1307 2684 si
1331 2634 1535 2684 eodem·

450 2715 627 2752 mense
665 2705 847 2755 urbem
881 2708 1200 2774 ingressurus
1242 2717 1378 2761 esset
1402 2713 1516 2762 Cae-

451 2793 551 2843 sar,
591 2795 690 2831 nee
730 2783 828 2847 ipsi
856 2785 1107 2836 Januario
1148 2787 1361 2839 cederet
1403 2789 1515 2839 De·

449 2856 676 2907 cember.
900 2918 902 2921 Α

512 2938 543 2982 7
579 2935 726 2984 Festa
741 2942 1010 3001 coronatus,
1044 2940 1149 3004 afa]
1183 2942 1270 2990 De
1282 2942 1418 3005 jocis
1458 2951 1515 2994 et

449 3014 747 3062 scommatis
770 3015 991 3065 militum
1036 3018 1089 3065 in
1134 3018 1512 3082 Imperatorem

439 3088 601 3150 jactis
623 3103 681 3137 su
691 3104 782 3152 pra
802 3091 1041 3144 diximus.
1095 3094 1233 3145 Vide
1258 3097 1490 3161 Ερίςιῶ

445 3165 541 3215 lib
557 3172 603 3215 1.
622 3181 755 3218 verS.
777 3172 827 3218 8.

510 3246 542 3291 8
576 3243 885 3309 Laurigeros]
919 3247 984 3295 In
1010 3248 1282 3313 triumphis
1315 3256 1371 3300 et
1409 3250 1512 3315 ipsi

444 3321 566 3384 eqni
585 3322 805 3373 laureati
826 3324 1159 3377 incedebant.
1195 3328 1380 3392 Comes]
1408 3329 1510 3379 Mi-

446 3396 545 3445 les.

383 3527 393 3537 .
508 3478 541 3523 9
571 3476 730 3546 ἆοορε,
765 3478 873 3543 εγω]
907 3481 1032 3530 Mea
1053 3482 1166 3532 haee
1180 3483 1360 3547 jocosa
1384 3485 1509 3549 Epi-

428 3560 746 3613 grammata.

508 3631 573 3678 lo
605 3628 761 3679 Lusus
807 3632 936 3695 ipse]
998 3634 1235 3686 Solennis
1275 3638 1416 3687 enim
1452 3644 1509 3688 et

441 3704 744 3768 magnificus
780 3709 1073 3773 triumphus
1097 3712 1329 3763 admittit
1353 3729 1506 3779 quos-

441 3780 518 3829 vis
539 3787 595 3830 et
615 3785 915 3847 quorumvis
931 3786 1154 3837 militum
1170 3802 1229 3838 ac
1248 3789 1506 3841 hominum

434 3869 604 3919 jocos.

504 3934 669 3987 Erro.
692 3950 775 3986 rx.
809 3937 1061 3991 Jactabat
1078 3957 1135 3991 se
1156 3944 1421 3995 Cascelius
1439 3946 1506 3997 de

372 4004 378 4011 '
437 4009 647 4072 ingenio
694 4013 1051 4079 ἔξηκονταετὴς,
1095 4020 1406 4087 volebatque
1429 4025 1505 4072 vi·

439 4086 552 4135 deri
577 4087 783 4140 doctus.
846 4092 1040 4156 Poeta,
1079 4095 1248 4145 Nimis
1280 4111 1397 4147 sero
1432 4105 1505 4162 te,

437 4162 625 4225 inquit,
637 4165 970 4229 ingeniosum
996 4170 1160 4233 dicis3
1195 4187 1405 4237 apuero
1422 4190 1504 4226 re-

436 4240 739 4303 quirebatur
762 4246 827 4296 ad
853 4247 1140 4302 doctrinam
1173 4251 1441 4305 futuram
1428 4271 1504 4306 ιιι-

441 4317 664 4378 genium.
683 4321 934 4377 Badera.

1175 397 1391 447 No'l’AE
1439 396 1843 473 vammum
1892 398 1974 447 IN

1674 545 1708 590 2
1763 541 1964 598 Quando
1997 540 2206 593 disertus
2258 544 2377 609 erit]
2432 544 2676 596 Disertus

1608 615 1718 665 scil.
1750 615 1955 668 futurus
1990 626 2110 683 post
2148 618 2397 671 ducentos
2419 637 2600 686 annos,
2623 634 2681 674 et

1608 701 1817 744 aeturus
1836 709 2015 762 causas
2039 698 2176 762 apud
2218 697 2442 762 infer0s;
2477 702 2534 751 in
2574 719 2678 767 quo

1609 773 1817 821 tandem
1838 777 2179 839 sexagenario
2195 777 2461 841 ingenium
2473 780 2540 828 ad
2558 782 2684 830 doc.-

1608 850 1794 900 trinam
1810 850 2039 903 futuram*
2055 855 2264 905 elucere
2282 857 2482 921 incipit.
2509 859 2678 914 Quan-

1603 930 1687 994 do]
1746 930 2066 994 Nunquam:
2119 933 2373 983 hactenus
2421 936 2561 985 enim
2596 936 2678 984 ni-

1602 1005 1677 1055 hil*
1699 1008 1923 1073 studuit,
1937 1016 1993 1059 et
2015 1010 2067 1058 in
2102 1015 2371 1074 posterum
2395 1026 2496 1061 non
2519 1019 2674 1076 pote-

1601 1084 1702 1144 rit3
1738 1091 1867 1134 aetas
1891 1087 2029 1135 enim
2055 1095 2232 1150 negat.

1665 1163 1824 1211 Eme.
1869 1175 1926 1212 x.
1981 1167 2008 1212 1
2055 1165 2336 1213 Poedimtur
2378 1166 2521 1229 Eros,
2564 1168 2683 1231 ζα]

1601 1234 1731 1286 Olus
1754 1239 1869 1287 aliis
1903 1239 2256 1303 obtrectabat,
2291 1243 2524 1308 aliosque
2542 1246 2676 1307 ‘pro-

1600 1313 1778 1376 digere
1823 1330 1917 1364 sua
1968 1316 2197 1380 dicebat,
2244 1334 2405 1384 quum
2447 1320 2677 1384 ipsemet

1602 1391 1727 1439 nibil
1750 1391 1985 1444 haberet.

1648 1472 1691 1516 *5
1726 1468 1788 1517 In
1809 1470 1958 1518 lucem
1992 1471 2167 1535 eoenat]
2208 1472 2420 1522 Pernox
2449 1474 2502 1523 in
2526 1489 2673 1525 com-

1604 1544 2026 1606 messationibus,
2063 1546 2477 1610 compotationes
2500 1551 2555 1598 in
2591 1552 2673 1600 lu-

1598 1633 1713 1670 cem
1730 1622 2008 1684 protrahit.
2043 1624 2132 1673 Sie
2154 1626 2336 1690 Epigr.
2361 1630 2446 1676 29.
2469 1627 2560 1677 lib.
2584 1634 2636 1677 1.

1663 1699 1694 1746 8
1727 1698 1897 1748 Assem
1915 1713 1975 1748 ue
1996 1701 2204 1765 dederis]
2236 1703 2291 1752 Si
2313 1710 2369 1752 te
2389 1704 2673 1756 sollicitum
2772 1702 2773 1705 ’

1597 1764 1827 1825 reddunt
1854 1777 2065 1827 nomina
2087 1780 2240 1843 Lupi,
2277 1796 2394 1846 quae
2437 1781 2555 1831 Tito
2578 1783 2675 1832 de-

1596 1854 1721 1917 bet;
1756 1861 1813 1904 tn
1837 1857 1909 1905 nil
1929 1858 2001 1906 illi
2026 1859 2240 1922 credas;
2275 1876 2400 1911 cura
2420 1862 2656 1913 vacabis.

1663 1934 1721 1979 11
1758 1932 1861 1981 Pro
1897 1936 2063 1996 togula
2083 1936 2242 2001 debes]
2276 1938 2523 1988 Nondum
2565 1942 2671 1990 sol-

1594 2007 1717 2057 visti
1755 2014 1930 2072 togam
1969 2026 2120 2075 quam
2152 2022 2362 2076 gestas3
2396 2016 2494 2065 hoe
2517 2023 2674 2066 taces

1595 2090 1652 2134 et
1674 2083 1985 2149 dissimulas,
2021 2089 2342 2201 aliorumque
2378 2081 2561 2144 debita
2585 2109 2670 2142 re·

1595 2174 1797 2211 censes.

1662 2241 1724 2287 14
1760 2239 2039 2302 Post-iesum
2060 2243 2240 2308 dotem]
2277 2246 2415 2296 Nam
2428 2246 2552 2297 filiae
2576 2250 2671 2299 de·

1595 2314 1735 2366 bitor
1779 2322 1863 2366 est
1903 2326 2072 2382 pater,
2117 2336 2271 2386 quum
2316 2339 2428 2374 eam
2475 2326 2670 2377 dotare

1594 2399 1861 2457 teneatur,
1878 2395 1913 2444 l.
1935 2399 2019 2445 19.
2041 2397 2111 2451 D.
2135 2398 2201 2448 de
2221 2400 2347 2450 Ritu
2366 2403 2535 2466 Nupt.
2553 2403 2595 2453 l.
2617 2408 2667 2453 1.

1594 2470 1639 2533 ξ.
1682 2468 1773 2519 sed
1794 2471 1839 2519 si
1861 2473 1936 2521 D.
1964 2473 2007 2522 si
2031 2475 2153 2539 quid
2183 2476 2235 2525 in
2256 2477 2428 2529 fraud.
2454 2487 2668 2544 patron.

1591 2546 1767 2598 Quare
1790 2547 2154 2602 Artemidorus
2186 2553 2424 2605 observat
2456 2558 2673 2619 elegan-

1591 2633 1693 2686 ter,
1712 2623 1845 2674 filias
1874 2627 1924 2676 in
1949 2630 2139 2679 somnis
2161 2639 2421 2695 sumptum
2445 2641 2500 2683 et
2519 2634 2670 2685 dam-

1590 2711 1715 2749 num
1748 2704 2087 2769 portendere,
2135 2707 2258 2772 quia
2290 2708 2384 2757 dos
2410 2710 2472 2759 iis
2497 2710 2663 2761 debe-

1592 2783 1693 2827 tur.
1727 2779 1853 2829 Her.

1656 2869 1722 2916 16
1755 2867 1856 2917 Sed
1893 2870 2008 2933 quid
2044 2887 2178 2935 agas,
2217 2873 2326 2937 ξω]
2355 2874 2459 2925 Sed
2486 2890 2663 2942 neque

1588 2956 1687 3006 ego
1710 2945 1760 2993 iu
1795 2945 1960 2997 aliena
1984 2962 2094 3014 rep.
2118 2951 2371 3015 curiosus,
2388 2966 2559 3017 neque
2602 2963 2665 3005 tu

1589 3027 1680 3070 aut
1706 3029 1797 3071 tua
1822 3024 1974 3076 tanti.

1654 3098 1818 3147 EPIG.
1845 3113 1929 3151 xi.
1960 3107 1993 3152 4
2020 3103 2120 3159 Qui
2137 3105 2210 3154 vis
2232 3107 2530 3172 archetypas,
2548 3108 2661 3173 ζα]

1516 3181 1521 3186 ’
1587 3175 1692 3226 Qui
1736 3178 1820 3226 vel
1864 3178 1917 3227 in
1956 3181 2127 3244 nugis,
2167 3183 2338 3246 qualia
2383 3191 2504 3234 sunt
2534 3200 2662 3236 mea

1586 3252 1851 3317 Carmina,
1872 3255 2224 3322 primogenias
2244 3260 2430 3324 probas
2455 3261 2520 3312 ab
2541 3263 2661 3325 ipso

1583 3336 1765 3379 autore
1788 3342 2031 3383 exaratas
2065 3336 2146 3385 vel
2170 3338 2488 3389 emendatas.

1649 3407 1812 3458 Eme.
1838 3422 1940 3458 111.
1977 3411 2332 3462 Clancularius
2370 3414 2560 3477 Poeta,
2596 3424 2660 3465 ut

1585 3482 1769 3534 Poetae
1805 3493 1982 3535 nostro
2020 3488 2305 3550 periculum
2326 3498 2551 3552 crearet,
2575 3489 2656 3540 fa-

1583 3574 1721 3611 mosa
1745 3563 1978 3627 quaedam
2016 3565 2259 3616 Carmina
2278 3568 2539 3618 Martialis
2559 3583 2654 3618 no-

1583 3639 1721 3688 mine
1756 3639 2012 3691 ediderat.
2078 3644 2234 3694 Jurat
2268 3645 2438 3695 Poeta
2469 3647 2598 3697 nihil
2622 3663 2654 3696 a

1585 3730 1640 3764 se
1674 3717 1944 3781 scriptum,
1984 3720 2121 3783 quod
2146 3721 2384 3787 cuiquam
2405 3723 2651 3773 ruborem

1581 3791 1828 3856 adferret,
1851 3803 1943 3845 aut
1963 3801 2135 3845 notam
2173 3797 2419 3848 inureret.
2454 3799 2584 3851 Rau.

1648 3873 1674 3919 1
1692 3870 1949 3934 Dominus]
1962 3872 2469 3941 Domitianus,quem
2487 3879 2650 3927 maxi-

1582 3959 1663 3995 me
1685 3948 1934 3998 lectorem
1958 3951 2127 4003 velim.

1644 4029 1677 4074 2
1712 4025 1844 4089 Qua]
1881 4027 2136 4090 Benigna.

1644 4106 1675 4152 4
1715 4103 1845 4164 Mihi
1881 4106 1940 4154 de
1971 4108 2118 4170 nullo,
2149 4107 2260 4172 δῖα]
2294 4108 2418 4158 Νοιι
2451 4107 2665 4160 famam·

1582 4187 1738 4242 capto
1763 4193 1826 4229 ex
1862 4182 2030 4231 aliena
2055 4181 2284 4233 infamia.
2317 4185 2487 4249 Epist.
2525 4191 2571 4235 1.
2607 4186 2638 4237 Ι.

1581 4257 1672 4308 ubi
1707 4259 1892 4311 ‘rubet
1913 4260 2118 4312 auditor
2153 4277 2238 4312 cm
2274 4261 2462 4328 frigida
2499 4278 2636 4315 mens

1582 4335 1698 4387 est.'
