2985 4937
708 407 789 457 n.
840 405 1013 454 vat..
1059 403 1478 462 suffusus
1531 366 1783 452 nmen.
1834 388 1976 452 niu.
2027 404 2076 456 1.

296 550 511 602 ridentis
544 549 774 615 imagine
816 548 1082 600 visebatur
1110 549 1250 611 apud
1271 550 1368 598 Te·

295 636 496 679 rentum
525 629 579 680 in
597 628 802 692 Campo
824 628 1040 678 Martio.
1109 625 1365 677 Panis‘fa-

291 706 463 757 hulam
477 707 705 773 exponit
719 706 900 757 Natal.
935 704 1121 755 Comes
1138 705 1366 770 Mythol.

294 784 329 834 l.
346 789 395 834 5.
417 799 465 834 c.
487 788 542 834 6.

354 865 387 911 2
423 861 712 925 Ostendet-2]
745 859 879 911 Heio
900 858 1244 910 ‘ostendere'
1283 864 1367 908 est

291 937 452 987 veluti
468 942 899 1001 portentum,>aut
919 950 1027 986 rem
1047 950 1170 985 sane
1180 949 1367 987 novam

293 1020 350 1064 et
392 1028 581 1077 parum
621 1014 885 1077 cognitam
928 1009 1197 1062 exhibere.
1279 1011 1365 1060 Sic

290 1092 429 1153 δεῖξαι
447 1090 673 1142 Graecis.
707 1090 912 1140 Hei-ald.
985 1088 1231 1152 Ter-euros]
1269 1089 1366 1137 Te-

294 1175 470 1220 rentos
493 1168 611 1234 (qui
634 1169 776 1218 locus
798 1174 914 1218 erat
941 1166 993 1215 in
1017 1180 1202 1230 campo
1223 1165 1369 1214 Mar·

294 1244 383 1307 tio,
420 1244 623 1308 templo
640 1243 784 1303 Ditis
804 1239 1045 1306 insignis)
1067 1240 1369 1306 spectabilis

296 1320 611 1371 simulachro
651 1318 810 1369 Panis
849 1318 1031 1368 habitu
1061 1331 1268 1381 semper
1297 1317 1369 1367 ri·

295 1399 467 1449 dentis
492 1397 629 1461 ficti,
659 1412 725 1448 ne
760 1395 898 1447 forte
931 1403 1102 1459 vacet,
1133 1396 1368 1445 ostendit

285 1476 394 1539 jam
418 1476 641 1527 Canium
656 1473 866 1538 poetam
883 1472 1202 1522 Gaditanum
1225 1487 1369 1537 ‹reo-0·

290 1552 404 1616 ρότα
445 1566 598 1617 aeque
643 1558 701 1602 et
751 1550 1045 1599 ridentem:
1101 1548 1221 1598 vide
1256 1549 1363 1600 1.3.

232 1692 239 1699 ι
291 1629 460 1693 epigr.
479 1632 564 1678 20.
586 1635 641 1678 et
662 1641 823 1689 supra
841 1620 1005 1690 epigr.
1026 1629 1110 1676 92.
1130 1639 1263 1675 vers.
1284 1629 1363 1675 10.

293 1706 483 1755 Canius
504 1713 681 1755 autem
708 1703 851 1755 forte
886 1704 939 1753 in
971 1716 1153 1767 campo
1169 1701 1365 1752 Martio

296 1791 404 1834 tum
423 1783 606 1834 sedem
630 1784 846 1834 locarat.

368 1860 534 1911 Eme.
581 1872 733 1908 Lxxr.
784 1862 817 1907 2
865 1857 1076 1917 Proculi,
1139 1856 1247 1921 fic]
1300 1855 1360 1906 C.

294 1935 420 1987 Julii
442 1937 678 1988 Proculi.
711 1936 775 1987 C.
807 1935 950 1986 Julio
973 1935 1201 1984 Proculo
1230 1933 1364 1983 salu·

298 2012 509 2063 tationis
566 2013 682 2064 loco
734 2012 916 2063 librum
971 2011 1152 2073 mittit,
1210 2010 1362 2074 cujus

293 2089 510 2154 scriptio
565 2095 624 2139 et
674 2089 824 2139 labor
868 2087 1075 2152 poetam
1122 2079 1364 2148 detinuit,

294 2180 394 2230 quo
449 2164 621 2215 minus
674 2166 787 2230 ipse
840 2179 1016 2215 coram
1082 2162 1365 2213 Proculum

294 2244 563 2293 salutaret.
600 2245 800 2294 Domus
817 2257 942 2306 ergo
964 2242 1226 2292 Martialis
1248 2248 1364 2294 erat

294 2318 355 2367 ad
390 2320 550 2384 pilam
584 2319 928 2381 Tiburtinam,
960 2325 1019 2369 ut
1054 2319 1168 2384 ipse
1202 2325 1363 2369 testa-

296 2404 395 2459 tur,
424 2399 479 2448 in
502 2398 729 2462 septima
765 2390 978 2461 regione
1011 2398 1186 2448 urbis:
1221 2398 1237 2425 ‘
1258 2398 1362 2448 Sed

288 2475 573 2526 Tiburtinae
596 2489 708 2524 sum
725 2476 989 2540 proximus
1010 2476 1190 2526 a'ccola
1209 2474 1364 2540 pilae,’

293 2556 391 2602 ὅτε.
476 2552 697 2603 Proculi
757 2567 880 2603 vero
926 2551 1110 2603 domus
1150 2560 1265 2603 erat
1310 2553 1365 2603 in

291 2629 508 2692 palatio,
537 2629 748 2692 regione
769 2643 827 2678 x.
863 2628 929 2678 ad
967 2630 1151 2679 laevam
1182 2629 1363 2692 templi

291 2705 461 2756 Deum
480 2705 675 2756 matris.
740 2705 972 2755 Mediam
1011 2707 1146 2756 viam
1166 2706 1250 2755 hic
1275 2706 1364 2754 de-

291 2783 477 2833 scribit
502 2783 785 2832 Martialis.
820 2781 1062 2848 officiose]
1087 2782 1223 2835 Quia
1247 2783 1361 2832 liaec

291 2866 476 2925 togata
497 2859 739 2918 salutatio
778 2860 919 2909 inter
956 2858 1240 2920 officiorum
1274 2875 1362 2925 ge·

293 2950 438 3001 nera,
453 2937 520 2987 de
540 2938 723 3001 quibus
744 2946 918 2988 antea.
1148 2931 1152 2936 ’

353 3017 382 3062 3
421 3012 651 3077 Castora]
719 3014 946 3063 Castoris
999 3015 1268 3078 templum,
1308 3015 1362 3065 in

293 3088 420 3142 foro.
492 3092 657 3154 Canoe,
708 3092 812 3156 ξω]
877 3090 1124 3157 Antiquae
1191 3093 1362 3143 Deum

293 3168 474 3219 matris
495 3168 869 3235 virginumque
906 3169 1199 3219 Vestalium
1235 3177 1362 3219 tem·

293 3245 455 3307 plum.

355 3328 384 3372 5
425 3320 588 3386 Clioo]
609 3323 754 3373 Colle
777 3322 1037 3374 Palatino.

353 3402 386 3447 6
424 3400 662 3461 Plurima,
685 3400 788 3464 esc]
821 3399 898 3448 Ea
933 3407 1085 3463 parte
1123 3415 1223 3466 qna
1259 3408 1364 3451 sta·

294 3480 384 3524 tua
405 3476 665 3540 equestris
698 3471 832 3541 Imp.¹
871 3477 1160 3526 Domitiani
1191 3478 1362 3542 posita

259 3546 263 3549 ’
293 3556 391 3615 est,
413 3551 466 3600 id
492 3557 595 3614 est,
617 3552 667 3601 in
691 3550 822 3602 foro.

354 3635 385 3681 7
415 3630 623 3694 Colossi]
660 3630 832 3695 Supra
869 3630 1037 3695 epigr.
1069 3634 1118 3681 2.
1158 3646 1292 3683 vers.
1311 3637 1361 3684 2.

289 3705 409 3756 vide
430 3706 655 3756 Turneb.
679 3707 712 3756 Ι.
731 3710 780 3756 7.
807 3721 850 3756 r.
868 3711 917 3756 2.

354 3786 385 3833 8
423 3782 682 3846 Rhodium,
719 3784 827 3848 ξω]
864 3784 1131 3834 Colossum
1169 3785 1362 3835 Rhodi·

264 3873 391 3923 um,
417 3860 502 3924 qui
527 3859 663 3910 inter
686 3864 735 3910 7.
760 3860 899 3910 orbis
920 3860 1170 3912 miracula
1190 3875 1364 3912 cense-

291 3933 398 3995 tur,
416 3940 500 3984 60.
526 3935 835 3986 cubitorum.

353 4015 387 4060 9
421 4012 634 4074 Μαᾱὶᾱί,
673 4010 780 4076 ξω]
838 4012 1112 4077 Templum
1148 4014 1369 4078 Bacchi,

291 4091 414 4141 vino
457 4092 617 4142 uvidi.
650 4094 665 4120 ‘
685 4091 962 4143 Madidus’
992 4109 1089 4158 pro
1132 4094 1363 4158 approbe

297 4174 442 4230 poto,
485 4165 732 4232 frequens
776 4174 831 4218 et
869 4169 1075 4233 elegans
1110 4177 1192 4219 est
1225 4167 1365 4232 apud

296 4243 556 4305 Plautum,
590 4243 918 4295 Juvenalem.
987 4247 1074 4297 Sic
1114 4255 1171 4297 et
1206 4246 1365 4296 ‘Uvi-

297 4318 427 4384 dus'
476 4320 665 4373 Horat.
712 4320 815 4373 Od.
858 4327 907 4373 5.
950 4322 984 4371 l.
1029 4337 1106 4374 w.
1188 4321 1381 4388 Atque*

2336 390 2509 457 1119

1438 547 1622 598 eodem
1676 548 1828 613 modo
1877 520 2054 597 droeci
2101 546 2322 613 βρέχειν.
2369 548 2508 599 unde

1438 622 1770 688 βεβρεγμένος.
1805 625 2011 676 Heruld.

1508 704 1570 748 10
1608 701 1675 749 Et
1719 699 1935 763 Cybeles,
1973 699 2077 763 &ct-J
2119 701 2191 749 Et
2236 701 2408 751 tholus
2453 703 2507 752 in

1442 775 1668 840 Cybeles
1700 777 1915 840 templo,
1950 792 2107 841 supra
2149 792 2302 842 quem
2345 779 2510 843 Galli,

1440 852 1555 902 deae
1573 853 1758 904 evirati
1779 854 2087 915 sacerdotis,
2103 852 2297 917 effigies
2318 856 2512 909 stabat.
2615 902 2620 908 .

1440 930 1826 994 ‘Corybantes’
1864 939 2016 981 erant
2051 932 2238 981 evirati
2272 933 2513 983 sacerdo·

1441 1010 1522 1055 tes
1577 1005 1819 1070 Cybeles.
1886 1008 1983 1057 Est
2028 1015 2200 1058 autem
2256 1011 2273 1037 ‘
2299 1008 2510 1072 tholus‚'

1441 1097 1650 1133 camera
1692 1083 1898 1135 aedificii
1938 1084 1992 1133 in
2027 1083 2349 1148 fastigiatum
2388 1102 2510 1137 acu-

1441 1173 1560 1208 men
1594 1159 1856 1223 desinens,
1891 1146 1942 1210 d:
1979 1176 2079 1227 qua
2101 1162 2277 1212 trabes
2298 1163 2510 1230 coeunt,

1440 1235 1735 1301 ibidemque
1786 1245 1993 1288 scutum
2023 1238 2282 1303 -affixum,
2321 1256 2353 1291 a
2401 1258 2505 1308 quo

1437 1311 1573 1362 dona
1589 1316 1996 1379 suspenduntur.

1507 1391 1843 1456 llProtinus,
1877 1393 1985 1457 ξω]
2025 1392 2109 1445 Ad
2143 1394 2327 1446 loevam
2361 1396 2506 1449 Ideae

1438 1466 1619 1517 matris
1640 1469 1752 1517 sitae
1775 1475 1898 1518 sunt
1920 1470 2133 1527 Proculi
2151 1472 2310 1523 aedes.

1460 1593 1465 1597 ,
1507 1547 1569 1593 14
1603 1544 1755 1595 Nulla
1784 1545 1942 1607 magis
1970 1551 2090 1607 toto,
2119 1545 2229 1611 ξω]
2260 1546 2508 1614 Antiquis

1438 1621 1759 1685 temporibus
1794 1629 1962 1686 portae
2003 1624 2162 1674 etiam
2187 1625 2528 1689 privatorum>

1437 1711 1555 1747 raro
1580 1698 1860 1762 patebant:
1897 1700 2104 1749 Proculi
2138 1715 2264 1765 ergo
2285 1702 2513 1752 humani-

1439 1778 1605 1823 tatem
1639 1774 1757 1824 heic
1796 1777 2148 1838 commendat,
2182 1777 2333 1839 cujus
2365 1777 2508 1830 fores

1436 1849 1617 1899 amicis
1646 1857 1701 1901 et
1722 1852 2094 1917 salutatoribus
2117 1862 2315 1918 apertae
2337 1862 2508 1916 erant,

1437 1941 1606 1992 neque
1628 1928 1692 1977 iis
1707 1927 2097 1979 difficultatibus
2112 1930 2368 1995 obseptae.
2401 1932 2526 1985 va

1436 2011 1578 2054 teres
1607 2005 1766 2055 etiam
1789 2005 1986 2068 Graeci,
2006 2020 2162 2071 quum
2182 2007 2407 2073 aliquem
2426 2017 2504 2071 φι-

1434 2081 1642 2146 λόξενον,
1686 2091 1741 2134 et
1789 2098 1916 2148 erga
1957 2084 2191 2149 hospites
2229 2086 2508 2136 humanum

1437 2161 1736 2212 describere
1774 2164 1993 2224 vellent,
2030 2163 2141 2226 ejus
2164 2163 2353 2226 januas
2389 2169 2505 2214 toto

1435 2245 1587 2303 poste
1609 2252 1813 2303 semper
1849 2247 2057 2304 apertas
2098 2238 2509 2305 dicebant,›.oi·M

1434 2339 1555 2371 ποτε
1574 2321 1704 2383 ἴσχει
1723 2320 1754 2381 ἡ
1776 2318 1909 2384 θύρα.

1506 2403 1565 2449 15
1601 2398 1707 2448 Nec
1735 2397 1944 2462 propior,
1976 2397 2083 2461 εγω]
2123 2396 2240 2449 Nee
2276 2395 2508 2462 Apollini

1437 2477 1703 2542 Musisque
1722 2477 1828 2526 ulla
1843 2476 2022 2527 domus
2046 2475 2259 2539 gratior.

1504 2558 1565 2604 1⁷
1593 2554 1722 2609 Quia
1737 2553 2104 2617 qualiacumque,
2124 2550 2230 2616 ssa]
2250 2552 2386 2605 Quia
2402 2567 2508 2602 non

1438 2628 1628 2679 fuisset
1659 2629 1733 2678 illi
1756 2630 1927 2679 ocium
1958 2628 2221 2678 scribendi
2242 2629 2357 2678 haec
2386 2644 2508 2694 qua-

1436 2708 1713 2771 liacunque
1745 2707 2145 2770 epigrammata,
2175 2705 2220 2756 si
2246 2705 2509 2756 salutandi

1438 2784 1619 2835 officiis
1639 2791 1891 2835 vacasset.

1504 2863 1662 2912 Eme.
1689 2874 1870 2911 nxxu.
1906 2866 1933 2910 l
1966 2861 2135 2910 Noevia
2159 2858 2271 2923 sex]
2306 2858 2507 2909 Priscis

1436 2939 1595 2988 moris
1613 2937 1713 2988 fuit
1729 2939 1779 2987 in
1799 2937 2269 3002 compotationibus
2283 2936 2507 2987 inhono-

1435 3032 1545 3067 rem
1563 3025 1618 3067 et
1637 3017 1855 3081 gratiam
1874 3016 2106 3067 absentis
2118 3017 2320 3077 amicae,
2334 3015 2508 3079 amici,

1438 3094 1521 3142 vel
1543 3094 1900 3156 Imperatoris,
1938 3092 2142 3142 haurire
2183 3098 2265 3143 tot
2291 3093 2507 3156 cyathos
2575 3123 2579 3128 -

1435 3174 1564 3232 quot
1579 3175 1753 3218 essent
1778 3168 1827 3218 iu
1848 3169 2001 3218 amici
2023 3168 2269 3234 amicaeve
2301 3168 2507 3218 nomine

1435 3242 1623 3306 literae,
1643 3244 1781 3308 quod
1802 3246 1884 3293 vel
1902 3252 2087 3308 aperte
2107 3242 2508 3308 profitebantur,

1439 3322 1523 3370 vel
1545 3321 1807 3370 sodalibus
1832 3318 2103 3371 ariolanda
2130 3328 2185 3371 et
2208 3321 2505 3386 conjectan-

1437 3397 1507 3447 da
1536 3398 1877 3463 reliquerunt,
1907 3397 1994 3447 ubi
2030 3399 2111 3447 vel
2135 3398 2354 3448 totidem
2388 3410 2506 3462 pos·

1436 3483 1620 3525 cerent
1641 3475 1876 3538 cyathos,
1896 3476 1979 3525 vel
2004 3476 2246 3539 poculum
2265 3475 2403 3542 quod
2426 3481 2508 3525 tot

1368 3605 1371 3608 ,
1433 3550 1649 3615 cyathos
1671 3560 1901 3614 caperet.
1969 3551 2155 3617 Itaque
2180 3567 2273 3602 sex
2307 3553 2508 3617 cyathis

1436 3629 1712 3678 bibebatur
1743 3629 1946 3692 Naevia,
1977 3628 2077 3679 hoc
2101 3636 2204 3691 est,
2236 3629 2391 3679 unico
2416 3644 2506 3694 po-

1435 3707 1573 3769 culo,
1598 3705 1734 3770 quod
1768 3707 2014 3770 capiebat
2037 3721 2129 3756 sex
2151 3705 2387 3771 cyathos,
2420 3706 2511 3769 qui

1436 3784 1452 3811 ‘
1473 3784 1643 3833 Semis
1665 3782 1678 3802 ⁹
1713 3784 2022 3846 dicebatur3
2075 3785 2149 3834 sic
2194 3781 2507 3848 ‘Septunx,'

1434 3871 1640 3925 septem
1656 3863 1888 3924 cyathos,
1906 3863 1922 3889 ‘
1934 3860 2248 3925 Quincunx,'
2260 3861 2508 3926 quinque,

1436 3938 1451 3965 ‘
1465 3936 1689 3999 'l”riens‚’
1707 3944 1944 4003 quatuor,
1961 3938 2220 4001 capiebat.
2240 3939 2333 3987 Est
2347 3937 2509 3988 etiam

1437 4015 1612 4078 poculi
1638 4025 1758 4064 octo
1783 4016 2084 4079 cyathorum
2110 4014 2326 4075 mentio,
2348 4014 2511 4064 nomi·

1439 4105 1504 4140 ne
1522 4093 1537 4118 ‘
1551 4082 1711 4139 bessis
1727 4090 1759 4139 :⁹
1781 4090 1943 4154 epigr.
1964 4091 2093 4139 36.1.
2107 4094 2188 4141 11.
2202 4089 2321 4139 vide
2341 4089 2509 4154 epigr.

1438 4171 1518 4215 51.
1542 4166 1578 4215 l.
1601 4170 1649 4215 8.
1673 4167 1836 4230 epigr.
1864 4170 1944 4215 95.
1984 4165 2018 4213 l.
2047 4169 2096 4215 9.
2135 4166 2301 4229 epigr.
2336 4169 2419 4215 36.
2452 4173 2507 4215 et

1438 4247 1520 4292 39.
1536 4243 1625 4292 lib.
1641 4247 1719 4291 11.
1792 4241 2012 4308 Cynthi-s,
2034 4241 2141 4306 &sc-,3
2160 4243 2240 4292 Ex
2254 4242 2381 4291 Mss.
2400 4243 2513 4308 qni·

1438 4319 1654 4371 busdam
1679 4326 1819 4383 sunt,
1851 4320 1936 4386 qui
1961 4320 2163 4370 calathis
2195 4324 2415 4385 ponunt,
2445 4327 2506 4370 ut
