2985 4937
470 401 646 469 1274

535 560 700 610 Erm-
732 570 970 609 cxxxix.
1022 560 1055 608 2
1097 556 1292 620 Arguto
1339 556 1533 623 pollice]

467 636 663 701 Digitis
687 636 823 685 euim
849 636 988 687 inter
1008 649 1065 684 se
1102 634 1316 695 collisis,
1339 634 1532 697 pollice

465 714 582 764 scil.
614 722 671 763 et
703 712 874 765 medio
910 709 1096 775 digito,
1129 711 1384 774 crepitum
1410 709 1531 760 ede-

465 788 612 852 bant,
656 790 858 854 signum
890 803 1081 852 nempe
1119 787 1331 837 matulae
1367 786 1532 850 porri-

466 865 669 930 gendae.
735 865 871 914 Vide
898 864 1077 928 Epigr.
1101 867 1183 912 82.
1208 863 1297 912 lib.
1321 866 1371 911 3.
1395 876 1531 913 vers.

469 946 553 993 1⁵.
573 949 629 993 et
663 943 978 1008 Epigr.119.
1015 939 1108 991 lib.
1126 943 1207 991 14.
1274 939 1530 1002 Madidus]

464 1023 621 1073 Vino.

528 1103 560 1148 8
612 1097 858 1162 Spoletina
898 1098 1014 1146 duta
1050 1100 1141 1158 est,
1171 1092 1280 1158 ξω]
1329 1092 1531 1145 Fictilis

464 1176 670 1243 lagena,
711 1188 865 1240 quam
903 1173 1046 1237 prius
1095 1172 1215 1220 vino
1258 1170 1529 1234 spoletino

466 1254 674 1317 plenam
718 1252 1028 1312 exsiccant,
1060 1249 1261 1298 etiamsi
1284 1248 1532 1311 capacior

464 1331 674 1394 fuisset,
694 1332 1057 1382 exhausturus.

529 1415 560 1459 5
597 1409 689 1459 Ille
712 1408 821 1474 fide
868 1422 1068 1468 summa,
1103 1404 1215 1471 ism]
1264 1403 1530 1459 Convenit

463 1485 599 1537 ratio
639 1485 847 1550 accepti
879 1500 942 1535 ac
986 1484 1199 1546 redditi,
1241 1497 1345 1533 non
1385 1483 1532 1533 auxit

465 1564 640 1613 vinum
676 1562 910 1612 adhibita
930 1561 996 1611 ad
1036 1560 1337 1611 diluendum
1375 1574 1532 1625 aqua,

464 1639 599 1706 quod
619 1641 703 1689 vel
738 1654 807 1689 ex
832 1640 1034 1690 ratione
1057 1637 1282 1688 redditae
1319 1637 1385 1686 ad
1421 1639 1532 1701 jus-

462 1723 570 1767 t‘am
593 1731 881 1767 mensuram
905 1716 1089 1779 urinas,
1103 1717 1319 1782 jocatur
1340 1714 1532 1777 Poeta,

461 1806 705 1848 constare
729 1797 1042 1846 Panaretum
1066 1795 1259 1844 bibisse
1281 1808 1499 1845 merum.

526 1877 560 1923 8
592 1873 773 1924 Desine
793 1871 989 1934 mirari]
1025 1869 1194 1920 Rufus
1222 1869 1529 1934 mirabatur,

466 1948 605 2014 quod
630 1963 747 1998 cum
788 1948 1086 1999 Panaretus
1130 1949 1364 2012 lagenam
1398 1948 1531 1997 iute-

463 2040 612 2090 gram
626 2026 964 2088 exsiccasset‚
984 2040 1084 2075 non
1103 2025 1219 2088 plus
1233 2024 1396 2074 urinae
1413 2024 1530 2074 red·

420 2143 425 2148 .
464 2104 682 2173 diderit,
705 2120 856 2170 quam
875 2111 1124 2171 quantum
1147 2105 1332 2166 lagena
1364 2102 1530 2167 cepis-

466 2188 586 2244 set3
629 2197 745 2232 cum
788 2197 856 2231 ex
894 2181 1099 2231 ratione
1145 2195 1295 2245 aquae
1335 2178 1531 2241 affusae,

464 2258 627 2307 multo
651 2257 871 2322 amplius
894 2258 1224 2320 etdebuerit‚
1246 2264 1301 2307 et
1314 2257 1530 2318 bibisse,

463 2343 519 2385 et
536 2350 800 2386 remensus
813 2335 993 2385 fuisse.
1034 2334 1344 2398 Respondet
1361 2334 1530 2385 Poeta

465 2412 785 2463 Pausi-etum
830 2426 933 2461 non
979 2410 1276 2462 adhibuisse
1329 2426 1532 2478 aquam,

462 2488 556 2538 sed
596 2503 855 2539 meracum
896 2488 1073 2538 vinum
1108 2485 1333 2539 bibisse:
1371 2496 1529 2554 atque

460 2565 581 2614 hinc
596 2580 791 2615 summa
811 2565 916 2615 fide
936 2580 1223 2616 remensum
1243 2580 1380 2630 esse,
1392 2566 1529 2631 quod

462 2642 805 2692 exhausisset.
846 2631 1022 2693 Ruiier.

471 2757 476 2760 ψ
526 2720 683 2770 Erre.
709 2733 800 2770 xc.
821 2720 1153 2771 Extenuabat
1166 2722 1370 2784 culpam
1382 2735 1529 2771 suam

462 2794 655 2858 Gellia,
673 2797 822 2861 quasi
845 2796 1248 2847 tolerabiliorem
1270 2797 1408 2862 quod
1425 2812 1529 2848 non

460 2872 559 2922 uisi
582 2886 737 2924 unum
766 2872 986 2924 haberet
1015 2875 1284 2938 moecbum,
1319 2881 1377 2925 ut
1406 2876 1530 2939 Epi·

460 2955 748 3011 grammate
763 2953 846 2999 92.
871 2948 958 2998 lib.
983 2953 1032 3012 8.
1091 2949 1383 3014 Redarguit
1412 2964 1529 3001 eam

461 3024 651 3088 Poeta,
692 3039 838 3090 aeque
881 3033 1036 3090 turpe
1090 3040 1222 3088 esse,
1273 3028 1531 3094 inquiens,

459 3102 628 3164 uxori,
649 3116 808 3152 unum
836 3103 1029 3153 babere
1053 3103 1327 3167 moechum,
1343 3120 1404 3155 ac
1426 3119 1528 3156 nou

459 3182 640 3241 nuptae
676 3180 902 3229 multos:
937 3194 1051 3229 esse
1083 3180 1281 3245 quippe
1313 3194 1528 3231 uxorem

461 3252 701 3317 duorum,
741 3256 916 3305 mariti
961 3256 1168 3312 scilicet
1207 3258 1421 3320 legitimi
1472 3264 1530 3308 et

459 3330 704 3381 adulteri.
770 3333 824 3381 Si
864 3332 999 3381 enim
1021 3333 1178 3396 juxta
1203 3334 1456 3394 Senecam
1479 3338 1528 3384 Β.

461 3406 650 3458 Benef.
673 3423 791 3473 cap.
816 3414 897 3459 16.
922 3409 1233 3466 adulterium
1266 3410 1415 3460 unius
1439 3426 1527 3460 vo·

459 3491 611 3534 catur
624 3484 1023 3547 matrimonium,
1042 3492 1097 3535 et
1116 3499 1243 3534 uxor
1257 3495 1406 3536 certe
1423 3487 1528 3538 erit

461 3559 711 3623 adulteri,
732 3576 847 3625 quae
870 3562 947 3611 illi
969 3562 1137 3612 dedit.

528 3637 691 3687 Eme.
708 3651 843 3688 xcn.
888 3643 920 3688 2
941 3638 1167 3703 Myronis
1185 3638 1312 3702 arte]
1342 3639 1528 3703 Sculp-

461 3715 589 3765 toris
608 3717 812 3766 nobilis.
850 3717 1033 3780 Epigr.
1048 3720 1132 3765 39.
1150 3716 1242 3766 lib.
1259 3721 1306 3767 4.
1326 3732 1461 3767 vers.
1475 3721 1525 3767 2.

467 3829 474 3836 .
523 3797 554 3842 Β
597 3793 829 3842 Vaticana
845 3794 986 3855 bibis,
1009 3793 1113 3857 ξω]
1157 3794 1381 3843 Pulchre
1404 3809 1528 3844 con-

459 3868 604 3917 venit
626 3869 858 3933 serpenti
875 3881 1124 3932 expresso
1139 3870 1192 3918 in
1208 3870 1394 3933 poculo
1409 3885 1526 3921 cum

426 4002 430 4008 ¹
458 3943 582 3994 vino
602 3945 881 4009 Vaticano,
915 3945 1056 4010 quod
1094 3947 1318 3997 omnium
1362 3949 1528 4012 pessi·

458 4035 598 4074 mum
637 4029 739 4095 est,
773 4030 832 4073 et
871 4025 955 4087 (ut
978 4022 1114 4073 dixit
1133 4024 1526 4089 Epigrammata

461 4100 541 4145 1⁹.
569 4097 702 4148 libro
724 4104 773 4148 1.
798 4114 949 4150 versu
972 4099 1050 4167 6.)
1064 4115 1255 4150 saevum
1274 4103 1525 4153 toxicum.

528 4175 688 4224 Eme.
730 4189 893 4227 xum.
970 4184 996 4227 1
1051 4180 1168 4227 Tam
1206 4182 1331 4230 mals
1378 4181 1526 4231 Thais

458 4252 573 4316 olet,
595 4254 700 4317 qa]
734 4252 975 4319 Aliquam
1000 4256 1174 4331 lupam
1210 4272 1302 4309 seu
1337 4261 1526 4324 prosti-

1160 413 1378 463 ΝΟΜ.
1427 403 1829 467 νΑιιιοιιυΜ
1880 420 1960 469 m

1607 560 1802 625 bulum,
1823 561 2032 613 nomine
2064 561 2274 613 Thaidis
2303 567 2463 612 vexat
2480 561 2672 625 Poeta,

1606 645 1823 701 propter
1843 630 2403 704 graveolentiam,un
2421 638 2677 703 Harpyiis

1605 721 1664 765 et
1682 715 1946 767 Chimoeris
1966 716 2109 767 hisce
2126 716 2429 766 communis.
2497 717 2675 767 Fuere

1602 791 1823 842 Thaides
1842 792 2060 854 ramicae,
2103 792 2272 858 poetis
2315 793 2495 842 multis
2530 792 2676 841 cele·

1602 867 1788 919 bratae.
1856 869 2094 933 Fullonia]
2128 870 2276 920 Fullo
2298 869 2499 935 est,qui
2521 875 2676 933 togas

1604 951 1856 1007 recentat‚
1878 953 1933 996 et
1954 947 2183 996 maculas
2215 962 2277 998 ac
2297 945 2475 997 sordes
2493 960 2527 996 e
2551 954 2679 1010 toga

1604 1021 1753 1079 eluit,
1784 1028 1840 1071 et
1855 1021 2034 1074 addito
2056 1023 2303 1088 sulphure
2321 1030 2375 1073 et
2396 1031 2544 1074 creta
2563 1038 2679 1072 rur-

1604 1113 1716 1147 sum
1755 1097 2072 1150 candefacit.
2137 1101 2279 1151 Plin.
2316 1101 2406 1151 lib.
2431 1106 2513 1151 35.
2547 1116 2677 1164 cap.

1605 1179 1686 1225 17.
1721 1176 1737 1203 ‘
1755 1173 1935 1226 Avari’.
1957 1178 2102 1240 dicit,
2142 1179 2263 1244 quia
2284 1192 2527 1241 magnum
2551 1193 2680 1242 pre·

1606 1253 1736 1304 tium
1780 1268 1877 1318 pro
1921 1255 2151 1305 vestibus
2199 1253 2524 1307 candefactis
2582 1263 2681 1306 aut

1603 1331 1910 1381 emaculatis
1931 1333 2230 1397 exigebant.
2265 1333 2390 1384 Rud-

1666 1410 1699 1456 2
1733 1408 1874 1457 Testa
1894 1413 2043 1472 vetus,
2062 1408 2166 1472 Bra]
2200 1411 2317 1462 Qua
2339 1409 2539 1459 urinam
2566 1411 2683 1473 (ca-

1604 1483 1853 1532 melorum
1894 1485 2142 1546 maxime,
2187 1491 2324 1536 teste
2367 1485 2539 1535 Plinio
2581 1486 2682 1536 lib.

1603 1562 1686 1610 ²8.
1706 1574 1823 1623 cap.
1846 1560 1918 1621 8.)
1949 1561 2017 1610 aei
2040 1560 2424 1625 purgandarum
2445 1562 2684 1613 vestium

1606 1650 1754 1685 usum
1788 1636 2398 1702 excipiebantfulloues,
2431 1639 2548 1690 haec
2588 1655 2688 1689 au·

1606 1720 1710 1763 tem
1740 1714 1883 1764 dolia
1909 1716 2121 1766 stabant
2143 1716 2197 1765 in
2221 1715 2453 1780 publico.
2520 1717 2684 1766 Fruc-

1548 1817 1564 1836 .
1602 1790 1680 1853 ta]
1727 1791 1856 1840 Tum
1879 1792 2017 1842 enim
2038 1792 2368 1855 gravissimus
2389 1798 2446 1841 et
2463 1794 2689 1842 teterri-

1605 1885 1718 1920 mus
1739 1870 1948 1920 exhalat
1971 1872 2118 1921 odor.

1670 1950 1701 1995 3
1733 1945 1815 1996 Ab
1844 1961 2000 1996 more
2031 1961 2192 1997 recens
2221 1947 2402 2011 hircus]
2443 1947 2532 1996 Sic
2552 1947 2688 2010 Epi·

1607 2038 1818 2088 gramm.
1850 2028 1900 2073 4.
1944 2024 2034 2076 lib.
2074 2028 2122 2074 4.
2191 2025 2328 2074 Nam
2359 2031 2415 2074 et
2443 2023 2585 2072 hirei
2627 2033 2689 2074 et

1605 2101 1765 2163 cervi,
1794 2107 1850 2151 et
1885 2101 1987 2150 alia
2020 2096 2281 2159 animalia,
2314 2114 2431 2149 cum
2460 2098 2691 2164 coeunt,

1605 2175 1890 2226 deterrime
1930 2174 2139 2228 t'oetent.
2208 2177 2313 2225 Ora
2343 2175 2513 2239 kanis]
2547 2174 2688 2226 Ani-

1602 2269 1702 2304 mae
1719 2254 1885 2305 leonis
1904 2254 2044 2304 virus
2067 2267 2245 2317 grave.
2312 2253 2448 2304 Pliu.
2475 2253 2570 2303 lib.
2600 2259 2689 2305 11.

1602 2345 1720 2395 cap.
1752 2336 1836 2382 6³.
1898 2330 2036 2381 Vide
2059 2330 2255 2380 Aunot.
2280 2329 2437 2393 prior.
2465 2331 2691 2394 Baptis-

1604 2415 1675 2459 tae
1692 2409 1796 2458 Pii.
1820 2408 1995 2472 capite
2019 2412 2099 2457 16.

1668 2493 1701 2539 4
1734 2488 1989 2549 Detracta,
2017 2485 2123 2549 swa]
2174 2484 2335 2536 Urbis
2371 2499 2496 2549 pars
2531 2492 2690 2537 trans

1601 2564 1829 2622 Tiberim
1862 2564 2031 2614 viliori
2070 2561 2361 2627 plebeculoe
2383 2561 2688 2627 colebatur,

1604 2642 1728 2692 etin
1751 2655 1815 2691 ea
1830 2639 2214 2690 exercebantur
2234 2637 2442 2688 sordida
2459 2644 2517 2687 et
2539 2636 2692 2689 foeti-

1603 2719 1673 2769 da
1693 2732 1872 2783 opera,
1891 2725 1950 2768 ut
1975 2717 2373 2775 excoriationes,
2403 2715 2691 2777 sulphura·

1604 2804 1679 2859 ta,
1700 2800 1800 2846 ὅτε.
1868 2795 2002 2844 Vide
2026 2793 2206 2857 Epigr.
2227 2796 2311 2843 «12.
2346 2791 2439 2841 lib.
2464 2795 2515 2841 1.
2540 2806 2690 2844 vers.

1603 2880 1653 2926 8.
1707 2874 1950 2926 Juvenal.
1970 2872 2149 2935 Satye.
2168 2875 2248 2922 14.
2269 2884 2404 2920 vers.
2424 2873 2541 2919 208.

1668 2956 1698 3000 5
1734 2951 1901 3001 Pullus
1930 2948 2164 3011 abmivo,
2205 2947 2314 3012 ξω]
2370 2946 2488 2996 Nee
2527 2947 2688 3011 pejus

1602 3027 1713 3077 olet
1736 3041 1889 3077 ovum
1911 3025 2196 3089 putridum.

1668 3109 1701 3153 6
1737 3103 1896 3167 Gara]
1931 3104 2012 3153 Ex
2026 3101 2285 3152 intestinis
2302 3107 2357 3151 et
2372 3100 2495 3150 tabe
2508 3115 2689 3152 scom.

1605 3181 1814 3230 brorum
1835 3177 2096 3235 confecto,
2117 3177 2212 3229 sed
2233 3183 2503 3240 corrupto.

1664 3261 1699 3306 7
1741 3257 1886 3307 Virus
1903 3261 1959 3306 ut
1980 3256 2067 3306 hoc
2083 3255 2196 3315 ulio,
2216 3254 2321 3318 ξω]
2354 3253 2688 3304 Οτινεοῑειι-

1603 3336 1727 3385 tiam
1767 3340 1827 3383 ut
1868 3335 2041 3384 lotura
2079 3332 2385 3382 dissimulet.
2448 3329 2553 3378 Vel
2594 3331 2689 3380 illa

1600 3412 1761 3461 Thais
1791 3412 1807 3441 ‘
1825 3408 2020 3471 fallax,'
2045 3408 2278 3472 quamvis
2299 3404 2543 3455 foetorem
2567 3420 2690 3455 cor·

1603 3487 1745 3552 poris
1767 3494 1949 3550 tegere
1969 3492 2190 3535 conetur
2211 3491 2268 3534 et
2288 3483 2535 3546 obruere,
2571 3487 2686 3534 διο.

1603 3565 1740 3616 Vide
1761 3566 2031 3629 Epigram.
2054 3569 2135 3614 88.
2159 3562 2246 3613 lib.
2264 3566 2310 3612 1.

1667 3648 1701 3692 9
1732 3640 1970 3705 Psilotro]
2021 3641 2246 3690 Psilotra
2278 3645 2401 3689 sunt
2443 3638 2686 3689 medica·

1603 3730 1780 3770 menta
1817 3718 1912 3770 ieu
1948 3725 2234 3783 unguenta,
2268 3716 2453 3782 quibus
2490 3716 2684 3778 pilosas

1602 3798 1836 3862 corporis
1875 3805 2055 3862 partes
2096 3796 2417 3861 glabrantur.
2485 3794 2683 3855 Epigr.

1604 3882 1686 3928 29.
1710 3877 1801 3927 lib.
1818 3881 1866 3927 2.
1900 3891 2034 3926 vers.
2056 3880 2105 3925 7.
2126 3880 2182 3924 et
2204 3874 2383 3936 Epigr.
2404 3875 2490 3921 ⁷3.
2514 3872 2612 3921 lib.
2629 3876 2683 3923 8.

1605 3969 1738 4005 vers.
1762 3960 1807 4004 1.
1871 3953 2028 4003 Arida
2051 3955 2168 4002 latet
2181 3949 2351 4012 oblita]
2374 3949 2549 3999 Aceto
2569 3965 2683 4000 ma-

1602 4038 1780 4081 cerata
1813 4031 2080 4095 Epigram.
2114 4033 2198 4079 74.
2233 4027 2324 4077 lib.
2357 4032 2408 4076 8.
2448 4041 2589 4076 vers.
2624 4029 2683 4077 4.

1605 4109 1774 4172 Creta]
1811 4107 2051 4169 Cimolia,
2087 4105 2220 4155 Chia
2240 4119 2335 4153 seu
2355 4104 2546 4166 Samia,
2570 4119 2681 4168 qua

1599 4185 1884 4237 utebantur
1924 4182 2152 4234 foeminae
2193 4181 2258 4232 ad
2294 4180 2457 4232 cutim
2495 4195 2681 4230 eruen-

1601 4263 1844 4314 dandam.
