2985 4937
654 477 732 525 Μ.
780 472 956 525 VAL.
1006 471 1428 524 MARTIAms
1478 472 1728 521 EPIGR·
1778 470 1922 520 Lm.
1960 469 2121 520 vlu.

294 619 643 686 spectaculum
672 619 963 671 adduxerat
977 619 1312 671 Domitianus
1332 634 1349 682 ς

2214 521 2221 527 .
2315 455 2489 524 1305

1426 617 1588 669 Docti
1607 618 1810 669 scilicet
1834 623 1990 683 atque
2011 616 2200 682 poiitae,
2218 622 2275 667 ut
2293 617 2392 681 Ep.
2410 619 2491 666 50.

293 713 322 748 a
350 713 447 762 qua
469 711 526 747 re
547 698 807 761 Martialis
829 698 971 747 illurn
995 690 1251 747 laudandi
1266 710 1352 747 oc·
1425 696 1522 746 lib.
1544 700 1594 745 9.
1619 702 1676 747 et
1699 696 1797 761 Ep.
1823 702 1873 746 5.
1898 695 1987 747 lib.
2010 701 2061 745 5.
2085 709 2217 746 vers.
2241 699 2290 745 1.
2314 702 2369 744 et
2389 694 2491 758 Ep.

295 775 550 824 casionem
567 774 778 839 arripit;
796 774 998 839 ipsique
1017 773 1247 835 Baccho,
1264 771 1352 837 qui

293 852 486 903 duabus
536 852 758 917 tigribus
802 851 1161 953 triumphavit,
1204 857 1353 901 ante·

293 929 534 994 ponendi.

357 1011 384 1055 1
420 1006 541 1056 Eois
586 1005 738 1071 aruis]
801 1004 1128 1071 Periphrasis
1183 1001 1354 1054 Indiae

297 1082 599 1135 Orientalis.
691 1082 1007 1147 Gangeticus]
1091 1081 1357 1132 Asiaticus

296 1158 486 1224 dictus,
512 1175 546 1209 a
567 1159 755 1225 Gange
788 1159 1112 1210 nobilissimo
1143 1157 1357 1209 flumine.

296 1235 451 1286 Asiae.
508 1235 808 1298 Gangeticas
843 1235 1054 1300 Raptor]
1122 1235 1359 1285 Venator

296 1310 455 1362 Indus
477 1326 584 1362 non
621 1313 773 1362 timet
805 1318 887 1363 tot
908 1312 1071 1377 tigres
1094 1310 1149 1361 in
1171 1310 1360 1362 Orien·

296 1388 834 1454 talibusregionibus,
854 1398 1002 1455 quot,
1024 1392 1123 1441 διο.

357 1471 392 1516 2
423 1465 657 1532 Hyrcano
677 1467 758 1531 qus·
769 1465 935 1530 sugit]
966 1467 1048 1516 Ex
1078 1464 1362 1532 Hyrcania.

298 1540 415 1605 Vel,
453 1554 559 1592 non
605 1541 832 1606 segniori
876 1555 1030 1607 quam
1076 1547 1199 1591 suut
1241 1541 1363 1605 equi

298 1617 559 1683 Hyr-canit
593 1617 700 1681 vel,
731 1618 787 1668 in
828 1616 1120 1682 Hyrcania,
1152 1616 1241 1667 ubi
1276 1630 1364 1666 ve·

297 1701 487 1745 uantur
517 1695 682 1760 tigres
704 1708 807 1745 non
830 1707 978 1744 secus
1001 1708 1063 1744 ac
1090 1694 1144 1743 in
1177 1691 1363 1743 India:

299 1770 434 1821 uude
466 1771 578 1835 legi
615 1776 811 1836 potest,
845 1774 896 1820 et
916 1769 1163 1835 Hyrcano.
1229 1766 1366 1819 Vide

213 1876 222 1885 ·
300 1847 476 1913 Epigr.
515 1851 601 1898 18.
631 1847 723 1899 lib.
756 1847 1002 1914 spectac.
1041 1846 1194 1897 Albus
1225 1845 1367 1910 equo]

299 1924 451 1976 Metu
476 1922 724 1991 pallidus.

361 2004 392 2050 3
430 2001 538 2052 Μ
560 2000 735 2064 mma,
756 1999 863 2066 θα]
895 1998 1063 2064 Supra
1094 1998 1370 2064 Epigram-

303 2083 439 2128 mate
464 2081 553 2129 11.
577 2091 718 2130 vers.
741 2083 789 2129 1.
857 2077 1161 2143 Germanice,
1191 2076 1370 2142 tigres]

305 2155 633 2222 Epigramm.
657 2158 706 2205 2.
728 2154 819 2205 lib.
840 2159 890 2204 5.
910 2168 1049 2206 vers.
1074 2158 1123 2204 7.

365 2235 398 2281 4
431 2231 676 2295 Delicias,
689 2229 796 2294 ξω]
829 2230 1146 2296 spectaculi.

291 2350 294 2353 .
367 2315 399 2358 5
441 2307 616 2359 Vincit
630 2308 930 2373 Erythram,
946 2306 1060 2375 &ml
1082 2308 1252 2358 Tuum
1268 2321 1373 2358 am-

306 2383 684 2448 phitheatrum,
705 2398 737 2434 o
753 2384 953 2448 Caesar,
965 2390 1179 2449 superat
1194 2384 1375 2435 trium·

309 2462 467 2527 phum
495 2460 697 2513 Bacchi
719 2459 928 2511 reducis
961 2475 1028 2511 ex
1050 2459 1225 2525 India,
1245 2460 1376 2511 Per·

309 2539 405 2602 sia,
423 2547 482 2589 et
496 2537 739 2587 litoribus
761 2536 926 2587 Rubri
942 2537 1105 2587 Maris
1119 2537 1270 2588 devie
1278 2537 1377 2587 tis.
1361 2553 1375 2568 ·

305 2616 451 2680 (vide
483 2614 811 2679 Epigramm.
840 2618 923 2665 37.
952 2613 1041 2664 lib.
1063 2617 1108 2664 5.
1132 2627 1267 2663 vers.
1303 2616 1380 2679 4.)

311 2705 540 2759 namque
556 2692 645 2741 ille
667 2690 1025 2754 triumphavit,
1040 2689 1247 2754 gemina
1265 2695 1380 2739 tan-

312 2775 421 2820 tum
442 2769 689 2819 invectus
709 2766 921 2832 tigride,
944 2774 1005 2817 tu
1023 2765 1278 2832 pluribus.

374 2848 544 2898 Eme.
567 2858 751 2895 xxvn.
774 2839 1084 2909 Captatores
1105 2848 1383 2893 testamen·

315 2928 491 2974 torum
531 2920 915 2972 insidiabantur
945 2919 1193 2970 divitibus
1230 2917 1384 2984 aegris

317 3006 374 3049 et
410 2997 661 3060 senibus3
709 2996 915 3063 illisque
953 3008 1172 3046 munera
1207 2995 1384 3045 mitte·

313 3077 462 3140 bant,
496 3083 560 3126 ut
591 3073 829 3125 heredes
859 3071 1234 3125 scriberentur.
1300 3072 1386 3122 De

314 3154 412 3206 bac
432 3151 627 3203 fraude
651 3157 833 3202 monet
860 3149 1096 3200 Gaurum
1117 3147 1306 3210 Poeta,
1328 3154 1388 3198 ut

324 3230 424 3282 sibi
464 3229 536 3281 ab
569 3226 860 3295 hujusmodi
890 3226 1155 3277 vulturum
1187 3225 1389 3276 insidiis

324 3313 532 3359 caveat.

386 3389 420 3435 2
454 3382 674 3448 Morere]
704 3382 815 3433 Ut
800 3397 853 3432 ιιι
875 3380 1011 3431 bona
1029 3385 1124 3431 tua
1142 3377 1393 3430 succedat

324 3461 652 3527 hoeredipeta
672 3461 792 3511 ille.
828 3459 1008 3524 Epigr.
1029 3463 1113 3508 63.
1132 3456 1223 3507 lib.
1240 3462 1290 3507 6.

392 3542 561 3590 Ειησ.
581 3550 790 3589 xxvux.
811 3537 892 3587 De
913 3534 1239 3585 Partheniana
1258 3531 1396 3597 toga]

328 3616 575 3684 Donatus
593 3629 628 3666 a
649 3613 953 3675 Parthenio,
975 3610 1224 3677 praefecto
1251 3610 1396 3660 cubi-

336 3694 442 3743 culi
465 3693 775 3754 Domitiani,
795 3690 957 3741 nobili
979 3696 1120 3753 toga,
1138 3687 1398 3738 Martialis

334 3770 472 3833 petit
485 3775 632 3819 tecte
649 3768 911 3817 meliorem
927 3766 1084 3816 etiam
1102 3766 1395 3815 lacernam·
1378 3798 1396 3826 ,

335 3845 528 3912 alioqui
549 3859 608 3895 se
628 3843 852 3896 ludibrio
874 3841 989 3893 fore
1012 3843 1226 3907 populo,
1242 3842 1285 3892 si
1306 3855 1401 3891 no·

332 3922 584 3973 bilissima
614 3920 1081 3985 candidissimaque
1114 3926 1241 3984 toga
1258 3919 1401 3971 ince-

344 3997 452 4065 dat,
472 4006 530 4050 et
550 3997 708 4048 vilem
731 3998 1017 4064 tritamque
1044 3998 1304 4047 lacernam
1322 4003 1401 4047 to-

343 4092 420 4141 gas
463 4091 617 4128 novoe
659 4076 880 4143 injiciat.
951 4076 1188 4127 Ruderus.
1259 4075 1403 4140 Toga

342 4155 535 4206 donata
552 4153 786 4204 Martiali
803 4152 1156 4215 aParthenio,
1177 4152 1266 4218 qui
1289 4151 1404 4204 Ce-

345 4233 447 4284 sari
462 4247 496 4283 a
513 4231 793 4293 cubiculis;
827 4230 1009 4294 Epigr.
1023 4234 1073 4281 6.
1093 4230 1186 4280 lib.
1210 4236 1261 4280 5.

407 4315 438 4360 1
475 4309 580 4359 Dic
597 4307 735 4371 toga]
769 4307 880 4356 Per
893 4305 1311 4371 prosopopeiam,
1327 4315 1405 4358 to·

347 4401 463 4453 gam
479 4386 778 4452 alloquitur.
830 4383 1048 4436 Facundi
1062 4388 1277 4450 gratans,
1299 4384 1406 4450 ξω]

1431 781 1478 827 1.
1502 776 1592 826 lib.
1615 780 1695 826 11.

1492 856 1526 902 2
1561 853 1682 902 Esse
1719 850 1853 914 velis,
1878 849 1982 914 esa]
2016 849 2062 899 Ε
2095 850 2258 915 cujati
2298 849 2494 899 vellere

1431 930 1522 979 es?
1575 929 1662 979 De
1685 928 2048 978 laudatissimis
2070 928 2202 977 lanae
2222 925 2498 992 generibus

1431 1006 1613 1073 Epigr.
1639 1010 1752 1056 155.
1776 1004 1870 1056 lib.
1897 1009 1978 1056 14.

1499 1086 1530 1132 3
1562 1081 1748 1147 Apula]
1804 1083 2091 1132 Enumerat
2132 1078 2500 1146 praestantissi-

1433 1174 1522 1209 ma
1562 1173 1755 1223 genera
1785 1159 2056 1222 vellerum,
2076 1158 2214 1206 inter
2247 1171 2364 1222 quae
2399 1154 2504 1220 pri-

1397 1288 1400 1291 ,
1433 1249 1576 1285 mum
1617 1233 1983 1296 Tarentinum,
2023 1233 2090 1283 de
2135 1247 2238 1299 quo
2281 1231 2372 1283 lib.
2417 1234 2501 1282 14.

1436 1311 1621 1377 Epigr.
1657 1315 1770 1361 155.
1823 1310 2031 1376 Apula?
2084 1309 2169 1360 Au
2198 1325 2230 1359 a
2257 1308 2502 1374 gregibus

1437 1390 1492 1441 in
1534 1389 1743 1454 pascuis
1771 1389 1982 1439 Tarenti
2014 1388 2068 1437 in
2099 1387 2312 1451 Apulia,
2346 1401 2502 1451 quam

1440 1464 1676 1516 condidit
1713 1465 1998 1515 Phalantus
2046 1463 2508 1514 Lacedaemonius?

1440 1543 1622 1607 Epigr.
1644 1545 1724 1592 38.
1748 1542 1783 1591 l.
1804 1546 1853 1592 5.
1877 1555 2013 1592 vers.
2033 1544 2084 1591 2.
2122 1540 2287 1590 Ledoei
2309 1539 2423 1603 tibi]
2459 1540 2508 1589 E

1441 1617 1841 1679 Lacedaemoue,
1873 1619 2014 1667 clara
2048 1615 2331 1667 concubitu
2359 1615 2507 1667 Jovis

1443 1699 1500 1744 et
1548 1693 1728 1758 Ledae,
1782 1694 2044 1759 Ledaeque
2104 1692 2261 1742 natis.
2319 1692 2510 1742 Floruit

1442 1769 1611 1834 herba]
1644 1771 1813 1823 Quam
1846 1785 1968 1820 oves
1990 1769 2287 1819 Tarentinae
2320 1766 2510 1832 depas-

1445 1853 1517 1897 toe
1562 1852 1700 1896 sunt.
1750 1845 2006 1912 Phalanti]
2035 1843 2329 1895 Tarentiuae
2364 1842 2510 1893 urbis
2545 1867 2548 1870 ·

1446 1923 1748 1975 conditoris.

1509 2004 1541 2050 4
1580 2001 1688 2057 Qua
1707 2000 2005 2063 saturanda:
1939 1997 2045 2063 qua]
2080 1997 2198 2050 Qua
2230 1996 2449 2047 Galesus
2481 2009 2514 2045 a

1446 2075 1684 2128 Calabris
1697 2083 1842 2126 ortus
1858 2076 2041 2140 irrigat
2054 2076 2210 2126 culta.
2228 2073 2411 2139 Epigr.
2428 2076 2513 2122 38.

1446 2155 1540 2208 lib.
1562 2160 1611 2206 5.
1634 2169 1772 2207 vers.
1794 2159 1846 2204 2.
2429 2181 2433 2186 -

1513 2237 1545 2281 5
1578 2231 1660 2282 Aa
1682 2230 2026 2294 Tartessiacas]
2060 2230 2142 2281 Au
2162 2244 2227 2280 ex
2243 2182 2519 2294 Hispania,

1447 2308 1540 2360 ubi
1564 2306 1795 2358 Tartessi
1815 2304 1944 2359 fluv.
1966 2322 2083 2372 quoe
2101 2314 2156 2357 et
2179 2306 2361 2369 Baetis,
2382 2319 2518 2370 aqua

1451 2391 1614 2451 epota
1639 2384 1802 2434 vestit
1839 2397 1960 2434 oves
1994 2382 2154 2434 nobili
2179 2382 2326 2432 lana?
2360 2381 2521 2432 Juve-

1450 2463 1558 2514 nal.
1591 2463 1765 2526 Satyr.
1797 2464 1880 2512 12.
1902 2458 2038 2511 vers.
2068 2462 2151 2510 41.
2213 2457 2404 2509 Stabuli
2433 2466 2522 2507 nu·

1450 2537 1621 2602 tritor]
1655 2536 1885 2601 Flavius,
1917 2536 2007 2603 qui
2045 2535 2240 2604 bibitur
2275 2533 2522 2600 Hispanis

1453 2616 1666 2731 ‘'vib'ffv'·
1687 2685 1773 2731 ena
1792 2676 2101 2745 massaum]
2120 2674 2215 2727 Aa
2239 2674 2306 2726 ab
2326 2673 2527 2737 Altino,

1431 2758 1617 2823 ,nobili
1656 2755 1837 2807 ovibus
1879 2761 1936 2805 et
1970 2755 2111 2815 lana,
2151 2765 2317 2817 prope
2352 2750 2526 2801 Tima-

1456 2850 1577 2886 vum
1610 2833 1788 2884 multis
1830 2830 1981 2882 ostiis
2013 2830 2068 2880 iu
2102 2829 2255 2879 Mare
2292 2824 2529 2877 Adriati-

1458 2927 1578 2963 cum
1599 2908 1942 2961 influentem?
1976 2914 2036 2958 ut
2058 2905 2235 2971 Epigr.
2257 2907 2340 2955 25.
2360 2902 2451 2953 lib.
2471 2905 2526 2953 4.

1453 3003 1594 3042 avers.
1636 2995 1686 3040 5.
1763 2983 2067 3046 Nummvit,
2107 2980 2216 3046 ξω]
2287 2979 2491 3030 Patbos
2510 2994 2528 3030 t

1452 3067 1609 3134 quasi
1628 3067 1752 3116 lana
1780 3071 1873 3113 aut
1904 3061 2017 3112 ovis
2049 3067 2222 3111 nosset
2255 3069 2529 3108 numerum

1460 3144 1713 3195 ostiorum
1752 3138 1973 3204 Timavi,
1996 3137 2172 3188 sintne
2210 3139 2419 3201 septem
2464 3146 2534 3183 au

1460 3234 1666 3271 novem.

1530 3303 1562 3347 8
1598 3297 1751 3354 Quem
1790 3295 1945 3358 prius,
1969 3290 2080 3356 ξω]
2135 3289 2373 3379 Cyllarus
2419 3284 2534 3353 qui·

1466 3375 1586 3426 dam
1624 3372 1771 3423 vexit
1811 3370 2051 3432 Castora,
2086 3366 2175 3432 qui
2208 3378 2328 3416 cum
2361 3362 2533 3427 Argo·

1467 3450 1639 3503 nautis
1700 3449 1971 3498 Timavum
2039 3440 2418 3509 praetervexitz
2475 3444 2536 3489 ut

1470 3528 1654 3593 Epigr.
1681 3530 1765 3576 25.
1799 3522 1890 3574 lib.
1921 3526 1973 3572 4.
2006 3530 2166 3586 atque
2196 3519 2315 3584 ipse
2347 3518 2536 3568 Castor

1471 3607 1526 3656 in
1548 3604 1695 3655 sidus
1717 3602 1913 3652 relatus
1935 3605 2034 3650 est.
2101 3597 2232 3646 Cum
2249 3608 2374 3645 vero
2388 3592 2537 3643 dicat

1473 3679 1754 3732 ‘astrifero
1788 3676 1912 3741 ore,'
1950 3674 2126 3725 malim
2163 3672 2232 3722 de
2266 3671 2384 3735 ipso
2417 3669 2538 3734 Cyl·

1472 3761 1584 3810 laro
1607 3758 1662 3808 iu
1686 3762 1883 3807 astrum
1904 3765 2056 3803 verso
2085 3749 2398 3813 intelligere..
2446 3747 2540 3795 Su-

1474 3853 1573 3904 pra
1592 3836 1775 3899 Epigr.
1795 3836 1880 3882 21.
1900 3843 2038 3880 vers.
2060 3832 2110 3877 5.

1539 3920 1573 3966 9
1609 3914 1674 3965 Te
1692 3926 1778 3961 uec
1796 3906 2035 3972 Amyclae
2054 3899 2234 3964 decuit]
2270 3885 2420 3950 Adeo
2449 3915 2540 3951 ex·

1473 3994 1599 4045 imie
1615 3986 1840 4042 candida
1854 3999 1930 4048 es,
1948 3987 2009 4032 ut
2026 3994 2127 4031 non
2145 3993 2285 4029 esses
2304 3976 2541 4028 inficien

1475 4071 1548 4123 da
1577 4076 1811 4135 purpura
1833 4055 2234 4112 Lacedaemonia
2265 4068 2362 4105 nec
2389 4055 2543 4105 Mile-

1476 4149 1572 4200 sia.
1633 4141 1855 4205 Amycle
1876 4141 2051 4185 autem
2086 4130 2326 4183 Laconioe
2358 4129 2543 4181 civitas

1579 4221 1845 4276 :Miletus
1866 4212 2032 4264 Ionioe
2063 4211 2118 4261 iu
2137 4208 2286 4260 Asia.
2340 4206 2541 4270 ssvere]

1477 4233 1651 4358 Sutcco
1673 4294 1852 4347 imbui.
1872 4288 2111 4355 Metapb.

1546 4383 1610 4432 10
1644 4368 1868 4433 Miletus]
1896 4365 2164 4432 Oppidum
2190 4361 2353 4425 Asiae,
2370 4360 2421 4411 in
2441 4372 2545 4425 quo

1886 4519 1911 4555 J
