2985 4937
655 406 732 452 M.
780 406 953 453 VAL.
1003 405 1423 453 MARTlAms

295 550 370 594 tor
401 544 707 611 nuntiusque
740 546 811 596 sit
842 546 1111 612 triumphi,
1136 551 1194 597 et
1215 560 1337 597 mox

294 620 470 672 veniat.
505 623 632 673 Rau.

351 702 375 747 l
424 699 758 764 Hyperboreis,
793 701 896 765 ssa]
978 700 1025 752 A
1070 701 1341 765 Sarmatis,

296 773 370 838 qui
389 773 739 839 Septentrioui
762 776 986 828 finitimi.

337 847 377 900 '2
409 851 639 903 Ausonias
684 855 871 917 Coesar,
901 854 1009 920 Spa]
1062 855 1242 918 Italas,
1272 855 1339 906 ab

293 925 503 993 Ausone,
524 931 727 996 Ulyssis
746 939 803 982 et
824 933 1077 997 Calypsus
1098 932 1224 983 filio.

346 1009 373 1054 3
409 1006 577 1056 Certus
618 1008 750 1058 abest
796 1009 987 1073 auctor]
1052 1007 1343 1059 Auctorem

290 1091 478 1134 certum
521 1101 625 1136 non
670 1087 949 1150 habemus;
983 1086 1124 1137 fama
1166 1094 1341 1137 tamen

292 1170 520 1212 constans
554 1172 655 1226 est,
686 1172 742 1215 et
776 1163 929 1215 famae
963 1163 1123 1215 fidem
1151 1163 1341 1216 habere

290 1238 442 1290 lubet.

343 1322 371 1365 ⁵
403 1317 625 1382 Publica]
674 1318 731 1368 Si
769 1319 963 1369 litterae
982 1319 1198 1368 Romam
1220 1320 1340 1369 mis·

286 1410 351 1445 sae
391 1402 650 1446 testantur
700 1405 976 1447 venturum
1026 1396 1341 1460 principem,

284 1473 397 1537 quid
440 1479 518 1523 est
550 1474 690 1539 quod
728 1474 895 1537 dicat,
926 1474 943 1503 ‘
966 1474 1155 1524 Certus
1187 1473 1340 1524 abest

282 1547 497 1600 auctor?
563 1551 795 1600 Litteras
819 1549 1054 1613 intellige
1077 1544 1255 1600 missas
1272 1549 1340 1599 de

283 1627 490 1678 victoria
522 1628 747 1678 Caesaris
781 1627 1027 1676 adversus
1062 1627 1345 1689 Sarmatas,

282 1717 374 1752 non
412 1704 477 1753 de
510 1704 775 1754 adventu:
815 1717 1127 1768 quamquam
1167 1701 1342 1752 Poeta

287 1791 420 1832 recte
443 1783 706 1846 conjiciat,
744 1789 1019 1831 venturum
1046 1780 1342 1845 principem

284 1856 414 1908 bello
458 1864 693 1924 patrato,
739 1863 1045 1922 argumento
1084 1870 1117 1905 a
1147 1855 1345 1906 littera·

283 1947 384 1982 rum
409 1936 707 1985 testimonio
732 1935 908 1984 ducto.
982 1933 1212 1983 Victrices
1248 1938 1342 1982 tes-

282 2013 582 2077 tantur-,fifcfl
623 2013 893 2062 Laureatae
932 2010 1121 2073 literae,
1152 2009 1218 2060 ad
1252 2010 1345 2060 Se-

282 2095 448 2138 natum
467 2091 656 2152 missae,
682 2088 914 2139 victoriae
934 2086 1146 2136 iudices.

339 2170 370 2214 6
399 2168 689 2229 Laurigeru,
705 2164 811 2229 ἄγα]
847 2165 966 2213 Pila
987 2171 1044 2214 et
1063 2163 1230 2213 hastae
1253 2162 1344 2212 mi-

279 2239 420 2291 litum
463 2242 740 2293 victoriam
786 2247 1050 2292 testantur
1089 2241 1343 2291 laureata.

280 2317 440 2370 Lauro
478 2320 619 2369 enim
658 2326 715 2369 et
749 2317 1019 2368 frondibus
1063 2314 1216 2366 festis
1261 2332 1341 2367 or-

279 2395 526 2446 nabantur
546 2397 656 2460 pila
678 2395 730 2444 ἐν
750 2399 1073 2460 κατορθώμασι
1092 2392 1171 2444 καὶ
1182 2393 1342 2445 νίκαις.

281 2473 413 2531 Plin.
435 2476 526 2527 lib.
562 2480 647 2526 35.
682 2490 798 2539 cap.
824 2476 921 2525 ult.
958 2477 974 2502 ⁴
997 2473 1125 2538 Ipsa
1144 2472 1343 2537 pacife-

280 2564 338 2599 ra
373 2551 571 2615 [laurus
591 2551 749 2615 scil.],
796 2558 859 2600 ut
894 2564 1049 2615 quam
1085 2549 1343 2614 praetendi

281 2626 428 2677 etiam
453 2628 595 2678 iuter
612 2625 1046 2691 armatos‘hostes,
1058 2626 1250 2691 quietis
1274 2626 1346 2674 sit

278 2702 534 2755 indicium.
564 2705 815 2754 Romanis
838 2705 1121 2769 praecipuae
1143 2703 1345 2754 laetitiae

282 2782 718 2848 victoriarumque
739 2782 931 2831 nuncia
960 2780 1171 2831 additur
1201 2781 1344 2831 litte·-

282 2858 367 2920 ris,
436 2867 493 2910 et
549 2858 776 2907 militum
832 2856 1025 2906 lanceis
1087 2855 1345 2921 pilisque.’

267 2934 451 2994 ⁴Quare
476 2949 506 2983 e
536 2936 771 2984 Romano
804 2947 944 2983 more
965 2933 1170 2983 Seneca
1200 2934 1252 2982 iu
1276 2932 1348 2983 A·

284 3026 656 3075 gamemnone:
706 3011 849 3061 ‘Sed
877 3026 1005 3060 ecce
1044 3018 1190 3061 vasto
1225 3025 1347 3060 con-

283 3089 411 3138 citus
433 3089 586 3138 miles
609 3088 772 3151 gradu
791 3085 1079 3138 Manifesta
1095 3094 1350 3151 properat

282 3162 421 3227 signa
450 3163 653 3215 laetitiae
679 3177 895 3227 gerens:
935 3162 1173 3227 Namque
1204 3163 1350 3211 hasta

283 3255 473 3290 summo
509 3242 738 3291 lauream
762 3238 904 3289 ferro
926 3238 1099 3303 gerit.’
1144 3237 1373 3288 Herum(

342 3325 373 3370 7
407 3322 484 3385 Io,
518 3336 716 3384 magnos
748 3324 938 3384 clamat,
964 3320 1068 3384 ssa]
1117 3320 1237 3369 Vox
1258 3321 1350 3369 tri-

283 3401 456 3464 umphi
480 3401 727 3450 solennis.
749 3402 765 3429 ‘
786 3400 930 3464 Ipse,
951 3412 1136 3463 gerens
1155 3398 1351 3462 laurus,

283 3477 426 3529 lauro
499 3478 771 3528 devinctus
837 3476 1029 3539 agresti
1082 3476 1240 3525 Miles
1289 3476 1351 3525 Io

284 3568 466 3620 magna
490 3568 621 3604 voce
654 3553 915 3618 triumphe
937 3559 1092 3603 canet
1114 3552 1146 3601 ε’
1176 3551 1351 3601 Tibul.

283 3630 374 3680 lib.
394 3635 441 3681 2.
464 3637 515 3680 5.

346 3713 377 3756 8
411 3706 739 3771 Invictusque]
770 3706 991 3757 Vocaris
1010 3707 1122 3771 jam
1154 3704 1212 3755 e't
1233 3719 1350 3770 pro-

285 3782 520 3833 clamatis
542 3798 572 3833 a
596 3789 709 3834 toto
739 3784 955 3848 populo,
989 3784 1225 3832 Invictus
1248 3783 1352 3831 Im-

287 3869 512 3921 perator.
582 3861 682 3910 Est
719 3861 856 3910 enim
889 3861 989 3910 hoc
1016 3860 1228 3910 solenne
1248 3859 1351 3907 Im-

288 3945 585 4000 peratorum
619 3939 864 4003 elogium,
896 3943 958 3988 ut
998 3936 1240 3987 dicantur
1263 3935 1350 3984 Iu·

288 4015 543 4078 victi,&c.
578 4017 706 4065 Rud.
1188 4051 1193 4062 .

349 4095 381 4139 9
412 4091 512 4141 Sed
532 4092 639 4153 jam
658 4090 865 4154 laetitiae]
918 4090 1042 4154 Sed,
1062 4096 1119 4140 ut
1144 4089 1356 4154 explea-

291 4173 373 4217 tur
387 4168 570 4232 populi
581 4167 894 4218 desiderium
904 4175 960 4218 et
968 4168 1228 4233 gaudium,
1240 4182 1356 4234 pro-

292 4255 418 4304 pera
435 4246 490 4293 in
527 4245 725 4308 urbem,
750 4252 806 4295 et
835 4246 951 4310 ipse
989 4246 1207 4296 nuncius
1242 4250 1355 4294 esto

292 4325 394 4371 tuae
417 4322 671 4373 victoriae.

2308 391 2476 458 1277

1478 552 1542 598 1⁰
1577 548 1796 599 Nune-im
1835 548 1938 614 ipse
1978 548 2110 614 veui]
2163 550 2242 599 'Pu
2273 548 2409 614 ipse,
2447 564 2479 599 o

1413 626 1619 677 Domit.

1478 703 1639 753 Eme.
1664 717 1767 753 vn.
1833 702 2212 767 Argumentum
2246 701 2314 751 de
2345 702 2483 752 desiss·

1414 778 1558 831 derio
1602 789 1659 832 et
1703 796 1876 832 amore
1917 797 2040 846 pop.
2097 781 2319 831 Romani
2361 796 2484 845 erga

1413 857 1712 922 Principem
1758 859 2043 909 absentem.
2111 859 2273 911 Quasi
2308 857 2478 907 dicat:

1414 935 1662 987 Quamvis
1685 936 1863 1000 procul
1886 936 1951 986 ab
1969 935 2100 985 urbe
2121 935 2175 984 in
2197 934 2395 983 hostico
2414 933 2482 983 ad

1414 1013 1822 1075 septentrionem
1843 1012 2033 1077 degas3
2070 1020 2244 1062 tamen
2268 1026 2324 1061 es
2348 1025 2481 1075 prae-

1413 1101 1534 1137 sens
1554 1089 1735 1138 animis
1758 1097 1814 1139 et
1834 1089 1971 1139 votis
1993 1088 2199 1140 nostris.
2239 1090 2415 1138 Rader.

1480 1168 1508 1213 1
1543 1166 1781 1230 Hiberna,
1819 1167 1924 1231 θα]
1973 1166 2225 1219 Quamvis
2264 1174 2316 1215 te
2349 1165 2484 1215 deti-

1478 406 1720 453 EPlGR.
1770 407 1914 454 1213.
1961 405 2093 453 vll.

1411 1249 1575 1292 neaut
1597 1259 1628 1292 a
1649 1244 1798 1294 nobis
1822 1244 1960 1296 bella
1981 1245 2033 1293 in
2053 1243 2351 1308 regionibus
2367 1258 2484 1309 sep·

1410 1322 1831 1373 tentrionalibus.
1868 1321 2049 1385 Rudis]
2067 1320 2288 1383 Rudem,
2306 1318 2487 1383 credo,

1413 1405 1564 1448 vocat
1615 1414 1646 1447 a
1685 1399 1916 1449 barbarie
1947 1398 2315 1448 Peucinorum.
2381 1395 2484 1446 Ar·
2522 1420 2527 1421 ff

1412 1475 1587 1525 rianus
1609 1476 1701 1526 lib.
1726 1481 1773 1527 l.
1813 1484 1870 1527 et
1893 1476 2063 1533 Poeta
2089 1473 2243 1526 infra.
2308 1473 2486 1538 Peuce]

1413 1551 1592 1603 Insula
1614 1553 1678 1603 ad
1705 1554 1928 1618 primum
1952 1552 2078 1602 Istri
2102 1551 2308 1602 ostium.

1479 1634 1512 1679 2
1553 1631 1849 1692 ngularum
1876 1627 2114 1694 pulsibus]
2162 1628 2324 1691 Cujus
2360 1627 2484 1676 ‘un-

1414 1707 1507 1757 das
1547 1708 1763 1772 Frigore
1799 1715 2070 1758 concretas
2098 1706 2291 1770 ungula
2314 1706 2489 1769 pulsat

1415 1784 1538 1850 equi
1556 1783 1591 1836 :'
1627 1784 1784 1836 Ovid.
1805 1790 1855 1835 3.
1882 1785 2038 1834 Trist.
2060 1784 2212 1847 Eleg.
2236 1785 2319 1831 10.
2391 1782 2485 1831 Ca-

1413 1862 1539 1929 lene]
1562 1862 1778 1913 Poetica
1792 1861 2099 1927 hyperbole.
2165 1860 2362 1908 Locum
2384 1856 2487 1907 fre·

1416 1946 1718 2005 quentatum
1743 1948 1893 1989 sonat
1911 1954 2014 1988 vox
2037 1939 2053 1967 ‘
2073 1934 2258 1991 caleo!

1481 2020 1513 2066 3
1553 2016 1868 2081 Fractusque]
1937 2018 2007 2065 Et
2063 2012 2235 2064 Rheni
2290 2012 2486 2061 accolae

1418 2093 1692 2157 Germani,
1715 2094 1923 2155 Batavi,
1955 2100 2011 2144 et
2034 2092 2182 2161 Catti
2206 2090 2490 2141 tribusex·
2584 2110 2593 2113 -

1418 2170 1772 2234 peditionibus
1819 2171 1963 2221 victi.
2045 2172 2205 2231 Cornu
2223 2167 2347 2231 jann,
2377 2165 2488 2229 ξω]

1417 2244 1625 2297 Alludit
1647 2246 1712 2296 ad
1733 2245 2006 2297 fluviorum
2029 2260 2240 2296 cornua.
2304 2243 2489 2293 AElian.

1418 2324 1593 2388 capite
1618 2329 1702 2376 88.
1724 2324 1858 2374 libro
1878 2329 1929 2376 2.
1945 2324 2149 2373 Variar.
2171 2321 2455 2371 Historiar.

1480 2405 1515 2451 4
1553 2402 1756 2466 Teneat]
1811 2401 2082 2463 Quamvis,
2120 2416 2151 2450 o
2192 2399 2388 2461 Caesar,
2414 2397 2489 2447 ibi

1420 2487 1712 2545 occupatus
1749 2481 1817 2530 sis
1851 2487 1907 2531 et
1940 2479 2212 2529 detineare
2249 2478 2301 2526 in
2341 2475 2487 2525 coer-

1419 2556 1601 2607 cendis
1618 2557 1914 2607 rebellibus.
1960 2555 2167 2621 Pevfidoe
2184 2551 2368 2616 gentis]
2386 2552 2489 2601 Re·

1421 2632 1572 2683 bellis
1585 2640 1642 2684 et
1663 2633 2003 2684 contumacis.

1484 2716 1519 2759 6
1551 2710 1726 2760 Abesse
1746 2711 1936 2774 nostris,
1952 2708 2063 2773 εμπ]
2096 2705 2296 2756 Animis
2314 2709 2491 2754 tamen

1422 2792 1478 2835 et
1499 2786 1638 2836 votis
1663 2794 1716 2835 te
1742 2786 2123 2850 consequimur.

1486 2867 1520 2912 8
1551 2864 1773 2927 Adeoque
1793 2861 1995 2925 mentes]
2014 2861 2101 2911 Ita
2117 2873 2314 2920 omnes,
2333 2872 2491 2924 quum

1423 2939 1621 3005 aliquid
1656 2946 1916 3004 narratur,
1938 2940 2022 2989 vel
2043 2940 2112 2989 de
2151 2936 2389 3000 victoria,
2412 2937 2494 2986 vel

1424 3020 1492 3070 de
1516 3019 1746 3069 adventu
1763 3025 1872 3081 tuo,
1887 3018 2070 3067 animis
2088 3021 2143 3066 et
2163 3015 2328 3065 oculis
2347 3028 2495 3064 aver·

1423 3103 1611 3147 tuntur
1633 3112 1663 3146 a
1684 3096 2021 3161 spectaculis,
2043 3101 2104 3144 ut
2136 3107 2288 3142 nemo
2313 3092 2494 3142 adver-

1423 3180 1508 3225 tat
1529 3174 1775 3239 quidillic
1799 3180 1999 3238 agatur.
2036 3173 2166 3222 Rad.

1488 3255 1523 3299 9
1563 3251 1631 3300 Ut
1671 3251 1777 3315 ipsa
1811 3250 1995 3312 magni,
2027 3248 2136 3313 δῖα]
2176 3248 2252 3297 Ut
2288 3253 2492 3296 mentes

1424 3334 1638 3390 nostrae,
1674 3327 1933 3393 quondam
1972 3324 2306 3376 Circensibus
2360 3321 2496 3371 ludis

1424 3410 1666 3467 atteutae,
1696 3404 1810 3468 jam
1872 3403 1973 3454 tibi
2018 3402 2365 3466 peregrinatae
2404 3409 2501 3448 ne·

1425 3480 1597 3531 sciant
1621 3480 1747 3546 quid
1779 3481 1832 3530 in
1856 3482 1997 3531 circo
2020 3486 2218 3541 agatur.

1492 3561 1556 3606 10
1594 3556 1900 3620 Passerinus]
1937 3556 2136 3619 Equus.
2161 3554 2343 3604 Habet
2360 3552 2496 3602 enim

1427 3633 1610 3685 tabula
1647 3648 1896 3699 equorum
1956 3632 2301 3693 Circensium,
2354 3628 2496 3692 apud

1430 3710 1780 3775 onuphrium,
1820 3723 2007 3759 nomen
2050 3705 2337 3767 Passerini,
2374 3702 2495 3767 equi

1428 3788 1704 3839 Circensis.
1772 3787 2074 3852 Legendum
2098 3788 2279 3834 censet
2298 3781 2497 3831 Salma-

1429 3866 1534 3915 sius
1556 3882 1570 3914 ι
1611 3866 1677 3914 Ut
1699 3863 1840 3913 turba
1860 3861 2024 3923 magni
2043 3874 2165 3923 soepe
2183 3857 2363 3907 nesciat
2384 3857 2494 3905 Cir-

1429 3944 1476 3991 ci
1497 3943 1727 3991 Utrumne
1744 3945 1906 3991 currat
1923 3937 2210 3988 Passerinus
2229 3951 2292 3984 an
2312 3934 2498 3996 Tigris.

1430 4019 1700 4068 Passer-ini
1735 4025 1793 4067 et
1826 4015 2046 4077 Tigridis
2071 4011 2384 4075 nominibus,
2409 4012 2496 4076 qui

1431 4094 1487 4144 in
1526 4094 1617 4143 illa
1638 4099 1796 4143 aetate
1820 4092 1939 4156 equi
1970 4088 2182 4138 fuerunt
2217 4087 2495 4138 celeberri-

1432 4171 1523 4234 mi,
1562 4170 1689 4219 duas
1737 4167 2013 4234 quadrigas
2052 4161 2274 4228 intelligi
2306 4162 2498 4213 debere

1434 4254 1633 4299 certum
1659 4254 1759 4309 est,
1776 4246 1832 4295 in
1850 4244 2036 4310 quibus
2058 4241 2177 4306 equi
2197 4241 2270 4290 illi
2296 4238 2498 4289 funales

1434 4324 1629 4374 sinistri
1651 4328 1820 4374 eraut.
1888 4321 2007 4371 Non
2023 4334 2146 4371 vero
2158 4318 2234 4369 illi
2250 4316 2371 4383 equi
2393 4316 2496 4366 sin-
