2985 4937
503 401 678 469 1354

504 561 572 614 ad
610 570 665 613 te
693 588 696 591 >
707 562 954 628 pertinet.
1028 563 1194 614 Mean
1231 562 1327 627 est]
1379 562 1558 614 Vitam

502 653 671 689 meam
693 646 920 705 spectat,
938 654 1105 691 mores
1118 654 1261 691 meos
1283 639 1492 690 format.

568 720 602 766 9
634 717 745 767 Non
764 717 842 766 hic
862 717 1143 775 Centauros,
1161 716 1271 781 ξω]
1303 717 1455 767 Meus
1475 715 1559 766 bic

1194 415 1407 468 No‘rAE
1456 418 1792 469 vanlonu
1809 422 1859 467 Μ
1909 421 1990 469 ΙΝ

1635 570 1749 615 tro:
1785 564 1850 616 ab
1890 565 2037 617 Orco
2080 565 2167 617 vel
2203 562 2354 630 ὅμως.
2388 563 2528 617 Vide
2565 564 2690 617 coel.

1634 640 1801 692 Rbod.
1823 640 1916 692 lib.
1938 644 2018 692 1⁰.
2040 655 2158 706 cap.
2183 645 2262 694 18.

1704 720 1763 767 11
1798 716 2007 782 Diesque
2042 718 2232 782 tarano]
2284 718 2499 782 Mortis,
2543 733 2695 783 quam

504 794 637 845 liber
658 807 760 843 nou
795 793 997 846 fabulas
1014 793 1216 844 nubilas
1236 801 1292 843 et
1312 799 1562 842 monstro·
1630 792 1745 857 jam
1768 793 1959 844 dudum
1980 794 2115 844 votis
2147 796 2446 860 expetebat.
2512 795 2699 845 Sentiat
2746 818 2753 823 ·

502 886 584 923 sas
607 871 799 937 garrit:
835 871 926 921 sed
965 871 1120 922 vitam
1150 869 1426 921 humanam
1449 882 1562 919 cor·

499 949 627 1015 tigit
642 955 699 999 et
712 949 954 1001 instituit.

570 1030 633 1075 12
665 1026 824 1088 Legna
860 1025 986 1075 aim
1007 1024 1310 1088 Callimachi]
1342 1024 1564 1076 Ironice.

504 1101 849 1153 Callimachus
873 1110 1044 1153 antem
1062 1101 1275 1165 scripsit
1292 1101 1476 1150 librum
1497 1100 1565 1150 de

506 1179 832 1244 Originibus,
852 1180 1050 1241 Causis,
1073 1187 1130 1230 et
1152 1179 1361 1230 Ritibus
1381 1180 1565 1231 Sacro·

505 1273 811 1323 rum,quem
847 1258 1121 1320 inscripsit
1140 1256 1210 1307 Τὰ
1241 1256 1395 1308 Atria.
1427 1256 1564 1309 Vide

504 1333 637 1384 Coel.
659 1333 885 1397 Rhodig.
903 1333 999 1385 lib.
1024 1338 1106 1385 12.
1127 1347 1244 1397 cap.
1268 1337 1315 1382 1.
1345 1332 1565 1397 Gyrald.

504 1409 715 1474 Dialog.
732 1413 780 1459 3.
800 1410 944 1461 Hist.
963 1410 1341 1462 JaniParrbas.
1359 1408 1564 1463 Variar.

487 1485 701 1549 ‚Annon
719 1486 1016 1537 Obscurum
1048 1487 1177 1538 illud
1211 1494 1268 1537 et
1303 1500 1564 1537 morosum

502 1576 633 1626 opus
655 1563 896 1615 historias
919 1563 988 1615 ab
1008 1565 1148 1616 omni
1168 1563 1467 1628 cognitione
1483 1577 1563 1613 re·

501 1646 669 1691 motas
691 1641 979 1704 continens,
996 1640 1135 1708 quod
1152 1641 1459 1706 Propertius
1473 1640 1564 1694 lib.

500 1719 551 1766 2.
590 1722 747 1767 vocat
793 1719 811 1746 ‘
829 1718 1029 1768 somnia
1065 1716 1409 1780 Callimacbi,’
1443 1717 1566 1782 quia

499 1790 758 1857 scripturo
789 1793 889 1844 sibi
926 1792 1080 1847 finxit
1101 1806 1198 1857 per
1219 1807 1455 1843 somnum
1476 1792 1565 1843 ad·

497 1868 658 1921 fuisse
679 1869 882 1919 Musas.
945 1870 1084 1919 Vide
1102 1869 1386 1935 Antholog.
1409 1870 1502 1919 lib.
1520 1875 1565 1920 1.

498 1959 614 2010 cap.
636 1949 722 1996 67.
743 1951 801 1994 et
821 1944 914 1995 lib.
937 1949 988 1995 3.
1013 1960 1135 2010 cap.
1157 1949 1242 1996 25.
1265 1943 1330 1996 εἷς
1349 1943 1563 2007 ποιητάς.

499 2019 735 2072 Turneb.
748 2020 845 2072 lib.
860 2024 944 2071 30.
962 2019 1190 2072 Advers.
1211 2035 1330 2086 cap.
1352 2026 1436 2073 30.

564 2097 733 2149 Eme.
751 2111 803 2148 v.
847 2097 1004 2148 Diras
1032 2111 1210 2148 omnes
1246 2099 1566 2163 imprecatur

499 2171 775 2236 impostori
804 2179 858 2224 et
879 2173 1238 2241 sycophantae,
1259 2175 1348 2241 qui
1379 2175 1565 2226 Marti-

502 2249 599 2300 alis
617 2250 823 2301 nomine
859 2249 1110 2316 vulgabat
1145 2250 1429 2301 maledicos
1448 2265 1563 2303 ver·

498 2338 604 2388 sus,
621 2326 676 2377 in
696 2327 863 2377 claros
883 2326 1022 2377 viros
1039 2332 1422 2394 matronasque.

519 2394 524 2399 ⁵
565 2407 593 2455 1
627 2401 855 2467 Stoloeve]
923 2403 1304 2467 Matrouarum,
1350 2418 1564 2471 quarum

495 2486 578 2532 est
598 2482 749 2534 stola.
812 2482 1106 2548 Pur-parone
1126 2483 1439 2548 contemptor]
1473 2484 1564 2533 Se-

498 2564 759 2623 natorum,
778 2565 988 2623 patrum
1011 2565 1434 2623 purpuratorum.

560 2639 593 2685 2
625 2635 778 2685 Laesit
802 2635 949 2699 impio
972 2636 1133 2700 versu]
1173 2636 1345 2701 Supra
1376 2637 1564 2704 Epigr.

496 2717 548 2766 3.
564 2705 644 2763 vs.
667 2718 717 2764 5.
738 2721 793 2764 et
808 2714 990 2778 Epigr.
1011 2718 1093 2765 11.
1117 2714 1250 2764 libro
1272 2719 1320 2766 7.

559 2794 592 2839 3
626 2790 800 2853 Μ]
846 2790 1139 2856 Redigatur
1173 2790 1240 2843 ad
1276 2797 1563 2844 extremam

493 2864 914 2917 mendicitatem:
954 2866 1094 2916 ultra
1114 2864 1351 2933 infraque
1380 2866 1564 2917 vilissi-

491 2954 634 3000 mam
670 2940 1160 2993 mendicabulorum·
1197 2942 1565 3006 conditionem,

386 3067 393 3075 ,
494 3017 583 3067 cui
612 3031 714 3068 nec
738 3016 890 3070 sedes
909 3032 1007 3070 nec
1040 3018 1189 3084 stipis
1211 3033 1332 3085 spes
1354 3019 1408 3071 in
1431 3035 1561 3083 pon·

499 3092 659 3144 tibus.

556 3173 591 3219 4
623 3169 913 3234 Rogotores]
943 3171 1238 3223 Mendicos.

559 3251 591 3296 5
625 3247 841 3298 caninas
855 3248 1013 3313 panis,
1043 3247 1154 3314 ξω]
1187 3247 1419 3299 Canibus
1444 3264 1561 3313 pro·

484 3321 763 3386 jiciendas,
799 3330 855 3373 ut
875 3338 989 3389 quae
1028 3325 1304 3390 genuinum
1338 3327 1561 3389 agitent.

492 3397 729 3462 [ηψπ-οὒτ’]
781 3399 964 3450 Multis
999 3402 1203 3454 miseris
1245 3404 1489 3466 precibus
1530 3419 1563 3457 a

493 3475 781 3526 viatoribus
805 3477 1019 3528 extorti.
1084 3477 1301 3564 Bacca-r]
1335 3479 1566 3545 Buccas,

489 3552 776 3620 buccellas.

554 3635 588 3682 6
620 3630 709 3680 Illi
723 3631 989 3683 December
1008 3632 1198 3697 longua]
1221 3633 1452 3699 Longam
1470 3648 1561 3685 ex-

491 3706 730 3769 periatur
751 3706 1027 3773 hyemem
1012 3724 1066 3759 m
1090 3711 1228 3759 cella
1248 3709 1461 3774 frigida.

554 3786 586 3843 1
622 3782 914 3847 eleususque
935 3783 1137 3849 fornix]
1171 3787 1277 3837 Per
1309 3787 1447 3837 diem
1488 3788 1563 3838 la-

489 3864 602 3907 teat
621 3858 763 3908 domi
780 3859 878 3910 sub
898 3858 1088 3924 frigido
1106 3859 1330 3926 fornice,
1347 3860 1470 3913 foco
1495 3864 1563 3914 si·

485 3948 554 3983 ne
584 3933 842 3986 Vulcano.
910 3935 1110 3990 Cellam
1146 3952 1272 4001 ergo
1297 3938 1562 4003 intelligit,

485 4022 639 4076 qnam
680 4009 777 4059 sibi
819 4025 1079 4076 pauperes
1120 4021 1271 4065 certa
1310 4017 1561 4080 pensione

489 4084 877 4138 conducebant.

551 4167 584 4210 8
624 4162 769 4212 Vocet
803 4163 980 4229 beatos,
1012 4163 1124 4230 ξω]
1171 4166 1414 4220 Mortuos
1447 4183 1560 4233 prae

488 4251 546 4287 se
570 4237 753 4287 beatos
776 4241 1047 4303 praedicet.

555 4319 590 4363 9
624 4315 909 4381 Orciniana,
941 4317 1046 4384 ξω]
1091 4319 1395 4389 Sandapila,
1424 4321 1559 4375 fere-

1636 884 1807 921 coaans
1845 870 2000 935 ὶίειηι]
2052 871 2356 922 Dilanietur
2393 886 2427 920 a
2463 871 2697 923 canibus.

1640 946 1757 1004 Vel,
1764 946 1873 1011 jam
1898 947 2054 998 morti
2089 948 2312 1010 vicinus,
2334 947 2516 1013 audiat
2538 948 2605 998 de
2625 963 2701 998 os·

1641 1022 1781 1073 sibus
1804 1025 1909 1075 suis
1932 1030 1991 1075 et
2007 1025 2261 1093 cadavere
2282 1025 2624 1076 distrahendo
2643 1025 2700 1074 li-

1642 1101 1871 1164 tigantes
1894 1116 2070 1162 canes,
2106 1116 2325 1167 quorum
2362 1107 2585 1152 ventres·
2607 1115 2700 1166 pro

1641 1177 1918 1246 sepulchro
1938 1179 2207 1230 sortiatur.
2330 1204 2333 1207 ·

1710 1259 1770 1307 12
1800 1254 2092 1322 Abigatque,
2111 1255 2219 1319 ξω]
2249 1255 2368 1306 Fiat
2389 1254 2577 1321 praeda
2598 1254 2700 1305 avie

1642 1331 1755 1399 bus.
1819 1332 1992 1385 Credo
2014 1332 2202 1397 ejectis
2219 1331 2572 1387 maleficorum
2593 1346 2704 1382 cor·

1642 1409 1870 1474 poribus,
1892 1424 1993 1475 qno
2022 1409 2218 1460 diutius
2241 1414 2612 1474 putrescerent
2633 1408 2705 1458 in·

1643 1486 1865 1551 sepulta,
1904 1484 2090 1541 affixos
2132 1492 2191 1536 et
2242 1499 2501 1551 appensos
2546 1482 2704 1534 fuisse

1643 1577 1835 1626 pannos
1878 1561 1946 1612 ad
2000 1569 2250 1613 terrorem
2295 1565 2504 1614 svium:
2563 1562 2704 1627 quod

1641 1638 1782 1702 apud
1804 1655 1898 1691 uos
1920 1638 2120 1691 factum
2141 1638 2373 1700 videmus
2393 1640 2447 1690 iu
2462 1637 2637 1689 bortis
2652 1644 2707 1688 et

1641 1718 1779 1781 agris
1800 1732 1832 1767 a
1854 1723 2106 1767 semente.

1709 1798 1770 1844 13
1805 1795 1909 1845 Nee
1922 1793 2187 1859 finiantur,
2215 1792 2322 1857 ξω]
2370 1791 2490 1846 Nec
2522 1791 2706 1840 mortis

1641 1885 1820 1938 paenas
1836 1885 1973 1921 mors
1996 1870 2176 1921 ultima
2196 1869 2364 1933 finiat,
2378 1872 2478 1921 &a
2546 1867 2712 1919 Ovid.

1639 1947 1694 1998 in
1717 1948 1869 1999 Ibin:
1905 1948 2044 1999 unde
2079 1947 2255 1997 multra
2295 1945 2476 1997 Nostri
2499 1944 2585 1995 bic
2615 1945 2710 1994 im·

1640 2024 1993 2089 precationes.

1707 2104 1770 2151 14
1802 2100 1989 2162 Severi,
2008 2098 2118 2163 ξω]
2155 2098 2235 2148 Ex
2252 2096 2519 2150 sententia
2545 2097 2714 2159 AEaci,

1641 2191 1708 2231 ex
1736 2175 1929 2228 inferni
1954 2174 2226 2242 judicibus
2263 2174 2433 2235 unius,
2456 2173 2513 2223 in
2532 2189 2713 2238 poenas

1638 2254 1908 2319 ingeniosi.
1972 2254 2062 2305 Sic
2104 2253 2262 2306 Ovid.
2319 2253 2335 2281 ‘
2355 2250 2535 2303 Noxia
2569 2251 2714 2301 mille

1639 2331 1806 2381 modis
1825 2328 2076 2382 lacerabit
2098 2330 2346 2392 membra,
2379 2335 2603 2394 tuasque
2624 2328 2715 2378 ΙΕ-

1638 2422 1761 2458 acus
1784 2408 1835 2458 in
1860 2421 2039 2473 poenas
2076 2406 2371 2472 ingeniosus
2394 2405 2530 2455 erit?
2596 2405 2713 2455 Sec·

1637 2489 1716 2535 tas
1734 2485 1875 2549 loris]
1905 2486 1992 2536 Sic
2008 2485 2200 2537 Horat.
2236 2484 2462 2536 ‘Sectus
2485 2480 2714 2549 flagellis

1637 2561 1723 2612 hic
1746 2559 2186 2612 triumviralibus!

1707 2641 1765 2688 16
1791 2637 1960 2696 Monte
1975 2636 2171 2706 Sisyphi
2183 2633 2392 2701 pressu]
2408 2633 2551 2686 Saxo
2569 2633 2713 2701 qnod

1638 2714 1806 2765 volvit
1823 2714 2091 2778 Sisyphus.

1704 2796 1768 2843 16
1803 2785 2153 2855 Οαηιίἰ,ᾃ·ο.]
2196 2787 2427 2848 Tantali,
2465 2787 2555 2838 eui
2590 2788 2715 2838 sitis

1636 2859 1885 2932 famisque
1906 2880 2085 2932 poenas
2108 2862 2321 2929 garrula
2341 2863 2519 2928 lingua
2541 2863 2715 2915 dedit.

1704 2947 1767 2993 17
1799 2943 2039 3006 Delasset,
2058 2940 2165 3006 ξω]
2199 2940 2523 2991 Exercentur
2545 2942 2716 3005 poenis

1636 3019 1884 3082 omniurn,
1903 3034 2033 3084 quos
2054 3017 2229 3083 poetae
2250 3016 2454 3082 fingunt
2478 3018 2622 3081 apud
2639 3018 2715 3068 in-

1635 3093 1779 3145 feros
1802 3094 2056 3161 torqueri.

1704 3176 1767 3221 18
1800 3171 1991 3234 Fater-i,
2023 3169 2131 3235 ξω]
2163 3170 2249 3221 Ita
2285 3169 2444 3221 Ovid.
2473 3170 2529 3220 in
2555 3171 2717 3226 Ibin:

1633 3248 1755 3300 ‘sie
1780 3247 1877 3299 tibi
1901 3248 1968 3299 de
2002 3247 2175 3298 Furiis
2206 3247 2410 3300 scindet
2430 3249 2579 3300 latus
2617 3265 2718 3302 una

1635 3327 1865 3393 flagello,
1889 3327 1965 3377 Ut
1984 3326 2197 3378 sceleris
2220 3341 2473 3380 memores
2496 3327 2717 3382 confite·

1637 3419 1731 3456 are
1754 3404 1849 3455 tui.
1852 3402 1870 3427 '
1933 3404 2006 3455 Et
2029 3403 2216 3468 virgil.
2236 3407 2285 3453 6.
2306 3403 2506 3456 AEueid.

1704 3485 1768 3532 19
1799 3480 2007 3546 Scripsi]
2038 3481 2153 3546 Ego
2180 3479 2322 3531 edidi
2355 3482 2470 3531 boec
2508 3463 2716 3534 famosa

1639 3558 1882 3610 Carmina
1907 3558 2003 3609 sub
2029 3557 2234 3610 nomine
2254 3556 2540 3608 Martialis.

1703 3634 1869 3684 Eme.
1895 3648 1970 3683 vr.
1997 3637 2023 3682 1
2063 3632 2249 3691 Quibus
2284 3632 2431 3697 urna]
2467 3633 2714 3688 Raderns

1635 3709 1723 3760 bic
1755 3709 2004 3761 ‘urnam’
2042 3709 2202 3761 vitam
2240 3710 2492 3774 exponit;
2527 3712 2608 3764 sic
2657 3720 2716 3762 ut

1636 3786 1782 3836 dicat
1803 3784 1987 3836 felices
2024 3799 2138 3850 eos,
2176 3786 2285 3854 qui,
2320 3785 2555 3838 nondum
2581 3804 2714 3841 urna

1636 3861 1800 3912 clausi
1821 3869 1876 3911 et
1895 3860 2105 3924 mortui,
2123 3861 2305 3911 videre
2319 3869 2572 3926 poterunt
2591 3881 2714 3917 ven.

1637 3944 1808 3988 nurum
1832 3938 1887 3988 in
1911 3938 2092 3989 urbem
2113 3937 2408 4002 Trajauum.
2474 3941 2579 3993 Vel
2603 3946 2713 3994 ‘ur-

1637 4013 1735 4063 na’
1776 4030 1870 4078 pro
1909 4021 2082 4063 sorte:
2120 4014 2324 4065 Felices
2365 4016 2479 4067 scil.
2521 4020 2713 4083 quibus

1635 4100 1777 4143 sorte
1800 4092 2022 4156 quadam
2042 4089 2178 4140 bona
2194 4092 2486 4156 continget,
2506 4101 2565 4144 ut
2586 4097 2711 4147 Tra-

1628 4169 1811 4234 janum
1856 4167 2036 4217 videre
2082 4174 2314 4231 possent,
2351 4168 2493 4233 quod
2536 4186 2711 4240 neque

1637 4245 1767 4296 vivis
1788 4245 2025 4295 omuibus
2049 4244 2194 4306 licet,
2208 4251 2267 4297 ut
2288 4246 2454 4297 oculis
2476 4249 2581 4298 suis
2605 4250 2709 4299 lm·

1637 4331 1932 4387 peratorem
1952 4328 2211 4386 spectent.
2277 4322 2324 4371 V
2327 4323 2396 4386 el,
2417 4323 2561 4377 Urna
2586 4328 2706 4378 vitae
