2985 4937
550 331 732 401 1462
1214 345 1610 398 ascensus
1656 347 2086 399 3111113111111

543 507 680 580 Jac.
696 502 979 584 Micyllus
992 521 1087 563 an».
1118 499 1299 566 1536.
1338 501 1559 563 Verum
1578 501 1766 562 etiam·
1782 500 2068 563 Martialis
2093 507 2293 563 castus
2314 521 2366 562 s.
2386 500 2721 581 1101133331-

550 612 737 663 tratus
763 601 998 681 prodire
1026 598 1227 678 coepit,
1249 618 1390 661 cura
1409 600 1617 660 Franc.
1641 600 1828 679 Sylvii
1848 600 1926 662 ab
1955 608 2256 681 311.,1514.
2285 601 2466 661 Conr.
2484 599 2722 660 Generi

548 700 626 762 ab
651 713 747 758 an.
777 703 949 758 1544.

638 801 784 858 1501
838 794 1059 855 Aldina
1109 810 1158 854 1.
1211 803 1267 857 8.
1320 794 1633 858 Martialis.
1635 798 1784 857 ——ln
1835 794 1993 858 fine:
2053 795 2348 857 ‘Venetiis
2391 795 2452 854 in
2503 794 2727 857 aedibus

544 893 710 965 Α1111,
739 910 939 953 mense
967 889 1285 951 Decembri
1339 893 1533 954 1501!
1599 893 1761 956 Edit.
1790 913 2030 980 perrara
2057 911 2179 972 με
2217 894 2434 954 ceteris
2480 892 2729 953 Aldinis.

538 989 688 1049 -.v”=d
717 988 1011 1050 Aldiuas
993 1008 1054 1049 m
1083 988 1153 1049 C.
1185 990 1266 1048 G.
1317 988 1638 1050 Schwarzii
1688 990 1841 1052 Bihl.
1886 988 2114 1051 Altorf.
2163 988 2377 1051 Baueri
2404 988 2564 1050 Bihl.
2606 987 2731 1050 libr.

549 1108 662 1149 rar.
691 1087 946 1149 univers.
971 1096 1031 1146 et
1065 1087 1266 1166 Engel.
1292 1086 1450 1147 Bibl.
1470 1086 1757 1148 selectiss.
1812 1086 2082 1147 Possidet
2107 1106 2238 1146 eam
2263 1106 2502 1166 quoque
2544 1085 2732 1165 petili.

550 1184 955 1264 Heideggerus
980 1183 1205 1262 Turici‚
1245 1183 1570 1264 habuitque
1598 1187 1851 1246 Hemmo
1895 1183 2125 1246 Arnold
2151 1186 2539 1246 Werumaeus.
2563 1186 2731 1245 setus

538 1282 867 1362 ‘Gtoeuing.
895 1289 1042 1341 teste
1064 1280 1256 1342 Catal.
1294 1289 1468 1351 1783.
1497 1300 1560 1361 p.
1585 1291 1686 1351 74.

539 1414 575 1460 ·.
635 1388 784 1442 1503
817 1381 1036 1439 Veneta
1057 1395 1131 1440 x.
1172 1378 1277 1443 fol.
1307 1380 1595 1441 Martialis
1614 1397 1751 1441 cum
1770 1379 2008 1441 duobus
2027 1377 2352 1459 (calderini
2377 1386 2440 1439 et
2463 1348 2732 1455 Merulae)

547 1476 907 1538 commentis.
988 1477 1057 1537 In
1102 1475 1262 1539 fine:
1322 1478 1682 1558 ‘Impressit
1708 1479 1980 1539 volumen
2024 1478 2139 1538 hoe
2182 1475 2449 1538 Iacobus
2490 1477 2727 1537 Pentius

540 1573 642 1633 de
654 1574 853 1633 Leuco
878 1572 1304 1654 impressorum
1330 1576 1591 1637 omnium
1617 1575 2114 1637 accuratissimus.
2146 1590 2224 1635 M.
2254 1591 2320 1635 1).
2352 1589 2466 1634 111.
2489 1572 2606 1633 Die
2633 1582 2726 1635 23.

546 1668 890 1730 Decembris
912 1688 932 1729 t
976 1673 1151 1732 Anno
1193 1671 1481 1733 Leonardi
1512 1672 1820 1734 Lauretani
1843 1674 1903 1733 S.
1927 1671 2217 1751 Principis
2264 1670 2496 1731 altero:
2571 1669 2722 1730 Edit.

534 1766 858 1848 pertunda,
901 1767 1202 1829 Maittario
1229 1769 1447 1848 ignota,
1469 1777 1730 1830 servatur
1755 1769 1814 1829 in
1844 1768 1997 1829 Bibl.
2026 1768 2213 1847 perill.
2243 1767 2611 1847 Heideggeri.

532 1903 537 1908 -
635 1849 789 1926 1508
833 1864 1166 1926 Erffurdioe.
1211 1875 1273 1927 4.
1301 1860 1442 1925 min.
1503 1874 1522 1901 ‘
1549 1867 1641 1927 M.
1690 1866 1822 1927 Val.
1872 1866 2176 1928 Marcialis
2233 1866 2490 1927 urbanis.
2547 1867 2717 1926 Poste

533 1961 740 2021 ·Xenia
764 1970 827 2022 et
871 1961 1468 2042 Apophoreta.—-Ad
1516 1964 1834 2027 candidum
1878 1965 2157 2027 lectorem
2206 1962 2613 2044 hexastycbon·
2637 1961 2715 2021 M.

545 2073 789 2135 Joannis
816 2075 908 2135 M.
936 2076 1388 2157 Herbipolitani.
1438 2101 1441 2102 ⁷

785 2188 906 2260 Qui
931 2189 1143 2252 didicit
1164 2192 1344 2253 vitam
1372 2191 1728 2273 graveolenti
1756 2191 1971 2254 ducere
2003 2212 2222 2274 porro:

863 2285 1066 2366 Atque
1094 2289 1294 2351 sedare
1321 2290 1456 2368 sitis!
1473 2289 1713 2352 flumine
1737 2290 1952 2353 doctus
1981 2280 2129 2353 onus

670 2461 673 2462 γ
782 2377 936 2446 Hinc
957 2388 1169 2465 procul
1195 2388 1518 2451 abscedat:
1560 2409 1814 2470 namque
1846 2388 1942 2450 hic
1972 2387 2289 2470 sybaritica
2321 2406 2520 2447 mensa
2633 2443 2636 2450 .

866 2484 1218 2573 Instruiturr
1263 2487 1566 2566 crapulam
1596 2496 1792 2548 nostra
1821 2486 1958 2547 talia
1986 2487 2185 2547 docet.

784 2578 945 2642 Pone
965 2576 1211 2644 ¹modum
1241 2584 1448 2665 sophie
1476 2604 1661 2665 puer:
1706 2582 2054 2668 etjucunda
2082 2581 2300 2663 popine

867 2674 1064 2743 Mutia
1088 2676 1438 2744 condiscas:
1484 2703 1603 2744 non
1630 2680 1891 2743 nocitura
1924 2681 2066 2743 seui.

1711 2779 1855 2840 Vale
1883 2790 1943 2840 et
1972 2777 2176 2840 salve!

536 2904 615 2973 flu
674 2906 792 2969 fine
834 2908 1084 2988 legitur.
1127 2911 1259 2973 ‘.M
1289 2911 1420 2970 Val.
1470 2882 1771 2971 Marcialis
1818 2917 1999 2991 poete
2025 2908 2215 2974 xenia
2262 2917 2324 2969 et
2360 2909 2712 2991 Apophoreta

546 3003 836 3082 impressa
864 3005 1157 3067 Erffurdie
1181 3025 1293 3086 per
1317 3005 1645 3068 Johanuem
1666 3007 1907 3087 Knapp.
1939 3008 2113 3066 Anno
2137 3003 2362 3066 domini
2389 3022 2468 3066 M.
2491 3023 2555 3066 1).
2574 3021 2712 3065 vm.

542 3098 641 3159 die
671 3118 810 3161 vero
838 3101 1113 3163 vicesima
1140 3122 1294 3163 nona
1321 3103 1537 3163 mensis
1558 3105 1881 3166 Octobris.’
1928 3103 2213 3164 Notitiam
2245 3103 2425 3182 hujus
2447 3104 2591 3164 edit..
2612 3102 2714 3164 ele-

532 3197 770 3274 gnatius
798 3197 1090 3276 impressae
1117 3199 1399 3262 benevole
1441 3200 1748 3264 nobiscum
1775 3201 2241 3266 communicavit
2268 3201 2547 3265 vit-..elan
2575 3204 2714 3279 Aug·
2813 3242 2814 3245 =

532 3295 759 3356 Christ.
789 3296 1078 3370 Botheek,
1111 3299 1338 3360 Rector
1366 3300 1676 3365 Bielefeld.

628 3399 782 3454 1510
812 3393 1026 3455 Aldina
1059 3412 1138 3456 11.
1172 3405 1228 3458 8.
1257 3397 1317 3456 in
1346 3397 1523 3458 aedib.
1552 3395 1715 3457 Aldi.
1893 3468 1899 3473 ,
2045 3468 2048 3473 Ι
2132 3468 2136 3472 ,
2299 3466 2300 3471 η

622 3523 701 3536 -
725 3492 951 3552 Veneta
979 3509 1082 3553 x1.
1110 3492 1215 3554 fol.
1236 3514 1373 3554 cum
1404 3495 1653 3555 Merulae
1678 3503 1741 3555 et
1766 3493 2068 3556 Calderini
2096 3492 2555 3555 commentariis.

625 3595 781 3650 1512
812 3587 848 3646 J
855 3589 1076 3663 uotiua,
1109 3600 1169 3652 8.
1199 3591 1455 3653 Florent.
1505 3611 1603 3672 ap.
1629 3591 1783 3651 Phil.
1810 3593 1845 3653 J
1852 3601 2089 3653 nutam:
2130 3611 2308 3672 quam
2330 3589 2537 3651 nullibi
2564 3589 2723 3650 inve·

538 3684 751 3757 nimus,
781 3684 894 3743 nisi
921 3685 977 3745 in
1008 3689 1142 3749 Cat.
1171 3687 1327 3753 Bibl.
1372 3689 1770 3759 selectissimae
1805 3690 2047 3767 Hemm.
2081 3693 2231 3750 Arn.
2262 3686 2579 3749 Werumoei
2600 3685 2730 3748 Jcti.

541 3782 829 3860 Groning.
858 3802 920 3862 p.
953 3793 1052 3846 54.
1082 3805 1142 3845 n.
1171 3795 1313 3858 979.

527 3892 543 3897 ·’
619 3886 775 3938 1⁵14
796 3878 1024 3942 Veneta
1059 3900 1198 3945 1111.
1229 3868 1335 3945 fol.
1383 3883 1470 3946 M.
1505 3884 1637 3945 Val.
1659 3884 1950 3944 Martialis
1975 3883 2401 3962 epigrammata
2426 3902 2567 3945 cum
2593 3881 2725 3944 Cal·

524 3970 724 4034 aerini
755 3980 1188 4041 ‘commentariis
1211 4001 1282 4043 ac
1311 3980 1629 4061 figg.-Ex
1656 3982 1847 4043 Catal.
1876 3980 2033 4042 Bibl.
2066 3984 2130 4043 S.
2158 3981 2194 4042 J
2203 4025 2221 4043 .
2243 3983 2469 4044 Lovau.

524 4095 541 4164 ⁸.
619 4073 908 4137 ··-·Paris.
957 4093 1004 4137 1.
1041 4077 1245 4157 Sylvii.
1274 4080 1381 4139 ·.M
1431 4080 1563 4139 Val.
1609 4077 1901 4139 Martialis
1953 4066 2442 4158 epigrammatum
2499 4074 2724 4139 lectoris

532 4168 882 4233 castimonia
934 4173 1239 4253 dignorum
1284 4177 1452 4251 liber,
1495 4176 1597 4237 ubi
1638 4176 1835 4239 omnia
1880 4177 2124 4237 Veneris
2172 4175 2327 4236 illius
2376 4176 2729 4256 despuenda
