<?xml version="1.0" encoding="UTF-8"?>
<!DOCTYPE html PUBLIC "-//W3C//DTD XHTML 1.0 Transitional//EN"
    "http://www.w3.org/TR/xhtml1/DTD/xhtml1-transitional.dtd">
<html xmlns="http://www.w3.org/1999/xhtml" xml:lang="en" lang="en">
 <head>
  <title>
</title>
<meta http-equiv="Content-Type" content="text/html;charset=utf-8" />
  <meta name='ocr-system' content='tesseract 3.04.00' />
  <meta name='ocr-capabilities' content='ocr_page ocr_carea ocr_par ocr_line ocrx_word'/>
</head>
<body>
  <div class='ocr_page' id='page_1' title='image "./marcivaleriimar09martgoog_0032.png"; bbox 0 0 2985 4937; ppageno 0'>
   <div class='ocr_carea' id='block_1_1' title="bbox 334 507 1491 4272">
    <p class='ocr_par' dir='ltr' id='par_1_1' title="bbox 334 507 1465 947">
     <span class='ocr_line' id='line_1_1' title="bbox 395 507 1464 575; baseline -0.007 -14"><span class='ocrx_word' id='word_1_1' title='bbox 395 507 738 575; x_wconf 78' lang='lat' dir='ltr'><strong>‘supercilia’</strong></span> <span class='ocrx_word' id='word_1_2' title='bbox 790 508 926 558; x_wconf 89' lang='lat' dir='ltr'><strong>enim</strong></span> <span class='ocrx_word' id='word_1_3' title='bbox 963 507 1120 558; x_wconf 78' lang='lat' dir='ltr'><strong>animi</strong></span> <span class='ocrx_word' id='word_1_4' title='bbox 1143 507 1292 570; x_wconf 80' lang='lat' dir='ltr'><strong>signa</strong></span> <span class='ocrx_word' id='word_1_5' title='bbox 1323 511 1464 566; x_wconf 85' lang='lat' dir='ltr'><strong>sunt,</strong></span> 
     </span>
     <span class='ocr_line' id='line_1_2' title="bbox 398 572 1462 648; baseline -0.008 -9"><span class='ocrx_word' id='word_1_6' title='bbox 398 595 455 639; x_wconf 90' lang='lat' dir='ltr'><strong>et</strong></span> <span class='ocrx_word' id='word_1_7' title='bbox 491 588 692 638; x_wconf 84' lang='lat' dir='ltr'><strong>indices</strong></span> <span class='ocrx_word' id='word_1_8' title='bbox 714 585 900 648; x_wconf 83' lang='lat' dir='ltr'><strong>fastus,</strong></span> <span class='ocrx_word' id='word_1_9' title='bbox 924 572 1462 648; x_wconf 76' lang='lat' dir='ltr'><strong>superbia‚n1ajesta-</strong></span> 
     </span>
     <span class='ocr_line' id='line_1_3' title="bbox 399 662 1465 729; baseline -0.008 -14"><span class='ocrx_word' id='word_1_10' title='bbox 399 664 490 729; x_wconf 83' lang='lat' dir='ltr'><strong>tis,</strong></span> <span class='ocrx_word' id='word_1_11' title='bbox 513 671 605 714; x_wconf 89' lang='lat' dir='ltr'><strong>aut</strong></span> <span class='ocrx_word' id='word_1_12' title='bbox 641 664 802 713; x_wconf 87' lang='lat' dir='ltr'><strong>etiam</strong></span> <span class='ocrx_word' id='word_1_13' title='bbox 842 662 1150 712; x_wconf 87' lang='lat' dir='ltr'><strong>voluntatis.</strong></span> <span class='ocrx_word' id='word_1_14' title='bbox 1207 662 1465 710; x_wconf 69' lang='lat' dir='ltr'><strong>Terrarum·</strong></span> 
     </span>
     <span class='ocr_line' id='line_1_4' title="bbox 400 737 1465 806; baseline -0.008 -14"><span class='ocrx_word' id='word_1_15' title='bbox 400 743 684 806; x_wconf 77' lang='lat' dir='ltr'><strong>Dominum]</strong></span> <span class='ocrx_word' id='word_1_16' title='bbox 720 740 873 790; x_wconf 81' lang='lat' dir='ltr'><strong>Dixit</strong></span> <span class='ocrx_word' id='word_1_17' title='bbox 898 753 993 803; x_wconf 90' lang='lat' dir='ltr'><strong>pro</strong></span> <span class='ocrx_word' id='word_1_18' title='bbox 1020 744 1282 802; x_wconf 74' lang='lat' dir='ltr'><strong>potestate</strong></span> <span class='ocrx_word' id='word_1_19' title='bbox 1302 737 1465 799; x_wconf 90' lang='lat' dir='ltr'><strong>impe-</strong></span> 
     </span>
     <span class='ocr_line' id='line_1_5' title="bbox 334 814 1465 884; baseline -0.004 -17"><span class='ocrx_word' id='word_1_20' title='bbox 334 814 337 815; x_wconf 57' lang='grc'>’</span> <span class='ocrx_word' id='word_1_21' title='bbox 400 819 618 878; x_wconf 86' lang='lat' dir='ltr'><strong>ratoria,</strong></span> <span class='ocrx_word' id='word_1_22' title='bbox 662 832 765 884; x_wconf 78' lang='lat' dir='ltr'><strong>qua</strong></span> <span class='ocrx_word' id='word_1_23' title='bbox 806 818 984 870; x_wconf 87' lang='lat' dir='ltr'><strong>orbem</strong></span> <span class='ocrx_word' id='word_1_24' title='bbox 1020 824 1176 866; x_wconf 81' lang='lat' dir='ltr'><strong>terrae</strong></span> <span class='ocrx_word' id='word_1_25' title='bbox 1223 814 1465 864; x_wconf 87' lang='lat' dir='ltr'><strong>adminis-</strong></span> 
     </span>
     <span class='ocr_line' id='line_1_6' title="bbox 401 896 705 947; baseline 0 -2"><span class='ocrx_word' id='word_1_26' title='bbox 401 904 529 947; x_wconf 81' lang='lat' dir='ltr'><strong>trat.</strong></span> <span class='ocrx_word' id='word_1_27' title='bbox 574 896 705 945; x_wconf 83' lang='lat' dir='ltr'><strong>Rad.</strong></span> 
     </span>
    </p>

    <p class='ocr_par' dir='ltr' id='par_1_2' title="bbox 398 971 1471 1410">
     <span class='ocr_line' id='line_1_7' title="bbox 465 971 1466 1036; baseline -0.006 -13"><span class='ocrx_word' id='word_1_28' title='bbox 465 977 496 1023; x_wconf 92' lang='grc'><strong>3</strong></span> <span class='ocrx_word' id='word_1_29' title='bbox 535 973 846 1036; x_wconf 74' lang='lat' dir='ltr'><strong>Consuevere,</strong></span> <span class='ocrx_word' id='word_1_30' title='bbox 870 971 976 1036; x_wconf 58' lang='lat' dir='ltr'>&amp;ct-J</span> <span class='ocrx_word' id='word_1_31' title='bbox 1013 971 1254 1035; x_wconf 86' lang='lat' dir='ltr'><strong>Namque</strong></span> <span class='ocrx_word' id='word_1_32' title='bbox 1285 977 1343 1019; x_wconf 87' lang='lat' dir='ltr'><strong>et</strong></span> <span class='ocrx_word' id='word_1_33' title='bbox 1374 983 1466 1019; x_wconf 80' lang='lat' dir='ltr'><strong>vos</strong></span> 
     </span>
     <span class='ocr_line' id='line_1_8' title="bbox 398 1045 1468 1113; baseline -0.007 -13"><span class='ocrx_word' id='word_1_34' title='bbox 398 1049 746 1113; x_wconf 86' lang='lat' dir='ltr'><strong>imperatores</strong></span> <span class='ocrx_word' id='word_1_35' title='bbox 788 1048 841 1097; x_wconf 91' lang='lat' dir='ltr'><strong>in</strong></span> <span class='ocrx_word' id='word_1_36' title='bbox 889 1046 1163 1110; x_wconf 79' lang='lat' dir='ltr'><strong>triumphis</strong></span> <span class='ocrx_word' id='word_1_37' title='bbox 1203 1045 1468 1110; x_wconf 79' lang='lat' dir='ltr'><strong>patienter</strong></span> 
     </span>
     <span class='ocr_line' id='line_1_9' title="bbox 398 1123 1468 1176; baseline -0.006 -1"><span class='ocrx_word' id='word_1_38' title='bbox 398 1124 539 1176; x_wconf 74' lang='lat' dir='ltr'><strong>ferre</strong></span> <span class='ocrx_word' id='word_1_39' title='bbox 594 1124 771 1175; x_wconf 90' lang='lat' dir='ltr'><strong>soletis</strong></span> <span class='ocrx_word' id='word_1_40' title='bbox 817 1123 1036 1173; x_wconf 88' lang='lat' dir='ltr'><strong>dicteria</strong></span> <span class='ocrx_word' id='word_1_41' title='bbox 1083 1131 1139 1172; x_wconf 87' lang='lat' dir='ltr'><strong>et</strong></span> <span class='ocrx_word' id='word_1_42' title='bbox 1183 1129 1468 1173; x_wconf 83' lang='lat' dir='ltr'><strong>scommata</strong></span> 
     </span>
     <span class='ocr_line' id='line_1_10' title="bbox 399 1190 1468 1253; baseline -0.006 0"><span class='ocrx_word' id='word_1_43' title='bbox 399 1202 622 1253; x_wconf 89' lang='lat' dir='ltr'><strong>militum</strong></span> <span class='ocrx_word' id='word_1_44' title='bbox 678 1201 824 1251; x_wconf 83' lang='lat' dir='ltr'><strong>vobis</strong></span> <span class='ocrx_word' id='word_1_45' title='bbox 873 1200 1089 1250; x_wconf 88' lang='lat' dir='ltr'><strong>alternis</strong></span> <span class='ocrx_word' id='word_1_46' title='bbox 1149 1190 1468 1249; x_wconf 75' lang='lat' dir='ltr'><strong>carminibus</strong></span> 
     </span>
     <span class='ocr_line' id='line_1_11' title="bbox 403 1277 1471 1342; baseline -0.006 -12"><span class='ocrx_word' id='word_1_47' title='bbox 403 1279 839 1330; x_wconf 79' lang='lat' dir='ltr'><strong>conviciantium.</strong></span> <span class='ocrx_word' id='word_1_48' title='bbox 862 1278 982 1328; x_wconf 84' lang='lat' dir='ltr'><strong>vide</strong></span> <span class='ocrx_word' id='word_1_49' title='bbox 1004 1277 1174 1342; x_wconf 84' lang='lat' dir='ltr'><strong>epigr.</strong></span> <span class='ocrx_word' id='word_1_50' title='bbox 1197 1280 1249 1326; x_wconf 99' lang='grc'><strong>7.</strong></span> <span class='ocrx_word' id='word_1_51' title='bbox 1273 1277 1306 1325; x_wconf 91' lang='lat' dir='ltr'><strong>l.</strong></span> <span class='ocrx_word' id='word_1_52' title='bbox 1328 1280 1399 1325; x_wconf 90' lang='grc'><strong>7.·</strong></span> <span class='ocrx_word' id='word_1_53' title='bbox 1413 1279 1471 1324; x_wconf 84' lang='lat' dir='ltr'><strong>et</strong></span> 
     </span>
     <span class='ocr_line' id='line_1_12' title="bbox 403 1355 1445 1410; baseline -0.009 0"><span class='ocrx_word' id='word_1_54' title='bbox 403 1359 616 1410; x_wconf 84' lang='lat' dir='ltr'><strong>Sueten.</strong></span> <span class='ocrx_word' id='word_1_55' title='bbox 639 1357 750 1409; x_wconf 87' lang='lat' dir='ltr'><strong>Jul.</strong></span> <span class='ocrx_word' id='word_1_56' title='bbox 772 1372 818 1407; x_wconf 87' lang='lat' dir='ltr'><strong>c.</strong></span> <span class='ocrx_word' id='word_1_57' title='bbox 839 1361 924 1407; x_wconf 87' lang='grc'><strong>40.</strong></span> <span class='ocrx_word' id='word_1_58' title='bbox 948 1356 1248 1407; x_wconf 53' lang='lat' dir='ltr'><strong>ermonem</strong></span> <span class='ocrx_word' id='word_1_59' title='bbox 1271 1355 1305 1405; x_wconf 91' lang='lat' dir='ltr'><strong>l.</strong></span> <span class='ocrx_word' id='word_1_60' title='bbox 1321 1358 1404 1404; x_wconf 91' lang='grc'><strong>43.</strong></span> <span class='ocrx_word' id='word_1_61' title='bbox 1442 1394 1445 1401; x_wconf 91' lang='grc'><strong>.</strong></span> 
     </span>
    </p>

    <p class='ocr_par' dir='ltr' id='par_1_3' title="bbox 403 1431 1472 2023">
     <span class='ocr_line' id='line_1_13' title="bbox 468 1431 1471 1498; baseline -0.005 -14"><span class='ocrx_word' id='word_1_62' title='bbox 468 1440 500 1484; x_wconf 91' lang='grc'><strong>5</strong></span> <span class='ocrx_word' id='word_1_63' title='bbox 539 1435 813 1498; x_wconf 72' lang='lat' dir='ltr'><strong>Thymelen,</strong></span> <span class='ocrx_word' id='word_1_64' title='bbox 863 1431 973 1498; x_wconf 57' lang='lat' dir='ltr'><strong>ilfa]</strong></span> <span class='ocrx_word' id='word_1_65' title='bbox 1040 1432 1255 1482; x_wconf 89' lang='lat' dir='ltr'><strong>Mimam</strong></span> <span class='ocrx_word' id='word_1_66' title='bbox 1317 1431 1471 1480; x_wconf 86' lang='lat' dir='ltr'><strong>salta-</strong></span> 
     </span>
     <span class='ocr_line' id='line_1_14' title="bbox 404 1508 1471 1575; baseline -0.005 -12"><span class='ocrx_word' id='word_1_67' title='bbox 404 1512 616 1575; x_wconf 81' lang='lat' dir='ltr'><strong>tricem,</strong></span> <span class='ocrx_word' id='word_1_68' title='bbox 648 1511 713 1561; x_wconf 91' lang='lat' dir='ltr'><strong>ab</strong></span> <span class='ocrx_word' id='word_1_69' title='bbox 744 1510 1047 1561; x_wconf 78' lang='lat' dir='ltr'><strong>Orchestroe</strong></span> <span class='ocrx_word' id='word_1_70' title='bbox 1071 1510 1299 1575; x_wconf 86' lang='lat' dir='ltr'><strong>pulpito,</strong></span> <span class='ocrx_word' id='word_1_71' title='bbox 1330 1508 1471 1574; x_wconf 84' lang='lat' dir='ltr'><strong>quod</strong></span> 
     </span>
     <span class='ocr_line' id='line_1_15' title="bbox 403 1585 1472 1655; baseline -0.005 -15"><span class='ocrx_word' id='word_1_72' title='bbox 403 1586 580 1652; x_wconf 80' lang='grc' dir='ltr'>θυμέλη</span> <span class='ocrx_word' id='word_1_73' title='bbox 633 1595 871 1652; x_wconf 83' lang='lat' dir='ltr'><strong>vocatur,</strong></span> <span class='ocrx_word' id='word_1_74' title='bbox 919 1586 1260 1655; x_wconf 74' lang='lat' dir='ltr'><strong>nominatam,</strong></span> <span class='ocrx_word' id='word_1_75' title='bbox 1296 1585 1472 1635; x_wconf 86' lang='lat' dir='ltr'><strong>Latini</strong></span> 
     </span>
     <span class='ocr_line' id='line_1_16' title="bbox 406 1663 1470 1716; baseline -0.004 0"><span class='ocrx_word' id='word_1_76' title='bbox 406 1680 639 1716; x_wconf 82' lang='lat' dir='ltr'><strong>uxorem.</strong></span> <span class='ocrx_word' id='word_1_77' title='bbox 678 1663 871 1715; x_wconf 87' lang='lat' dir='ltr'><strong>Juven.</strong></span> <span class='ocrx_word' id='word_1_78' title='bbox 908 1665 1019 1713; x_wconf 89' lang='lat' dir='ltr'><strong>Sat.</strong></span> <span class='ocrx_word' id='word_1_79' title='bbox 1063 1667 1110 1712; x_wconf 93' lang='lat'><strong>1.</strong></span> <span class='ocrx_word' id='word_1_80' title='bbox 1145 1678 1196 1714; x_wconf 87' lang='lat' dir='ltr'><strong>v.</strong></span> <span class='ocrx_word' id='word_1_81' title='bbox 1217 1667 1301 1712; x_wconf 84' lang='grc'><strong>36.</strong></span> <span class='ocrx_word' id='word_1_82' title='bbox 1325 1663 1470 1712; x_wconf 80' lang='lat' dir='ltr'><strong>Deri-</strong></span> 
     </span>
     <span class='ocr_line' id='line_1_17' title="bbox 403 1739 1470 1806; baseline -0.005 -13"><span class='ocrx_word' id='word_1_83' title='bbox 403 1739 777 1806; x_wconf 66' lang='lat' dir='ltr'><strong>soremqae,85c.]</strong></span> <span class='ocrx_word' id='word_1_84' title='bbox 791 1740 1011 1790; x_wconf 88' lang='lat' dir='ltr'><strong>Mimum</strong></span> <span class='ocrx_word' id='word_1_85' title='bbox 1031 1739 1334 1790; x_wconf 90' lang='lat' dir='ltr'><strong>Domitiano</strong></span> <span class='ocrx_word' id='word_1_86' title='bbox 1352 1740 1470 1788; x_wconf 84' lang='lat' dir='ltr'><strong>cha-</strong></span> 
     </span>
     <span class='ocr_line' id='line_1_18' title="bbox 405 1816 1469 1880; baseline -0.003 -11"><span class='ocrx_word' id='word_1_87' title='bbox 405 1834 539 1869; x_wconf 84' lang='lat' dir='ltr'><strong>rum.</strong></span> <span class='ocrx_word' id='word_1_88' title='bbox 584 1818 732 1868; x_wconf 89' lang='lat' dir='ltr'><strong>Suet.</strong></span> <span class='ocrx_word' id='word_1_89' title='bbox 766 1816 970 1866; x_wconf 89' lang='lat' dir='ltr'><strong>Domit.</strong></span> <span class='ocrx_word' id='word_1_90' title='bbox 1014 1831 1062 1865; x_wconf 90' lang='lat' dir='ltr'><strong>c.</strong></span> <span class='ocrx_word' id='word_1_91' title='bbox 1089 1821 1169 1865; x_wconf 84' lang='lat'><strong>15.</strong></span> <span class='ocrx_word' id='word_1_92' title='bbox 1199 1824 1254 1864; x_wconf 88' lang='lat' dir='ltr'><strong>et</strong></span> <span class='ocrx_word' id='word_1_93' title='bbox 1276 1830 1362 1880; x_wconf 91' lang='lat' dir='ltr'><strong>ep.</strong></span> <span class='ocrx_word' id='word_1_94' title='bbox 1387 1820 1469 1866; x_wconf 81' lang='grc'><strong>29.</strong></span> 
     </span>
     <span class='ocr_line' id='line_1_19' title="bbox 404 1893 1469 1958; baseline -0.002 -12"><span class='ocrx_word' id='word_1_95' title='bbox 404 1897 440 1947; x_wconf 87' lang='lat' dir='ltr'><strong>l.</strong></span> <span class='ocrx_word' id='word_1_96' title='bbox 463 1901 513 1946; x_wconf 83' lang='lat'><strong>9.</strong></span> <span class='ocrx_word' id='word_1_97' title='bbox 536 1911 612 1947; x_wconf 75' lang='lat' dir='ltr'><strong>vs,</strong></span> <span class='ocrx_word' id='word_1_98' title='bbox 632 1899 682 1944; x_wconf 85' lang='lat'><strong>2.</strong></span> <span class='ocrx_word' id='word_1_99' title='bbox 711 1894 847 1958; x_wconf 85' lang='lat' dir='ltr'><strong>Aug.</strong></span> <span class='ocrx_word' id='word_1_100' title='bbox 872 1893 1115 1943; x_wconf 80' lang='lat' dir='ltr'><strong>Politian.</strong></span> <span class='ocrx_word' id='word_1_101' title='bbox 1153 1893 1188 1943; x_wconf 92' lang='lat' dir='ltr'><strong>l.</strong></span> <span class='ocrx_word' id='word_1_102' title='bbox 1224 1898 1274 1944; x_wconf 93' lang='grc'><strong>7.</strong></span> <span class='ocrx_word' id='word_1_103' title='bbox 1313 1893 1469 1958; x_wconf 81' lang='lat' dir='ltr'><strong>epist.</strong></span> 
     </span>
     <span class='ocr_line' id='line_1_20' title="bbox 409 1968 804 2023; baseline -0.003 0"><span class='ocrx_word' id='word_1_104' title='bbox 409 1968 474 2023; x_wconf 85' lang='lat' dir='ltr'><strong>ad</strong></span> <span class='ocrx_word' id='word_1_105' title='bbox 495 1973 804 2023; x_wconf 84' lang='lat' dir='ltr'><strong>Guarinum.</strong></span> 
     </span>
    </p>

    <p class='ocr_par' dir='ltr' id='par_1_4' title="bbox 405 2047 1474 2176">
     <span class='ocr_line' id='line_1_21' title="bbox 473 2047 1474 2114; baseline -0.002 -14"><span class='ocrx_word' id='word_1_106' title='bbox 473 2054 506 2100; x_wconf 80' lang='lat'>6</span> <span class='ocrx_word' id='word_1_107' title='bbox 539 2051 636 2100; x_wconf 81' lang='lat' dir='ltr'><strong>Illa</strong></span> <span class='ocrx_word' id='word_1_108' title='bbox 659 2048 848 2114; x_wconf 79' lang='lat' dir='ltr'><strong>fronte,</strong></span> <span class='ocrx_word' id='word_1_109' title='bbox 885 2047 991 2112; x_wconf 56' lang='lat' dir='ltr'><strong>&amp;cd</strong></span> <span class='ocrx_word' id='word_1_110' title='bbox 1041 2047 1232 2112; x_wconf 79' lang='lat' dir='ltr'><strong>Hilari,</strong></span> <span class='ocrx_word' id='word_1_111' title='bbox 1269 2063 1474 2114; x_wconf 84' lang='lat' dir='ltr'><strong>serena,</strong></span> 
     </span>
     <span class='ocr_line' id='line_1_22' title="bbox 405 2125 893 2176; baseline -0.016 0"><span class='ocrx_word' id='word_1_112' title='bbox 405 2125 568 2176; x_wconf 79' lang='lat' dir='ltr'><strong>facili.</strong></span> <span class='ocrx_word' id='word_1_113' title='bbox 890 2132 893 2133; x_wconf 47' lang='lat'><em>⁷</em></span> 
     </span>
    </p>

    <p class='ocr_par' dir='ltr' id='par_1_5' title="bbox 407 2201 1481 2945">
     <span class='ocr_line' id='line_1_23' title="bbox 474 2201 1474 2268; baseline -0.003 -16"><span class='ocrx_word' id='word_1_114' title='bbox 474 2206 506 2252; x_wconf 91' lang='grc'><strong>7</strong></span> <span class='ocrx_word' id='word_1_115' title='bbox 544 2203 755 2252; x_wconf 76' lang='lat' dir='ltr'><strong>Censura</strong></span> <span class='ocrx_word' id='word_1_116' title='bbox 772 2207 950 2266; x_wconf 75' lang='lat' dir='ltr'><strong>potest,</strong></span> <span class='ocrx_word' id='word_1_117' title='bbox 982 2202 1088 2268; x_wconf 52' lang='lat' dir='ltr'><strong>qm]</strong></span> <span class='ocrx_word' id='word_1_118' title='bbox 1153 2201 1474 2264; x_wconf 67' lang='lat' dir='ltr'><strong>susceperat</strong></span> 
     </span>
     <span class='ocr_line' id='line_1_24' title="bbox 409 2279 1474 2343; baseline -0.002 -14"><span class='ocrx_word' id='word_1_119' title='bbox 409 2281 548 2331; x_wconf 87' lang='lat' dir='ltr'><strong>enim</strong></span> <span class='ocrx_word' id='word_1_120' title='bbox 598 2279 928 2330; x_wconf 86' lang='lat' dir='ltr'><strong>Domitianus</strong></span> <span class='ocrx_word' id='word_1_121' title='bbox 971 2294 1242 2330; x_wconf 80' lang='lat' dir='ltr'><strong>censuram</strong></span> <span class='ocrx_word' id='word_1_122' title='bbox 1286 2293 1474 2343; x_wconf 84' lang='lat' dir='ltr'><strong>perpe-</strong></span> 
     </span>
     <span class='ocr_line' id='line_1_25' title="bbox 409 2354 1473 2419; baseline -0.003 -14"><span class='ocrx_word' id='word_1_123' title='bbox 409 2362 573 2418; x_wconf 85' lang='lat' dir='ltr'><strong>tuam,</strong></span> <span class='ocrx_word' id='word_1_124' title='bbox 588 2354 745 2404; x_wconf 87' lang='lat' dir='ltr'><strong>etiam</strong></span> <span class='ocrx_word' id='word_1_125' title='bbox 765 2355 818 2404; x_wconf 91' lang='lat' dir='ltr'><strong>in</strong></span> <span class='ocrx_word' id='word_1_126' title='bbox 835 2357 1064 2405; x_wconf 85' lang='lat' dir='ltr'><strong>carmina</strong></span> <span class='ocrx_word' id='word_1_127' title='bbox 1088 2355 1284 2404; x_wconf 84' lang='lat' dir='ltr'><strong>famosa</strong></span> <span class='ocrx_word' id='word_1_128' title='bbox 1305 2369 1473 2419; x_wconf 85' lang='lat' dir='ltr'><strong>asper.</strong></span> 
     </span>
     <span class='ocr_line' id='line_1_26' title="bbox 410 2431 1477 2499; baseline -0.003 -16"><span class='ocrx_word' id='word_1_129' title='bbox 410 2433 804 2498; x_wconf 81' lang='lat' dir='ltr'><strong>Epigrammata</strong></span> <span class='ocrx_word' id='word_1_130' title='bbox 843 2447 988 2497; x_wconf 87' lang='lat' dir='ltr'><strong>ergo,</strong></span> <span class='ocrx_word' id='word_1_131' title='bbox 1025 2447 1139 2499; x_wconf 83' lang='lat' dir='ltr'><strong>qnae</strong></span> <span class='ocrx_word' id='word_1_132' title='bbox 1181 2432 1247 2482; x_wconf 88' lang='lat' dir='ltr'><strong>ad</strong></span> <span class='ocrx_word' id='word_1_133' title='bbox 1289 2431 1477 2481; x_wconf 86' lang='lat' dir='ltr'><strong>nullius</strong></span> 
     </span>
     <span class='ocr_line' id='line_1_27' title="bbox 409 2505 1474 2577; baseline -0.004 -16"><span class='ocrx_word' id='word_1_134' title='bbox 409 2509 679 2563; x_wconf 84' lang='lat' dir='ltr'><strong>infamiam</strong></span> <span class='ocrx_word' id='word_1_135' title='bbox 700 2511 987 2575; x_wconf 90' lang='lat' dir='ltr'><strong>pertinent,</strong></span> <span class='ocrx_word' id='word_1_136' title='bbox 1008 2505 1474 2577; x_wconf 65' lang='lat' dir='ltr'><strong>quamvislasciva,</strong></span> 
     </span>
     <span class='ocr_line' id='line_1_28' title="bbox 407 2585 1480 2653; baseline -0.004 -16"><span class='ocrx_word' id='word_1_137' title='bbox 407 2587 582 2653; x_wconf 88' lang='lat' dir='ltr'><strong>inquit</strong></span> <span class='ocrx_word' id='word_1_138' title='bbox 624 2587 856 2638; x_wconf 88' lang='lat' dir='ltr'><strong>Martial.</strong></span> <span class='ocrx_word' id='word_1_139' title='bbox 897 2602 1001 2638; x_wconf 91' lang='lat' dir='ltr'><strong>non</strong></span> <span class='ocrx_word' id='word_1_140' title='bbox 1034 2595 1156 2637; x_wconf 89' lang='lat' dir='ltr'><strong>sunt</strong></span> <span class='ocrx_word' id='word_1_141' title='bbox 1196 2585 1480 2649; x_wconf 83' lang='lat' dir='ltr'><strong>reprehen·&#39;</strong></span> 
     </span>
     <span class='ocr_line' id='line_1_29' title="bbox 411 2655 1480 2730; baseline -0.002 -16"><span class='ocrx_word' id='word_1_142' title='bbox 411 2663 586 2714; x_wconf 90' lang='lat' dir='ltr'><strong>denda</strong></span> <span class='ocrx_word' id='word_1_143' title='bbox 635 2680 736 2715; x_wconf 90' lang='lat' dir='ltr'><strong>nec</strong></span> <span class='ocrx_word' id='word_1_144' title='bbox 780 2664 1124 2730; x_wconf 86' lang='lat' dir='ltr'><strong>prohibenda,</strong></span> <span class='ocrx_word' id='word_1_145' title='bbox 1165 2655 1321 2730; x_wconf 88' lang='lat' dir='ltr'><strong>quum</strong></span> <span class='ocrx_word' id='word_1_146' title='bbox 1372 2663 1480 2713; x_wconf 84' lang='lat' dir='ltr'><strong>sint</strong></span> 
     </span>
     <span class='ocr_line' id='line_1_30' title="bbox 413 2739 1477 2805; baseline -0.003 -14"><span class='ocrx_word' id='word_1_147' title='bbox 413 2747 619 2791; x_wconf 87' lang='lat' dir='ltr'><strong>tantum</strong></span> <span class='ocrx_word' id='word_1_148' title='bbox 654 2741 810 2805; x_wconf 86' lang='lat' dir='ltr'><strong>joc&#39;us</strong></span> <span class='ocrx_word' id='word_1_149' title='bbox 850 2755 912 2791; x_wconf 88' lang='lat' dir='ltr'><strong>ac</strong></span> <span class='ocrx_word' id='word_1_150' title='bbox 946 2743 1120 2802; x_wconf 85' lang='lat' dir='ltr'><strong>lusus,</strong></span> <span class='ocrx_word' id='word_1_151' title='bbox 1155 2755 1286 2805; x_wconf 86' lang='lat' dir='ltr'><strong>quos</strong></span> <span class='ocrx_word' id='word_1_152' title='bbox 1318 2739 1477 2788; x_wconf 88' lang='lat' dir='ltr'><strong>etiam</strong></span> 
     </span>
     <span class='ocr_line' id='line_1_31' title="bbox 410 2817 1481 2882; baseline -0.002 -15"><span class='ocrx_word' id='word_1_153' title='bbox 410 2817 765 2882; x_wconf 62' lang='lat' dir='ltr'><strong>hperatores</strong></span> <span class='ocrx_word' id='word_1_154' title='bbox 790 2824 1055 2882; x_wconf 90' lang='lat' dir='ltr'><strong>spectant,</strong></span> <span class='ocrx_word' id='word_1_155' title='bbox 1087 2817 1328 2878; x_wconf 86' lang='lat' dir='ltr'><strong>audiunt,</strong></span> <span class='ocrx_word' id='word_1_156' title='bbox 1364 2830 1481 2881; x_wconf 89' lang='lat' dir='ltr'><strong>per-</strong></span> 
     </span>
     <span class='ocr_line' id='line_1_32' title="bbox 411 2894 1445 2945; baseline 0 -1"><span class='ocrx_word' id='word_1_157' title='bbox 411 2894 643 2945; x_wconf 87' lang='lat' dir='ltr'><strong>mittunt.</strong></span> <span class='ocrx_word' id='word_1_158' title='bbox 687 2896 818 2945; x_wconf 84' lang='lat' dir='ltr'><strong>Rad.</strong></span> <span class='ocrx_word' id='word_1_159' title='bbox 869 2896 1086 2945; x_wconf 88' lang='lat' dir='ltr'><strong>Sueton.</strong></span> <span class='ocrx_word' id='word_1_160' title='bbox 1110 2910 1160 2944; x_wconf 84' lang='lat' dir='ltr'><strong>c.</strong></span> <span class='ocrx_word' id='word_1_161' title='bbox 1175 2898 1228 2943; x_wconf 84' lang='grc'><strong>8.</strong></span> <span class='ocrx_word' id='word_1_162' title='bbox 1250 2895 1445 2944; x_wconf 87' lang='lat' dir='ltr'><strong>Domit.</strong></span> 
     </span>
    </p>

    <p class='ocr_par' dir='ltr' id='par_1_6' title="bbox 412 2971 1480 3177">
     <span class='ocr_line' id='line_1_33' title="bbox 478 2971 1480 3037; baseline -0.002 -16"><span class='ocrx_word' id='word_1_163' title='bbox 478 2974 530 3021; x_wconf 84' lang='grc'>8</span> <span class='ocrx_word' id='word_1_164' title='bbox 543 2972 764 3036; x_wconf 75' lang='lat' dir='ltr'><strong>Lasciva,</strong></span> <span class='ocrx_word' id='word_1_165' title='bbox 787 2971 921 3037; x_wconf 59' lang='grc' dir='ltr'><strong>ξω]</strong></span> <span class='ocrx_word' id='word_1_166' title='bbox 946 2973 962 2999; x_wconf 87' lang='lat'>‘</span> <span class='ocrx_word' id='word_1_167' title='bbox 980 2972 1136 3021; x_wconf 83' lang='lat' dir='ltr'><strong>Musa</strong></span> <span class='ocrx_word' id='word_1_168' title='bbox 1170 2972 1480 3021; x_wconf 62' lang='lat' dir='ltr'><strong>verecundae</strong></span> 
     </span>
     <span class='ocr_line' id='line_1_34' title="bbox 414 3048 1480 3115; baseline 0 -16"><span class='ocrx_word' id='word_1_169' title='bbox 414 3054 519 3114; x_wconf 83' lang='lat' dir='ltr'><strong>est,</strong></span> <span class='ocrx_word' id='word_1_170' title='bbox 559 3049 672 3099; x_wconf 84' lang='lat' dir='ltr'><strong>vita</strong></span> <span class='ocrx_word' id='word_1_171' title='bbox 695 3050 886 3115; x_wconf 76' lang='lat' dir='ltr'><strong>jocosa</strong></span> <span class='ocrx_word' id='word_1_172' title='bbox 925 3065 1052 3100; x_wconf 86' lang='lat' dir='ltr'><strong>mea</strong></span> <span class='ocrx_word' id='word_1_173' title='bbox 1075 3048 1197 3101; x_wconf 65' lang='lat' dir='ltr'><strong>est!</strong></span> <span class='ocrx_word' id='word_1_174' title='bbox 1246 3049 1407 3100; x_wconf 88' lang='lat' dir='ltr'><strong>Ovid.</strong></span> <span class='ocrx_word' id='word_1_175' title='bbox 1431 3054 1480 3101; x_wconf 83' lang='grc'><strong>3.</strong></span> 
     </span>
     <span class='ocr_line' id='line_1_35' title="bbox 412 3126 653 3177; baseline -0.012 0"><span class='ocrx_word' id='word_1_176' title='bbox 412 3126 571 3177; x_wconf 83' lang='lat' dir='ltr'><strong>Trist.</strong></span> <span class='ocrx_word' id='word_1_177' title='bbox 648 3152 653 3158; x_wconf 94' lang='lat'><em>·</em></span> 
     </span>
    </p>

    <p class='ocr_par' dir='ltr' id='par_1_7' title="bbox 415 3201 1486 3729">
     <span class='ocr_line' id='line_1_36' title="bbox 478 3201 1482 3267; baseline -0.002 -14"><span class='ocrx_word' id='word_1_178' title='bbox 478 3204 640 3254; x_wconf 73' lang='lat' dir='ltr'><strong>Eme.</strong></span> <span class='ocrx_word' id='word_1_179' title='bbox 657 3217 733 3254; x_wconf 79' lang='lat' dir='ltr'><strong>vr.</strong></span> <span class='ocrx_word' id='word_1_180' title='bbox 757 3204 841 3253; x_wconf 84' lang='lat' dir='ltr'><strong>Ex</strong></span> <span class='ocrx_word' id='word_1_181' title='bbox 856 3218 1078 3267; x_wconf 86' lang='lat' dir='ltr'><strong>persona</strong></span> <span class='ocrx_word' id='word_1_182' title='bbox 1088 3203 1391 3266; x_wconf 80' lang='lat' dir='ltr'><strong>Domitiani,</strong></span> <span class='ocrx_word' id='word_1_183' title='bbox 1405 3201 1482 3251; x_wconf 85' lang='lat' dir='ltr'><strong>of·</strong></span> 
     </span>
     <span class='ocr_line' id='line_1_37' title="bbox 415 3278 1482 3346; baseline -0.001 -16"><span class='ocrx_word' id='word_1_184' title='bbox 415 3278 553 3332; x_wconf 76' lang='lat' dir='ltr'><strong>sensi</strong></span> <span class='ocrx_word' id='word_1_185' title='bbox 573 3280 943 3344; x_wconf 82' lang='lat' dir='ltr'><strong>intempestiva</strong></span> <span class='ocrx_word' id='word_1_186' title='bbox 983 3280 1151 3345; x_wconf 61' lang='lat' dir='ltr'><strong>poetas</strong></span> <span class='ocrx_word' id='word_1_187' title='bbox 1190 3281 1482 3346; x_wconf 74' lang='lat' dir='ltr'><strong>(Epigram-</strong></span> 
     </span>
     <span class='ocr_line' id='line_1_38' title="bbox 415 3356 1482 3407; baseline 0 -1"><span class='ocrx_word' id='word_1_188' title='bbox 415 3362 561 3406; x_wconf 82' lang='lat' dir='ltr'><strong>mata</strong></span> <span class='ocrx_word' id='word_1_189' title='bbox 594 3371 688 3406; x_wconf 86' lang='lat' dir='ltr'><strong>sua</strong></span> <span class='ocrx_word' id='word_1_190' title='bbox 731 3356 931 3407; x_wconf 82' lang='lat' dir='ltr'><strong>Caesari</strong></span> <span class='ocrx_word' id='word_1_191' title='bbox 966 3356 1088 3405; x_wconf 88' lang='lat' dir='ltr'><strong>dum</strong></span> <span class='ocrx_word' id='word_1_192' title='bbox 1127 3358 1482 3407; x_wconf 81' lang='lat' dir='ltr'><strong>naumachiam</strong></span> 
     </span>
     <span class='ocr_line' id='line_1_39' title="bbox 416 3430 1482 3499; baseline 0 -16"><span class='ocrx_word' id='word_1_193' title='bbox 416 3441 631 3498; x_wconf 82' lang='lat' dir='ltr'><strong>pararet</strong></span> <span class='ocrx_word' id='word_1_194' title='bbox 679 3430 974 3499; x_wconf 81' lang='lat' dir='ltr'><strong>offerentis)</strong></span> <span class='ocrx_word' id='word_1_195' title='bbox 1016 3434 1482 3498; x_wconf 82' lang='lat' dir='ltr'><strong>interpellatione:</strong></span> 
     </span>
     <span class='ocr_line' id='line_1_40' title="bbox 418 3509 1486 3578; baseline -0.001 -18"><span class='ocrx_word' id='word_1_196' title='bbox 418 3516 477 3561; x_wconf 84' lang='lat' dir='ltr'><strong>et</strong></span> <span class='ocrx_word' id='word_1_197' title='bbox 517 3509 741 3578; x_wconf 33' lang='lat' dir='ltr'><strong>exitium,</strong></span> <span class='ocrx_word' id='word_1_198' title='bbox 773 3510 945 3574; x_wconf 67' lang='lat' dir='ltr'><strong>poetae</strong></span> <span class='ocrx_word' id='word_1_199' title='bbox 983 3511 1401 3575; x_wconf 83' lang='lat' dir='ltr'><strong>carminibusque</strong></span> <span class='ocrx_word' id='word_1_200' title='bbox 1431 3512 1486 3560; x_wconf 90' lang='lat' dir='ltr'><strong>in</strong></span> 
     </span>
     <span class='ocr_line' id='line_1_41' title="bbox 419 3587 1486 3655; baseline -0.001 -15"><span class='ocrx_word' id='word_1_201' title='bbox 419 3603 580 3655; x_wconf 79' lang='lat' dir='ltr'><strong>aquas</strong></span> <span class='ocrx_word' id='word_1_202' title='bbox 602 3588 824 3654; x_wconf 86' lang='lat' dir='ltr'><strong>abjectis</strong></span> <span class='ocrx_word' id='word_1_203' title='bbox 841 3587 1044 3639; x_wconf 88' lang='lat' dir='ltr'><strong>minati.</strong></span> <span class='ocrx_word' id='word_1_204' title='bbox 1082 3587 1201 3639; x_wconf 85' lang='lat' dir='ltr'><strong>vide</strong></span> <span class='ocrx_word' id='word_1_205' title='bbox 1218 3589 1386 3653; x_wconf 76' lang='lat' dir='ltr'><strong>epigr.</strong></span> <span class='ocrx_word' id='word_1_206' title='bbox 1404 3592 1486 3639; x_wconf 83' lang='lat'><strong>99.</strong></span> 
     </span>
     <span class='ocr_line' id='line_1_42' title="bbox 417 3665 1153 3729; baseline 0.003 -11"><span class='ocrx_word' id='word_1_207' title='bbox 417 3666 458 3718; x_wconf 83' lang='grc'><strong>1.</strong></span> <span class='ocrx_word' id='word_1_208' title='bbox 481 3669 531 3716; x_wconf 89' lang='grc'><strong>3.</strong></span> <span class='ocrx_word' id='word_1_209' title='bbox 555 3673 612 3715; x_wconf 93' lang='lat' dir='ltr'><strong>et</strong></span> <span class='ocrx_word' id='word_1_210' title='bbox 634 3665 806 3729; x_wconf 83' lang='lat' dir='ltr'><strong>epigr.</strong></span> <span class='ocrx_word' id='word_1_211' title='bbox 829 3669 913 3715; x_wconf 87' lang='grc'><strong>54.</strong></span> <span class='ocrx_word' id='word_1_212' title='bbox 938 3665 973 3714; x_wconf 92' lang='lat' dir='ltr'><strong>l.</strong></span> <span class='ocrx_word' id='word_1_213' title='bbox 994 3671 1045 3714; x_wconf 89' lang='grc'><strong>5.</strong></span> <span class='ocrx_word' id='word_1_214' title='bbox 1149 3714 1153 3720; x_wconf 90' lang='grc'><strong>.</strong></span> 
     </span>
    </p>

    <p class='ocr_par' dir='ltr' id='par_1_8' title="bbox 421 3741 1491 4272">
     <span class='ocr_line' id='line_1_43' title="bbox 486 3741 1486 3813; baseline 0.001 -21"><span class='ocrx_word' id='word_1_215' title='bbox 486 3743 652 3813; x_wconf 60' lang='lat' dir='ltr'><strong>Erro.</strong></span> <span class='ocrx_word' id='word_1_216' title='bbox 677 3756 782 3792; x_wconf 87' lang='lat' dir='ltr'><strong>vu.</strong></span> <span class='ocrx_word' id='word_1_217' title='bbox 818 3745 844 3791; x_wconf 94' lang='lat'>1</span> <span class='ocrx_word' id='word_1_218' title='bbox 870 3741 1258 3805; x_wconf 67' lang='lat' dir='ltr'><strong>AEtherias,81·c.]</strong></span> <span class='ocrx_word' id='word_1_219' title='bbox 1280 3770 1284 3778; x_wconf 47' lang='grc' dir='ltr'><em>ι</em></span> <span class='ocrx_word' id='word_1_220' title='bbox 1307 3743 1486 3793; x_wconf 89' lang='lat' dir='ltr'><strong>Domi·</strong></span> 
     </span>
     <span class='ocr_line' id='line_1_44' title="bbox 422 3821 1488 3884; baseline -0.001 -11"><span class='ocrx_word' id='word_1_221' title='bbox 422 3821 553 3873; x_wconf 85' lang='lat' dir='ltr'><strong>tiani</strong></span> <span class='ocrx_word' id='word_1_222' title='bbox 587 3823 765 3875; x_wconf 84' lang='lat' dir='ltr'><strong>leones</strong></span> <span class='ocrx_word' id='word_1_223' title='bbox 806 3821 973 3884; x_wconf 88' lang='lat' dir='ltr'><strong>lepori</strong></span> <span class='ocrx_word' id='word_1_224' title='bbox 1017 3827 1294 3884; x_wconf 80' lang='lat' dir='ltr'><strong>parcentes</strong></span> <span class='ocrx_word' id='word_1_225' title='bbox 1339 3829 1488 3872; x_wconf 84' lang='lat' dir='ltr'><strong>ante·</strong></span> 
     </span>
     <span class='ocr_line' id='line_1_45' title="bbox 421 3898 1488 3965; baseline -0.002 -15"><span class='ocrx_word' id='word_1_226' title='bbox 421 3899 575 3965; x_wconf 84' lang='lat' dir='ltr'><strong>ponit</strong></span> <span class='ocrx_word' id='word_1_227' title='bbox 613 3899 761 3951; x_wconf 78' lang='lat' dir='ltr'><strong>Jovis</strong></span> <span class='ocrx_word' id='word_1_228' title='bbox 801 3899 990 3964; x_wconf 83' lang='lat' dir='ltr'><strong>aquiloe</strong></span> <span class='ocrx_word' id='word_1_229' title='bbox 1028 3898 1369 3961; x_wconf 76' lang='lat' dir='ltr'><strong>Ganymeden</strong></span> <span class='ocrx_word' id='word_1_230' title='bbox 1409 3914 1488 3948; x_wconf 88' lang='lat' dir='ltr'><strong>ra·</strong></span> 
     </span>
     <span class='ocr_line' id='line_1_46' title="bbox 423 3974 1486 4041; baseline 0.001 -16"><span class='ocrx_word' id='word_1_231' title='bbox 423 3975 610 4041; x_wconf 88' lang='lat' dir='ltr'><strong>pienti.</strong></span> <span class='ocrx_word' id='word_1_232' title='bbox 651 3976 770 4025; x_wconf 82' lang='lat' dir='ltr'><strong>vide</strong></span> <span class='ocrx_word' id='word_1_233' title='bbox 789 3977 958 4040; x_wconf 84' lang='lat' dir='ltr'><strong>epigr.</strong></span> <span class='ocrx_word' id='word_1_234' title='bbox 977 3980 1057 4025; x_wconf 85' lang='grc'><strong>15.</strong></span> <span class='ocrx_word' id='word_1_235' title='bbox 1083 3974 1218 4025; x_wconf 83' lang='lat' dir='ltr'><strong>infra</strong></span> <span class='ocrx_word' id='word_1_236' title='bbox 1234 3984 1289 4025; x_wconf 87' lang='lat' dir='ltr'><strong>et</strong></span> <span class='ocrx_word' id='word_1_237' title='bbox 1305 3979 1388 4025; x_wconf 88' lang='grc'><strong>23.</strong></span> <span class='ocrx_word' id='word_1_238' title='bbox 1404 3981 1486 4027; x_wconf 83' lang='grc'><strong>45.</strong></span> 
     </span>
     <span class='ocr_line' id='line_1_47' title="bbox 423 4043 1488 4115; baseline -0.002 -12"><span class='ocrx_word' id='word_1_239' title='bbox 423 4056 508 4104; x_wconf 79' lang='grc'><strong>49.</strong></span> <span class='ocrx_word' id='word_1_240' title='bbox 524 4056 606 4105; x_wconf 84' lang='grc'><strong>52.</strong></span> <span class='ocrx_word' id='word_1_241' title='bbox 629 4056 711 4103; x_wconf 79' lang='grc'><strong>61.</strong></span> <span class='ocrx_word' id='word_1_242' title='bbox 736 4060 792 4102; x_wconf 92' lang='lat' dir='ltr'><strong>et</strong></span> <span class='ocrx_word' id='word_1_243' title='bbox 812 4057 925 4102; x_wconf 84' lang='lat'><strong>105.</strong></span> <span class='ocrx_word' id='word_1_244' title='bbox 970 4043 1242 4115; x_wconf 76' lang='lat' dir='ltr'><strong>AEthen‘as]</strong></span> <span class='ocrx_word' id='word_1_245' title='bbox 1275 4052 1488 4102; x_wconf 88' lang='lat' dir='ltr'><strong>Blandi·</strong></span> 
     </span>
     <span class='ocr_line' id='line_1_48' title="bbox 426 4128 1490 4188; baseline 0 -9"><span class='ocrx_word' id='word_1_246' title='bbox 426 4136 514 4179; x_wconf 87' lang='lat' dir='ltr'><strong>tur</strong></span> <span class='ocrx_word' id='word_1_247' title='bbox 535 4130 731 4180; x_wconf 82' lang='lat' dir='ltr'><strong>Caesari</strong></span> <span class='ocrx_word' id='word_1_248' title='bbox 744 4128 1018 4179; x_wconf 79' lang='lat' dir='ltr'><strong>occasione</strong></span> <span class='ocrx_word' id='word_1_249' title='bbox 1032 4130 1290 4179; x_wconf 86' lang='lat' dir='ltr'><strong>mansueti</strong></span> <span class='ocrx_word' id='word_1_250' title='bbox 1305 4129 1490 4188; x_wconf 87' lang='lat' dir='ltr'><strong>leonis,</strong></span> 
     </span>
     <span class='ocr_line' id='line_1_49' title="bbox 427 4205 1491 4272; baseline 0.003 -16"><span class='ocrx_word' id='word_1_251' title='bbox 427 4222 581 4272; x_wconf 85' lang='lat' dir='ltr'><strong>quem</strong></span> <span class='ocrx_word' id='word_1_252' title='bbox 607 4207 798 4272; x_wconf 80' lang='lat' dir='ltr'><strong>aquilae</strong></span> <span class='ocrx_word' id='word_1_253' title='bbox 823 4205 968 4257; x_wconf 87' lang='lat' dir='ltr'><strong>Jovis</strong></span> <span class='ocrx_word' id='word_1_254' title='bbox 994 4212 1284 4270; x_wconf 85' lang='lat' dir='ltr'><strong>comparat,</strong></span> <span class='ocrx_word' id='word_1_255' title='bbox 1301 4214 1362 4257; x_wconf 90' lang='lat' dir='ltr'><strong>ut</strong></span> <span class='ocrx_word' id='word_1_256' title='bbox 1381 4210 1491 4259; x_wconf 89' lang='lat' dir='ltr'><strong>Do·</strong></span> 
     </span>
    </p>
   </div>
   <div class='ocr_carea' id='block_1_2' title="bbox 1100 357 1902 411">
    <p class='ocr_par' dir='ltr' id='par_1_9' title="bbox 1100 357 1902 411">
     <span class='ocr_line' id='line_1_50' title="bbox 1100 357 1902 411; baseline -0.009 0"><span class='ocrx_word' id='word_1_257' title='bbox 1100 362 1318 411; x_wconf 62' lang='lat' dir='ltr'><strong>NOTA:</strong></span> <span class='ocrx_word' id='word_1_258' title='bbox 1373 357 1773 408; x_wconf 67' lang='lat' dir='ltr'><strong>vamoltuu</strong></span> <span class='ocrx_word' id='word_1_259' title='bbox 1825 357 1902 404; x_wconf 87' lang='lat' dir='ltr'><strong>IN</strong></span> 
     </span>
    </p>
   </div>
   <div class='ocr_carea' id='block_1_3' title="bbox 1537 506 2634 2040">
    <p class='ocr_par' dir='ltr' id='par_1_10' title="bbox 1539 506 2627 642">
     <span class='ocr_line' id='line_1_51' title="bbox 1539 506 2627 577; baseline -0.006 -14"><span class='ocrx_word' id='word_1_260' title='bbox 1539 510 1899 577; x_wconf 76' lang='lat' dir='ltr'><strong>Ganymedem</strong></span> <span class='ocrx_word' id='word_1_261' title='bbox 1921 509 2076 560; x_wconf 84' lang='lat' dir='ltr'><strong>Trois</strong></span> <span class='ocrx_word' id='word_1_262' title='bbox 2096 507 2279 571; x_wconf 80' lang='lat' dir='ltr'><strong>fllium,</strong></span> <span class='ocrx_word' id='word_1_263' title='bbox 2297 506 2419 558; x_wconf 81' lang='lat' dir='ltr'><strong>vide</strong></span> <span class='ocrx_word' id='word_1_264' title='bbox 2445 506 2627 572; x_wconf 80' lang='lat' dir='ltr'><strong>epigr.</strong></span> 
     </span>
     <span class='ocr_line' id='line_1_52' title="bbox 1541 591 1752 642; baseline -0.009 -2"><span class='ocrx_word' id='word_1_265' title='bbox 1541 595 1623 642; x_wconf 79' lang='lat'><strong>56.</strong></span> <span class='ocrx_word' id='word_1_266' title='bbox 1643 591 1679 640; x_wconf 83' lang='lat' dir='ltr'><strong>l.</strong></span> <span class='ocrx_word' id='word_1_267' title='bbox 1702 596 1752 639; x_wconf 79' lang='lat'><strong>5.</strong></span> 
     </span>
    </p>

    <p class='ocr_par' dir='ltr' id='par_1_11' title="bbox 1539 665 2630 873">
     <span class='ocr_line' id='line_1_53' title="bbox 1601 665 2630 729; baseline -0.008 -10"><span class='ocrx_word' id='word_1_268' title='bbox 1601 673 1634 718; x_wconf 75' lang='grc'><strong>2</strong></span> <span class='ocrx_word' id='word_1_269' title='bbox 1670 666 2017 729; x_wconf 50' lang='grc' dir='ltr'><strong>ΊῖηιίάὶεΛτλ</strong></span> <span class='ocrx_word' id='word_1_270' title='bbox 2042 665 2270 716; x_wconf 89' lang='lat' dir='ltr'><strong>Solieitis</strong></span> <span class='ocrx_word' id='word_1_271' title='bbox 2287 678 2354 713; x_wconf 90' lang='lat' dir='ltr'><strong>ne</strong></span> <span class='ocrx_word' id='word_1_272' title='bbox 2372 678 2515 727; x_wconf 89' lang='lat' dir='ltr'><strong>puer</strong></span> <span class='ocrx_word' id='word_1_273' title='bbox 2529 677 2630 712; x_wconf 82' lang='lat' dir='ltr'><strong>ex-</strong></span> 
     </span>
     <span class='ocr_line' id='line_1_54' title="bbox 1541 741 2626 802; baseline -0.006 -7"><span class='ocrx_word' id='word_1_274' title='bbox 1541 745 1746 795; x_wconf 89' lang='lat' dir='ltr'><strong>cideret</strong></span> <span class='ocrx_word' id='word_1_275' title='bbox 1780 744 1862 793; x_wconf 83' lang='lat' dir='ltr'><strong>vel</strong></span> <span class='ocrx_word' id='word_1_276' title='bbox 1902 742 2220 791; x_wconf 74' lang='lat' dir='ltr'><strong>laederetnr:</strong></span> <span class='ocrx_word' id='word_1_277' title='bbox 2257 741 2333 790; x_wconf 86' lang='lat' dir='ltr'><strong>sic</strong></span> <span class='ocrx_word' id='word_1_278' title='bbox 2370 755 2462 802; x_wconf 90' lang='lat' dir='ltr'><strong>ep.</strong></span> <span class='ocrx_word' id='word_1_279' title='bbox 2501 741 2626 789; x_wconf 81' lang='grc'><strong>104.</strong></span> 
     </span>
     <span class='ocr_line' id='line_1_55' title="bbox 1539 818 2227 873; baseline -0.007 0"><span class='ocrx_word' id='word_1_280' title='bbox 1539 820 1554 851; x_wconf 83' lang='lat'>‘</span> <span class='ocrx_word' id='word_1_281' title='bbox 1575 822 1781 873; x_wconf 84' lang='lat' dir='ltr'><strong>timidos</strong></span> <span class='ocrx_word' id='word_1_282' title='bbox 1801 830 1981 870; x_wconf 83' lang='lat' dir='ltr'><strong>tenere</strong></span> <span class='ocrx_word' id='word_1_283' title='bbox 2004 818 2227 869; x_wconf 68' lang='lat' dir='ltr'><strong>dentes!</strong></span> 
     </span>
    </p>

    <p class='ocr_par' dir='ltr' id='par_1_12' title="bbox 1537 895 2634 1485">
     <span class='ocr_line' id='line_1_56' title="bbox 1604 895 2630 964; baseline -0.005 -13"><span class='ocrx_word' id='word_1_284' title='bbox 1604 906 1635 951; x_wconf 86' lang='grc'><strong>3</strong></span> <span class='ocrx_word' id='word_1_285' title='bbox 1675 902 1818 951; x_wconf 75' lang='lat' dir='ltr'><strong>Nunc</strong></span> <span class='ocrx_word' id='word_1_286' title='bbox 1837 901 1947 964; x_wconf 78' lang='lat' dir='ltr'><strong>saa]</strong></span> <span class='ocrx_word' id='word_1_287' title='bbox 2016 899 2088 948; x_wconf 90' lang='lat' dir='ltr'><strong>Ut</strong></span> <span class='ocrx_word' id='word_1_288' title='bbox 2121 898 2306 963; x_wconf 81' lang='lat' dir='ltr'><strong>aquilae</strong></span> <span class='ocrx_word' id='word_1_289' title='bbox 2330 896 2511 955; x_wconf 84' lang='lat' dir='ltr'><strong>Jovis,</strong></span> <span class='ocrx_word' id='word_1_290' title='bbox 2547 895 2630 946; x_wconf 84' lang='lat' dir='ltr'><strong>ita</strong></span> 
     </span>
     <span class='ocr_line' id='line_1_57' title="bbox 1541 975 2631 1035; baseline -0.003 -8"><span class='ocrx_word' id='word_1_291' title='bbox 1541 979 1720 1029; x_wconf 87' lang='lat' dir='ltr'><strong>leones</strong></span> <span class='ocrx_word' id='word_1_292' title='bbox 1740 984 1922 1026; x_wconf 89' lang='lat' dir='ltr'><strong>nutum</strong></span> <span class='ocrx_word' id='word_1_293' title='bbox 1947 976 2229 1024; x_wconf 86' lang='lat' dir='ltr'><strong>observant</strong></span> <span class='ocrx_word' id='word_1_294' title='bbox 2270 975 2532 1035; x_wconf 73' lang='lat' dir='ltr'><strong>Ca‘saris3</strong></span> <span class='ocrx_word' id='word_1_295' title='bbox 2570 983 2631 1024; x_wconf 88' lang='lat' dir='ltr'><strong>et</strong></span> 
     </span>
     <span class='ocr_line' id='line_1_58' title="bbox 1543 1050 2633 1118; baseline -0.003 -17"><span class='ocrx_word' id='word_1_296' title='bbox 1543 1051 1739 1118; x_wconf 77' lang='lat' dir='ltr'><strong>praedae</strong></span> <span class='ocrx_word' id='word_1_297' title='bbox 1767 1053 1877 1116; x_wconf 87' lang='lat' dir='ltr'><strong>jam</strong></span> <span class='ocrx_word' id='word_1_298' title='bbox 1916 1059 2090 1114; x_wconf 83' lang='lat' dir='ltr'><strong>captae</strong></span> <span class='ocrx_word' id='word_1_299' title='bbox 2119 1050 2633 1114; x_wconf 85' lang='lat' dir='ltr'><strong>parcunt,lepores-</strong></span> 
     </span>
     <span class='ocr_line' id='line_1_59' title="bbox 1544 1125 2633 1195; baseline -0.002 -17"><span class='ocrx_word' id='word_1_300' title='bbox 1544 1144 1646 1195; x_wconf 91' lang='lat' dir='ltr'><strong>qne</strong></span> <span class='ocrx_word' id='word_1_301' title='bbox 1703 1143 1919 1193; x_wconf 85' lang='lat' dir='ltr'><strong>prensos</strong></span> <span class='ocrx_word' id='word_1_302' title='bbox 1952 1127 2089 1191; x_wconf 83' lang='lat' dir='ltr'><strong>jussi</strong></span> <span class='ocrx_word' id='word_1_303' title='bbox 2140 1127 2430 1176; x_wconf 86' lang='lat' dir='ltr'><strong>dimittunt.</strong></span> <span class='ocrx_word' id='word_1_304' title='bbox 2521 1125 2633 1176; x_wconf 80' lang='lat' dir='ltr'><strong>Sua</strong></span> 
     </span>
     <span class='ocr_line' id='line_1_60' title="bbox 1537 1200 2632 1271; baseline -0.003 -16"><span class='ocrx_word' id='word_1_305' title='bbox 1537 1204 1727 1271; x_wconf 80' lang='lat' dir='ltr'><strong>proeda]</strong></span> <span class='ocrx_word' id='word_1_306' title='bbox 1772 1205 1892 1268; x_wconf 80' lang='lat' dir='ltr'><strong>Ipse</strong></span> <span class='ocrx_word' id='word_1_307' title='bbox 1928 1205 2093 1267; x_wconf 86' lang='lat' dir='ltr'><strong>lepus.</strong></span> <span class='ocrx_word' id='word_1_308' title='bbox 2129 1203 2394 1266; x_wconf 81' lang='lat' dir='ltr'><strong>Coesareos]</strong></span> <span class='ocrx_word' id='word_1_309' title='bbox 2430 1200 2483 1250; x_wconf 82' lang='lat' dir='ltr'><strong>A</strong></span> <span class='ocrx_word' id='word_1_310' title='bbox 2509 1202 2632 1252; x_wconf 79' lang='lat' dir='ltr'><strong>Cae-</strong></span> 
     </span>
     <span class='ocr_line' id='line_1_61' title="bbox 1543 1278 2632 1343; baseline -0.005 -11"><span class='ocrx_word' id='word_1_311' title='bbox 1543 1297 1658 1332; x_wconf 87' lang='lat' dir='ltr'><strong>sare</strong></span> <span class='ocrx_word' id='word_1_312' title='bbox 1672 1281 1953 1331; x_wconf 81' lang='lat' dir='ltr'><strong>exhibitos.</strong></span> <span class='ocrx_word' id='word_1_313' title='bbox 1989 1283 2197 1340; x_wconf 79' lang='lat' dir='ltr'><strong>Exorat,</strong></span> <span class='ocrx_word' id='word_1_314' title='bbox 2214 1280 2319 1343; x_wconf 61' lang='lat' dir='ltr'><strong>lfa]</strong></span> <span class='ocrx_word' id='word_1_315' title='bbox 2347 1280 2437 1328; x_wconf 80' lang='lat' dir='ltr'><strong>Ne</strong></span> <span class='ocrx_word' id='word_1_316' title='bbox 2465 1278 2632 1328; x_wconf 79' lang='lat' dir='ltr'><strong>laeda-</strong></span> 
     </span>
     <span class='ocr_line' id='line_1_62' title="bbox 1545 1355 2634 1422; baseline -0.002 -14"><span class='ocrx_word' id='word_1_317' title='bbox 1545 1365 1632 1413; x_wconf 86' lang='lat' dir='ltr'><strong>tur</strong></span> <span class='ocrx_word' id='word_1_318' title='bbox 1653 1360 1822 1422; x_wconf 89' lang='lat' dir='ltr'><strong>lepus,</strong></span> <span class='ocrx_word' id='word_1_319' title='bbox 1844 1357 2108 1420; x_wconf 83' lang='lat' dir='ltr'><strong>impetrat.</strong></span> <span class='ocrx_word' id='word_1_320' title='bbox 2144 1355 2455 1419; x_wconf 84' lang='lat' dir='ltr'><strong>Scriverius,</strong></span> <span class='ocrx_word' id='word_1_321' title='bbox 2479 1370 2634 1406; x_wconf 88' lang='lat' dir='ltr'><strong>man·</strong></span> 
     </span>
     <span class='ocr_line' id='line_1_63' title="bbox 1547 1435 1759 1485; baseline -0.009 0"><span class='ocrx_word' id='word_1_322' title='bbox 1547 1435 1759 1485; x_wconf 89' lang='lat' dir='ltr'><strong>suescit.</strong></span> 
     </span>
    </p>

    <p class='ocr_par' dir='ltr' id='par_1_13' title="bbox 1546 1508 2634 1949">
     <span class='ocr_line' id='line_1_64' title="bbox 1610 1508 2632 1574; baseline 0 -14"><span class='ocrx_word' id='word_1_323' title='bbox 1610 1518 1640 1560; x_wconf 85' lang='grc'><strong>5</strong></span> <span class='ocrx_word' id='word_1_324' title='bbox 1681 1511 1803 1567; x_wconf 80' lang='lat' dir='ltr'><strong>Qaoe</strong></span> <span class='ocrx_word' id='word_1_325' title='bbox 1818 1509 2142 1574; x_wconf 52' lang='lat' dir='ltr'><strong>major-melfa]</strong></span> <span class='ocrx_word' id='word_1_326' title='bbox 2178 1509 2338 1558; x_wconf 85' lang='lat' dir='ltr'><strong>Certe</strong></span> <span class='ocrx_word' id='word_1_327' title='bbox 2354 1508 2476 1561; x_wconf 83' lang='lat' dir='ltr'><strong>haec</strong></span> <span class='ocrx_word' id='word_1_328' title='bbox 2496 1516 2632 1560; x_wconf 86' lang='lat' dir='ltr'><strong>sunt</strong></span> 
     </span>
     <span class='ocr_line' id='line_1_65' title="bbox 1546 1587 2634 1653; baseline -0.003 -15"><span class='ocrx_word' id='word_1_329' title='bbox 1546 1589 1761 1652; x_wconf 86' lang='lat' dir='ltr'><strong>majora,</strong></span> <span class='ocrx_word' id='word_1_330' title='bbox 1801 1588 1943 1653; x_wconf 85' lang='lat' dir='ltr'><strong>quod</strong></span> <span class='ocrx_word' id='word_1_331' title='bbox 1988 1588 2125 1636; x_wconf 90' lang='lat' dir='ltr'><strong>leoni</strong></span> <span class='ocrx_word' id='word_1_332' title='bbox 2172 1587 2337 1651; x_wconf 80' lang='lat' dir='ltr'><strong>magis</strong></span> <span class='ocrx_word' id='word_1_333' title='bbox 2404 1587 2634 1650; x_wconf 86' lang='lat' dir='ltr'><strong>propria</strong></span> 
     </span>
     <span class='ocr_line' id='line_1_66' title="bbox 1546 1664 2631 1731; baseline -0.001 -17"><span class='ocrx_word' id='word_1_334' title='bbox 1546 1664 1729 1731; x_wconf 75' lang='lat' dir='ltr'><strong>praeda</strong></span> <span class='ocrx_word' id='word_1_335' title='bbox 1763 1665 1833 1716; x_wconf 89' lang='lat' dir='ltr'><strong>sit</strong></span> <span class='ocrx_word' id='word_1_336' title='bbox 1867 1664 2034 1728; x_wconf 88' lang='lat' dir='ltr'><strong>lepus,</strong></span> <span class='ocrx_word' id='word_1_337' title='bbox 2070 1679 2227 1729; x_wconf 91' lang='lat' dir='ltr'><strong>quam</strong></span> <span class='ocrx_word' id='word_1_338' title='bbox 2248 1664 2437 1728; x_wconf 76' lang='lat' dir='ltr'><strong>aquiloe</strong></span> <span class='ocrx_word' id='word_1_339' title='bbox 2467 1678 2631 1728; x_wconf 83' lang='lat' dir='ltr'><strong>puer,</strong></span> 
     </span>
     <span class='ocr_line' id='line_1_67' title="bbox 1547 1743 2634 1809; baseline -0.003 -14"><span class='ocrx_word' id='word_1_340' title='bbox 1547 1752 1601 1795; x_wconf 88' lang='lat' dir='ltr'><strong>et</strong></span> <span class='ocrx_word' id='word_1_341' title='bbox 1624 1751 2004 1809; x_wconf 88' lang='lat' dir='ltr'><strong>consequenter</strong></span> <span class='ocrx_word' id='word_1_342' title='bbox 2026 1743 2309 1792; x_wconf 79' lang='lat' dir='ltr'><strong>Domitiani</strong></span> <span class='ocrx_word' id='word_1_343' title='bbox 2339 1743 2445 1792; x_wconf 81' lang='lat' dir='ltr'><strong>hec</strong></span> <span class='ocrx_word' id='word_1_344' title='bbox 2470 1744 2634 1792; x_wconf 86' lang='lat' dir='ltr'><strong>mira·</strong></span> 
     </span>
     <span class='ocr_line' id='line_1_68' title="bbox 1546 1818 2634 1885; baseline -0.003 -13"><span class='ocrx_word' id='word_1_345' title='bbox 1546 1823 1719 1873; x_wconf 90' lang='lat' dir='ltr'><strong>culum</strong></span> <span class='ocrx_word' id='word_1_346' title='bbox 1742 1823 1906 1885; x_wconf 85' lang='lat' dir='ltr'><strong>majus</strong></span> <span class='ocrx_word' id='word_1_347' title='bbox 1925 1835 2077 1885; x_wconf 88' lang='lat' dir='ltr'><strong>quam</strong></span> <span class='ocrx_word' id='word_1_348' title='bbox 2101 1818 2228 1868; x_wconf 92' lang='lat' dir='ltr'><strong>illud</strong></span> <span class='ocrx_word' id='word_1_349' title='bbox 2250 1819 2421 1871; x_wconf 82' lang='lat' dir='ltr'><strong>Jovis.</strong></span> <span class='ocrx_word' id='word_1_350' title='bbox 2480 1819 2634 1869; x_wconf 85' lang='lat' dir='ltr'><strong>Adu-</strong></span> 
     </span>
     <span class='ocr_line' id='line_1_69' title="bbox 1547 1894 1757 1949; baseline 0.005 -1"><span class='ocrx_word' id='word_1_351' title='bbox 1547 1894 1757 1949; x_wconf 74' lang='lat' dir='ltr'><strong>latorie.</strong></span> 
     </span>
    </p>

    <p class='ocr_par' dir='ltr' id='par_1_14' title="bbox 1614 1975 2632 2040">
     <span class='ocr_line' id='line_1_70' title="bbox 1614 1975 2632 2040; baseline -0.002 -14"><span class='ocrx_word' id='word_1_352' title='bbox 1614 1978 1776 2027; x_wconf 74' lang='lat' dir='ltr'><strong>Eme.</strong></span> <span class='ocrx_word' id='word_1_353' title='bbox 1799 1989 1923 2025; x_wconf 85' lang='lat' dir='ltr'><strong>vm.</strong></span> <span class='ocrx_word' id='word_1_354' title='bbox 1977 1980 2002 2024; x_wconf 85' lang='lat'>1</span> <span class='ocrx_word' id='word_1_355' title='bbox 2027 1975 2214 2038; x_wconf 58' lang='lat' dir='ltr'><strong>mellae]</strong></span> <span class='ocrx_word' id='word_1_356' title='bbox 2249 1975 2503 2037; x_wconf 83' lang='lat' dir='ltr'><strong>Carmen,</strong></span> <span class='ocrx_word' id='word_1_357' title='bbox 2523 1990 2632 2040; x_wconf 87' lang='lat' dir='ltr'><strong>quo</strong></span> 
     </span>
    </p>
   </div>
   <div class='ocr_carea' id='block_1_4' title="bbox 1550 2048 2711 2114">
    <p class='ocr_par' dir='ltr' id='par_1_15' title="bbox 1550 2048 2711 2114">
     <span class='ocr_line' id='line_1_71' title="bbox 1550 2048 2711 2114; baseline 0.001 -11"><span class='ocrx_word' id='word_1_358' title='bbox 1550 2052 1802 2104; x_wconf 83' lang='lat' dir='ltr'><strong>Arantius</strong></span> <span class='ocrx_word' id='word_1_359' title='bbox 1842 2052 2011 2103; x_wconf 78' lang='lat' dir='ltr'><strong>Stella</strong></span> <span class='ocrx_word' id='word_1_360' title='bbox 2056 2051 2362 2114; x_wconf 60' lang='lat' dir='ltr'><strong>Patavinae,</strong></span> <span class='ocrx_word' id='word_1_361' title='bbox 2414 2051 2643 2114; x_wconf 58' lang='lat' dir='ltr'><strong>Elegit».</strong></span> <span class='ocrx_word' id='word_1_362' title='bbox 2684 2048 2711 2063; x_wconf 72' lang='lat'><strong>&#39;¹</strong></span> 
     </span>
    </p>
   </div>
   <div class='ocr_carea' id='block_1_5' title="bbox 1549 2127 2657 2964">
    <p class='ocr_par' dir='ltr' id='par_1_16' title="bbox 1549 2127 2657 2886">
     <span class='ocr_line' id='line_1_72' title="bbox 1550 2127 2626 2198; baseline -0.002 -16"><span class='ocrx_word' id='word_1_363' title='bbox 1550 2132 1779 2198; x_wconf 79' lang='lat' dir='ltr'><strong>graphas</strong></span> <span class='ocrx_word' id='word_1_364' title='bbox 1801 2130 2067 2181; x_wconf 87' lang='lat' dir='ltr'><strong>Hiantidis</strong></span> <span class='ocrx_word' id='word_1_365' title='bbox 2084 2145 2191 2178; x_wconf 83' lang='lat' dir='ltr'><strong>suae</strong></span> <span class='ocrx_word' id='word_1_366' title='bbox 2205 2127 2402 2194; x_wconf 78' lang='lat' dir='ltr'><strong>(epigr.</strong></span> <span class='ocrx_word' id='word_1_367' title='bbox 2421 2130 2626 2180; x_wconf 79' lang='grc'><strong>21.1.6.</strong></span> 
     </span>
     <span class='ocr_line' id='line_1_73' title="bbox 1553 2206 2628 2273; baseline -0.007 -11"><span class='ocrx_word' id='word_1_368' title='bbox 1553 2225 1690 2262; x_wconf 81' lang='lat' dir='ltr'><strong>vers.</strong></span> <span class='ocrx_word' id='word_1_369' title='bbox 1713 2214 1759 2259; x_wconf 84' lang='lat'><strong>1.</strong></span> <span class='ocrx_word' id='word_1_370' title='bbox 1788 2216 1844 2259; x_wconf 91' lang='lat' dir='ltr'><strong>et</strong></span> <span class='ocrx_word' id='word_1_371' title='bbox 1865 2208 2038 2273; x_wconf 81' lang='lat' dir='ltr'><strong>epigr.</strong></span> <span class='ocrx_word' id='word_1_372' title='bbox 2056 2211 2136 2257; x_wconf 78' lang='lat'><strong>13.</strong></span> <span class='ocrx_word' id='word_1_373' title='bbox 2159 2208 2195 2256; x_wconf 92' lang='lat' dir='ltr'><strong>l.</strong></span> <span class='ocrx_word' id='word_1_374' title='bbox 2212 2206 2289 2268; x_wconf 90' lang='grc'><strong>7.)</strong></span> <span class='ocrx_word' id='word_1_375' title='bbox 2319 2206 2628 2255; x_wconf 81' lang='lat' dir='ltr'><strong>columbam</strong></span> 
     </span>
     <span class='ocr_line' id='line_1_74' title="bbox 1549 2287 2657 2350; baseline -0.005 -12"><span class='ocrx_word' id='word_1_376' title='bbox 1549 2287 1784 2350; x_wconf 81' lang='lat' dir='ltr'><strong>deflevit,</strong></span> <span class='ocrx_word' id='word_1_377' title='bbox 1808 2293 1954 2337; x_wconf 87' lang='lat' dir='ltr'><strong>tanto</strong></span> <span class='ocrx_word' id='word_1_378' title='bbox 1978 2293 2191 2349; x_wconf 85' lang='lat' dir='ltr'><strong>superat</strong></span> <span class='ocrx_word' id='word_1_379' title='bbox 2209 2297 2427 2334; x_wconf 85' lang='lat' dir='ltr'><strong>carmen</strong></span> <span class='ocrx_word' id='word_1_380' title='bbox 2443 2288 2493 2334; x_wconf 90' lang='grc'><strong>2.</strong></span> <span class='ocrx_word' id='word_1_381' title='bbox 2509 2290 2566 2333; x_wconf 89' lang='lat' dir='ltr'><strong>et</strong></span> <span class='ocrx_word' id='word_1_382' title='bbox 2581 2289 2635 2333; x_wconf 85' lang='grc'><strong>3.</strong></span> <span class='ocrx_word' id='word_1_383' title='bbox 2653 2343 2657 2346; x_wconf 12' lang='grc' dir='ltr'><em>Α</em></span> 
     </span>
     <span class='ocr_line' id='line_1_75' title="bbox 1549 2360 2639 2426; baseline -0.005 -11"><span class='ocrx_word' id='word_1_384' title='bbox 1549 2365 1666 2415; x_wconf 90' lang='lat' dir='ltr'><strong>Val.</strong></span> <span class='ocrx_word' id='word_1_385' title='bbox 1701 2363 1890 2414; x_wconf 83' lang='lat' dir='ltr'><strong>Catulli</strong></span> <span class='ocrx_word' id='word_1_386' title='bbox 1931 2362 2248 2412; x_wconf 72' lang='lat' dir='ltr'><strong>Veronensis</strong></span> <span class='ocrx_word' id='word_1_387' title='bbox 2281 2360 2347 2409; x_wconf 91' lang='lat' dir='ltr'><strong>de</strong></span> <span class='ocrx_word' id='word_1_388' title='bbox 2393 2361 2639 2426; x_wconf 85' lang='lat' dir='ltr'><strong>nequitia</strong></span> 
     </span>
     <span class='ocr_line' id='line_1_76' title="bbox 1550 2437 2640 2507; baseline -0.004 -15"><span class='ocrx_word' id='word_1_389' title='bbox 1550 2446 1823 2507; x_wconf 89' lang='lat' dir='ltr'><strong>morteque</strong></span> <span class='ocrx_word' id='word_1_390' title='bbox 1838 2439 2062 2505; x_wconf 86' lang='lat' dir='ltr'><strong>passeris</strong></span> <span class='ocrx_word' id='word_1_391' title='bbox 2074 2454 2180 2489; x_wconf 83' lang='lat' dir='ltr'><strong>suae</strong></span> <span class='ocrx_word' id='word_1_392' title='bbox 2195 2437 2421 2500; x_wconf 85' lang='lat' dir='ltr'><strong>Lesbiae,</strong></span> <span class='ocrx_word' id='word_1_393' title='bbox 2434 2445 2640 2503; x_wconf 87' lang='lat' dir='ltr'><strong>quanto</strong></span> 
     </span>
     <span class='ocr_line' id='line_1_77' title="bbox 1553 2516 2637 2584; baseline -0.004 -14"><span class='ocrx_word' id='word_1_394' title='bbox 1553 2533 1762 2584; x_wconf 87' lang='lat' dir='ltr'><strong>passere</strong></span> <span class='ocrx_word' id='word_1_395' title='bbox 1774 2519 1938 2584; x_wconf 82' lang='lat' dir='ltr'><strong>major</strong></span> <span class='ocrx_word' id='word_1_396' title='bbox 1952 2523 2035 2567; x_wconf 88' lang='lat' dir='ltr'><strong>est</strong></span> <span class='ocrx_word' id='word_1_397' title='bbox 2048 2516 2302 2567; x_wconf 84' lang='lat' dir='ltr'><strong>columba.</strong></span> <span class='ocrx_word' id='word_1_398' title='bbox 2321 2516 2448 2565; x_wconf 83' lang='lat' dir='ltr'><strong>vide</strong></span> <span class='ocrx_word' id='word_1_399' title='bbox 2463 2517 2637 2579; x_wconf 82' lang='lat' dir='ltr'><strong>epigr.</strong></span> 
     </span>
     <span class='ocr_line' id='line_1_78' title="bbox 1554 2591 2634 2659; baseline -0.006 -13"><span class='ocrx_word' id='word_1_400' title='bbox 1554 2596 1691 2647; x_wconf 81' lang='grc'><strong>13.1.</strong></span> <span class='ocrx_word' id='word_1_401' title='bbox 1713 2599 1764 2645; x_wconf 89' lang='grc'><strong>7.</strong></span> <span class='ocrx_word' id='word_1_402' title='bbox 1805 2608 1944 2643; x_wconf 82' lang='lat' dir='ltr'><strong>vers.</strong></span> <span class='ocrx_word' id='word_1_403' title='bbox 1967 2596 2014 2643; x_wconf 75' lang='lat'><strong>3.</strong></span> <span class='ocrx_word' id='word_1_404' title='bbox 2048 2598 2104 2642; x_wconf 87' lang='lat' dir='ltr'><strong>et</strong></span> <span class='ocrx_word' id='word_1_405' title='bbox 2125 2596 2175 2641; x_wconf 92' lang='grc'><strong>4.</strong></span> <span class='ocrx_word' id='word_1_406' title='bbox 2222 2592 2491 2653; x_wconf 71' lang='lat' dir='ltr'><strong>Delicium,</strong></span> <span class='ocrx_word' id='word_1_407' title='bbox 2525 2591 2634 2659; x_wconf 56' lang='grc' dir='ltr'><strong>ξω]</strong></span> 
     </span>
     <span class='ocr_line' id='line_1_79' title="bbox 1552 2666 2637 2722; baseline -0.005 -1"><span class='ocrx_word' id='word_1_408' title='bbox 1552 2671 1696 2722; x_wconf 91' lang='lat' dir='ltr'><strong>Imit.</strong></span> <span class='ocrx_word' id='word_1_409' title='bbox 1752 2669 2047 2720; x_wconf 88' lang='lat' dir='ltr'><strong>Catulliana</strong></span> <span class='ocrx_word' id='word_1_410' title='bbox 2068 2682 2082 2717; x_wconf 72' lang='grc' dir='ltr'><strong>ε</strong></span> <span class='ocrx_word' id='word_1_411' title='bbox 2139 2668 2155 2695; x_wconf 87' lang='lat'>‘</span> <span class='ocrx_word' id='word_1_412' title='bbox 2180 2666 2374 2716; x_wconf 85' lang='lat' dir='ltr'><strong>Passer</strong></span> <span class='ocrx_word' id='word_1_413' title='bbox 2421 2668 2637 2718; x_wconf 77' lang='lat' dir='ltr'><strong>deliciae</strong></span> 
     </span>
     <span class='ocr_line' id='line_1_80' title="bbox 1553 2743 2638 2811; baseline -0.006 -13"><span class='ocrx_word' id='word_1_414' title='bbox 1553 2763 1682 2798; x_wconf 84' lang='lat' dir='ltr'><strong>meae</strong></span> <span class='ocrx_word' id='word_1_415' title='bbox 1716 2746 1905 2811; x_wconf 82' lang='lat' dir='ltr'><strong>puellae</strong></span> <span class='ocrx_word' id='word_1_416' title='bbox 1926 2744 1958 2793; x_wconf 81' lang='lat' dir='ltr'><strong>l’</strong></span> <span class='ocrx_word' id='word_1_417' title='bbox 1994 2750 2056 2794; x_wconf 89' lang='lat' dir='ltr'><strong>ut</strong></span> <span class='ocrx_word' id='word_1_418' title='bbox 2079 2758 2216 2803; x_wconf 85' lang='lat' dir='ltr'><strong>mox,</strong></span> <span class='ocrx_word' id='word_1_419' title='bbox 2236 2744 2443 2791; x_wconf 81' lang='lat' dir='ltr'><strong>‘Tanto</strong></span> <span class='ocrx_word' id='word_1_420' title='bbox 2460 2743 2638 2807; x_wconf 58' lang='lat' dir='ltr'><strong>«pessi-</strong></span> 
     </span>
     <span class='ocr_line' id='line_1_81' title="bbox 1554 2819 2531 2886; baseline -0.004 -12"><span class='ocrx_word' id='word_1_421' title='bbox 1554 2840 1668 2874; x_wconf 83' lang='lat' dir='ltr'><strong>mus</strong></span> <span class='ocrx_word' id='word_1_422' title='bbox 1688 2823 1913 2875; x_wconf 88' lang='lat' dir='ltr'><strong>omnium</strong></span> <span class='ocrx_word' id='word_1_423' title='bbox 1938 2820 2115 2886; x_wconf 67' lang='lat' dir='ltr'><strong>poeta,</strong></span> <span class='ocrx_word' id='word_1_424' title='bbox 2150 2819 2404 2881; x_wconf 80' lang='lat' dir='ltr'><strong>Quanto,&#39;</strong></span> <span class='ocrx_word' id='word_1_425' title='bbox 2429 2823 2531 2870; x_wconf 68' lang='grc' dir='ltr'><strong>διο.</strong></span> 
     </span>
    </p>

    <p class='ocr_par' dir='ltr' id='par_1_17' title="bbox 1619 2896 2640 2964">
     <span class='ocr_line' id='line_1_82' title="bbox 1619 2896 2640 2964; baseline -0.002 -13"><span class='ocrx_word' id='word_1_426' title='bbox 1619 2907 1666 2951; x_wconf 50' lang='grc' dir='ltr'><strong>2Ἰ</strong></span> <span class='ocrx_word' id='word_1_427' title='bbox 1694 2901 1897 2961; x_wconf 81' lang='lat' dir='ltr'><strong>Verona,</strong></span> <span class='ocrx_word' id='word_1_428' title='bbox 1918 2899 2028 2964; x_wconf 56' lang='grc' dir='ltr'><strong>ξω]</strong></span> <span class='ocrx_word' id='word_1_429' title='bbox 2079 2898 2209 2961; x_wconf 87' lang='lat' dir='ltr'><strong>Ipsa</strong></span> <span class='ocrx_word' id='word_1_430' title='bbox 2227 2896 2427 2947; x_wconf 87' lang='lat' dir='ltr'><strong>Catulli</strong></span> <span class='ocrx_word' id='word_1_431' title='bbox 2445 2897 2640 2961; x_wconf 86' lang='lat' dir='ltr'><strong>patria.</strong></span> 
     </span>
    </p>
   </div>
   <div class='ocr_carea' id='block_1_6' title="bbox 1531 2972 2738 3119">
    <p class='ocr_par' dir='ltr' id='par_1_18' title="bbox 1531 2972 2738 3119">
     <span class='ocr_line' id='line_1_83' title="bbox 1557 2972 2738 3040; baseline -0.006 -12"><span class='ocrx_word' id='word_1_432' title='bbox 1557 2976 1749 3040; x_wconf 79' lang='lat' dir='ltr'><strong>Empli.</strong></span> <span class='ocrx_word' id='word_1_433' title='bbox 1784 2976 1909 3039; x_wconf 90' lang='lat' dir='ltr'><strong>Ipsa</strong></span> <span class='ocrx_word' id='word_1_434' title='bbox 1928 2988 2055 3037; x_wconf 82' lang='lat' dir='ltr'><strong>ergo</strong></span> <span class='ocrx_word' id='word_1_435' title='bbox 2073 2974 2284 3021; x_wconf 82' lang='lat' dir='ltr'><strong>Verona</strong></span> <span class='ocrx_word' id='word_1_436' title='bbox 2300 2972 2485 3021; x_wconf 87' lang='lat' dir='ltr'><strong>audiat</strong></span> <span class='ocrx_word' id='word_1_437' title='bbox 2501 2974 2639 3022; x_wconf 73' lang='lat' dir='ltr'><strong>Stel·</strong></span> <span class='ocrx_word' id='word_1_438' title='bbox 2732 2979 2738 2984; x_wconf 76' lang='grc'><strong>’</strong></span> 
     </span>
     <span class='ocr_line' id='line_1_84' title="bbox 1531 3050 2636 3119; baseline -0.006 -15"><span class='ocrx_word' id='word_1_439' title='bbox 1531 3056 1658 3119; x_wconf 15' lang='lat' dir='ltr'><strong>*lam</strong></span> <span class='ocrx_word' id='word_1_440' title='bbox 1716 3054 2050 3115; x_wconf 87' lang='lat' dir='ltr'><strong>Patavinum,</strong></span> <span class='ocrx_word' id='word_1_441' title='bbox 2092 3050 2359 3099; x_wconf 87' lang='lat' dir='ltr'><strong>meliorem</strong></span> <span class='ocrx_word' id='word_1_442' title='bbox 2420 3051 2636 3100; x_wconf 85' lang='lat' dir='ltr'><strong>Catullo</strong></span> 
     </span>
    </p>
   </div>
   <div class='ocr_carea' id='block_1_7' title="bbox 1553 3126 2636 4270">
    <p class='ocr_par' dir='ltr' id='par_1_19' title="bbox 1557 3126 2635 3258">
     <span class='ocr_line' id='line_1_85' title="bbox 1557 3126 2635 3195; baseline -0.005 -15"><span class='ocrx_word' id='word_1_443' title='bbox 1557 3130 1787 3195; x_wconf 73' lang='lat' dir='ltr'><strong>poe&#39;tam.</strong></span> <span class='ocrx_word' id='word_1_444' title='bbox 1840 3130 2052 3179; x_wconf 84' lang='lat' dir='ltr'><strong>Verona</strong></span> <span class='ocrx_word' id='word_1_445' title='bbox 2098 3127 2282 3176; x_wconf 84' lang='lat' dir='ltr'><strong>civitas</strong></span> <span class='ocrx_word' id='word_1_446' title='bbox 2332 3126 2530 3190; x_wconf 83' lang='lat' dir='ltr'><strong>Italiae,</strong></span> <span class='ocrx_word' id='word_1_447' title='bbox 2580 3127 2635 3177; x_wconf 83' lang='lat' dir='ltr'><strong>in</strong></span> 
     </span>
     <span class='ocr_line' id='line_1_86' title="bbox 1557 3206 2118 3258; baseline -0.009 0"><span class='ocrx_word' id='word_1_448' title='bbox 1557 3210 1880 3258; x_wconf 89' lang='lat' dir='ltr'><strong>Venetorum</strong></span> <span class='ocrx_word' id='word_1_449' title='bbox 1896 3206 2118 3256; x_wconf 89' lang='lat' dir='ltr'><strong>ditione.</strong></span> 
     </span>
    </p>

    <p class='ocr_par' dir='ltr' id='par_1_20' title="bbox 1553 3279 2636 3810">
     <span class='ocr_line' id='line_1_87' title="bbox 1622 3279 2633 3358; baseline -0.007 -23"><span class='ocrx_word' id='word_1_450' title='bbox 1622 3289 1653 3334; x_wconf 87' lang='grc'><strong>3</strong></span> <span class='ocrx_word' id='word_1_451' title='bbox 1695 3284 1826 3335; x_wconf 73' lang='lat' dir='ltr'><strong>Vicit</strong></span> <span class='ocrx_word' id='word_1_452' title='bbox 1879 3282 2117 3342; x_wconf 75' lang='lat' dir='ltr'><strong>Maxime,</strong></span> <span class='ocrx_word' id='word_1_453' title='bbox 2152 3280 2255 3346; x_wconf 55' lang='grc' dir='ltr'><strong>ξω]</strong></span> <span class='ocrx_word' id='word_1_454' title='bbox 2356 3279 2633 3358; x_wconf 72' lang='grc' dir='ltr'><strong>ῌίαῃῑίᾶίε</strong></span> 
     </span>
     <span class='ocr_line' id='line_1_88' title="bbox 1559 3341 2636 3424; baseline -0.006 -14"><span class='ocrx_word' id='word_1_455' title='bbox 1559 3362 1807 3424; x_wconf 84' lang='lat' dir='ltr'><strong>lacrymae</strong></span> <span class='ocrx_word' id='word_1_456' title='bbox 1832 3358 2157 3421; x_wconf 85' lang='lat' dir='ltr'><strong>deplorantis</strong></span> <span class='ocrx_word' id='word_1_457' title='bbox 2178 3341 2469 3406; x_wconf 86' lang='lat' dir='ltr'><strong>columbam</strong></span> <span class='ocrx_word' id='word_1_458' title='bbox 2498 3355 2636 3406; x_wconf 82' lang='lat' dir='ltr'><strong>vice-</strong></span> 
     </span>
     <span class='ocr_line' id='line_1_89' title="bbox 1560 3432 2634 3499; baseline -0.006 -14"><span class='ocrx_word' id='word_1_459' title='bbox 1560 3444 1680 3485; x_wconf 86' lang='lat' dir='ltr'><strong>runt</strong></span> <span class='ocrx_word' id='word_1_460' title='bbox 1714 3436 1966 3499; x_wconf 79' lang='lat' dir='ltr'><strong>lacrymas</strong></span> <span class='ocrx_word' id='word_1_461' title='bbox 1989 3433 2195 3483; x_wconf 82' lang='lat' dir='ltr'><strong>Lesbiae</strong></span> <span class='ocrx_word' id='word_1_462' title='bbox 2231 3432 2486 3496; x_wconf 85' lang='lat' dir='ltr'><strong>plorantis</strong></span> <span class='ocrx_word' id='word_1_463' title='bbox 2512 3446 2634 3495; x_wconf 88' lang='lat' dir='ltr'><strong>pas-</strong></span> 
     </span>
     <span class='ocr_line' id='line_1_90' title="bbox 1560 3508 2634 3576; baseline -0.007 -11"><span class='ocrx_word' id='word_1_464' title='bbox 1560 3530 1747 3565; x_wconf 83' lang='lat' dir='ltr'><strong>serem.</strong></span> <span class='ocrx_word' id='word_1_465' title='bbox 1817 3512 2165 3576; x_wconf 78' lang='lat' dir='ltr'><strong>Indignamur</strong></span> <span class='ocrx_word' id='word_1_466' title='bbox 2188 3519 2332 3561; x_wconf 89' lang='lat' dir='ltr'><strong>certe</strong></span> <span class='ocrx_word' id='word_1_467' title='bbox 2357 3509 2503 3560; x_wconf 86' lang='lat' dir='ltr'><strong>docti</strong></span> <span class='ocrx_word' id='word_1_468' title='bbox 2535 3508 2634 3558; x_wconf 84' lang='lat' dir='ltr'><strong>viri</strong></span> 
     </span>
     <span class='ocr_line' id='line_1_91' title="bbox 1562 3588 2632 3656; baseline -0.008 -14"><span class='ocrx_word' id='word_1_469' title='bbox 1562 3593 1659 3642; x_wconf 85' lang='lat' dir='ltr'><strong>hoc</strong></span> <span class='ocrx_word' id='word_1_470' title='bbox 1681 3590 1943 3656; x_wconf 87' lang='lat' dir='ltr'><strong>judicium</strong></span> <span class='ocrx_word' id='word_1_471' title='bbox 1969 3588 2245 3638; x_wconf 81' lang='lat' dir='ltr'><strong>Martialis.</strong></span> <span class='ocrx_word' id='word_1_472' title='bbox 2301 3589 2499 3635; x_wconf 84' lang='lat' dir='ltr'><strong>Verum</strong></span> <span class='ocrx_word' id='word_1_473' title='bbox 2532 3598 2632 3648; x_wconf 82' lang='lat' dir='ltr'><strong>ego</strong></span> 
     </span>
     <span class='ocr_line' id='line_1_92' title="bbox 1553 3660 2633 3734; baseline -0.009 -15"><span class='ocrx_word' id='word_1_474' title='bbox 1553 3669 1738 3734; x_wconf 81' lang='lat' dir='ltr'><strong>judico</strong></span> <span class='ocrx_word' id='word_1_475' title='bbox 1760 3666 2061 3717; x_wconf 86' lang='lat' dir='ltr'><strong>Martialem</strong></span> <span class='ocrx_word' id='word_1_476' title='bbox 2084 3664 2237 3714; x_wconf 84' lang='lat' dir='ltr'><strong>aliter</strong></span> <span class='ocrx_word' id='word_1_477' title='bbox 2257 3662 2502 3724; x_wconf 85' lang='lat' dir='ltr'><strong>sensisse,</strong></span> <span class='ocrx_word' id='word_1_478' title='bbox 2540 3660 2633 3710; x_wconf 88' lang='lat' dir='ltr'><strong>ali-</strong></span> 
     </span>
     <span class='ocr_line' id='line_1_93' title="bbox 1562 3744 2241 3810; baseline -0.012 -13"><span class='ocrx_word' id='word_1_479' title='bbox 1562 3756 1645 3797; x_wconf 86' lang='lat' dir='ltr'><strong>ter</strong></span> <span class='ocrx_word' id='word_1_480' title='bbox 1670 3744 1958 3810; x_wconf 88' lang='lat' dir='ltr'><strong>scripsisse.</strong></span> <span class='ocrx_word' id='word_1_481' title='bbox 2009 3744 2241 3791; x_wconf 79' lang='lat' dir='ltr'><strong>Raderus.</strong></span> 
     </span>
    </p>

    <p class='ocr_par' dir='ltr' id='par_1_21' title="bbox 1560 3812 2633 3967">
     <span class='ocr_line' id='line_1_94' title="bbox 1626 3812 2633 3881; baseline -0.012 -7"><span class='ocrx_word' id='word_1_482' title='bbox 1626 3829 1659 3874; x_wconf 84' lang='grc'><strong>4</strong></span> <span class='ocrx_word' id='word_1_483' title='bbox 1698 3824 1794 3873; x_wconf 75' lang='grc' dir='ltr'><strong>Τιιο</strong></span> <span class='ocrx_word' id='word_1_484' title='bbox 1818 3817 2030 3881; x_wconf 75' lang='lat' dir='ltr'><strong>catullo]</strong></span> <span class='ocrx_word' id='word_1_485' title='bbox 2100 3818 2317 3869; x_wconf 77' lang='lat' dir='ltr'><strong>Concivi</strong></span> <span class='ocrx_word' id='word_1_486' title='bbox 2352 3815 2521 3879; x_wconf 81' lang='lat' dir='ltr'><strong>forte,</strong></span> <span class='ocrx_word' id='word_1_487' title='bbox 2547 3812 2633 3863; x_wconf 81' lang='lat' dir='ltr'><strong>vel</strong></span> 
     </span>
     <span class='ocr_line' id='line_1_95' title="bbox 1560 3895 2500 3970; baseline -0.01 -20"><span class='ocrx_word' id='word_1_488' title='bbox 1560 3915 1714 3967; x_wconf 87' lang='lat' dir='ltr'><strong>quem</strong></span> <span class='ocrx_word' id='word_1_489' title='bbox 1737 3898 1980 3950; x_wconf 83' lang='lat' dir='ltr'><strong>admirari</strong></span> <span class='ocrx_word' id='word_1_490' title='bbox 2003 3896 2208 3947; x_wconf 78' lang='lat' dir='ltr'><strong>solebat</strong></span> <span class='ocrx_word' id='word_1_491' title='bbox 2229 3895 2313 3946; x_wconf 88' lang='lat' dir='ltr'><strong>hie</strong></span> <span class='ocrx_word' id='word_1_492' title='bbox 2336 3896 2500 3970; x_wconf 81' lang='lat' dir='ltr'><strong>Mart.</strong></span> 
     </span>
    </p>

    <p class='ocr_par' dir='ltr' id='par_1_22' title="bbox 1561 3969 2631 4270">
     <span class='ocr_line' id='line_1_96' title="bbox 1626 3969 2627 4036; baseline -0.013 -8"><span class='ocrx_word' id='word_1_493' title='bbox 1626 3974 2143 4036; x_wconf 70' lang='lat' dir='ltr'><strong>Eme.1x.1Magmi</strong></span> <span class='ocrx_word' id='word_1_494' title='bbox 2171 3971 2411 4035; x_wconf 66' lang='lat' dir='ltr'><strong>Thraseae]</strong></span> <span class='ocrx_word' id='word_1_495' title='bbox 2445 3969 2627 4018; x_wconf 83' lang='lat' dir='ltr'><strong>Thras.</strong></span> 
     </span>
     <span class='ocr_line' id='line_1_97' title="bbox 1561 4046 2631 4115; baseline -0.015 -8"><span class='ocrx_word' id='word_1_496' title='bbox 1561 4055 1704 4106; x_wconf 86' lang='lat' dir='ltr'><strong>Poeti</strong></span> <span class='ocrx_word' id='word_1_497' title='bbox 1721 4055 2015 4105; x_wconf 82' lang='lat' dir='ltr'><strong>constantis</strong></span> <span class='ocrx_word' id='word_1_498' title='bbox 2039 4052 2157 4115; x_wconf 87' lang='lat' dir='ltr'><strong>viri,</strong></span> <span class='ocrx_word' id='word_1_499' title='bbox 2177 4051 2282 4100; x_wconf 86' lang='lat' dir='ltr'><strong>imo</strong></span> <span class='ocrx_word' id='word_1_500' title='bbox 2303 4046 2519 4097; x_wconf 84' lang='lat' dir='ltr'><strong>virtutis</strong></span> <span class='ocrx_word' id='word_1_501' title='bbox 2547 4046 2631 4107; x_wconf 83' lang='lat' dir='ltr'><strong>ip-</strong></span> 
     </span>
     <span class='ocr_line' id='line_1_98' title="bbox 1562 4120 2629 4196; baseline -0.014 -14"><span class='ocrx_word' id='word_1_502' title='bbox 1562 4133 1686 4194; x_wconf 81' lang='lat' dir='ltr'><strong>sius,</strong></span> <span class='ocrx_word' id='word_1_503' title='bbox 1708 4130 1876 4196; x_wconf 87' lang='lat' dir='ltr'><strong>inquit</strong></span> <span class='ocrx_word' id='word_1_504' title='bbox 1907 4129 2082 4179; x_wconf 87' lang='lat' dir='ltr'><strong>Tacit.</strong></span> <span class='ocrx_word' id='word_1_505' title='bbox 2119 4124 2220 4178; x_wconf 64' lang='lat'><strong>16!</strong></span> <span class='ocrx_word' id='word_1_506' title='bbox 2247 4122 2436 4175; x_wconf 77' lang='lat' dir='ltr'><strong>Annal.</strong></span> <span class='ocrx_word' id='word_1_507' title='bbox 2477 4120 2629 4171; x_wconf 88' lang='lat' dir='ltr'><strong>Suet.</strong></span> 
     </span>
     <span class='ocr_line' id='line_1_99' title="bbox 1565 4199 2631 4270; baseline -0.017 -9"><span class='ocrx_word' id='word_1_508' title='bbox 1565 4211 1696 4261; x_wconf 86' lang='lat' dir='ltr'><strong>Ner.</strong></span> <span class='ocrx_word' id='word_1_509' title='bbox 1717 4208 1926 4259; x_wconf 87' lang='lat' dir='ltr'><strong>Arrian.</strong></span> <span class='ocrx_word' id='word_1_510' title='bbox 1944 4205 2123 4270; x_wconf 87' lang='lat' dir='ltr'><strong>Epict.</strong></span> <span class='ocrx_word' id='word_1_511' title='bbox 2140 4204 2228 4254; x_wconf 88' lang='lat' dir='ltr'><strong>lib.</strong></span> <span class='ocrx_word' id='word_1_512' title='bbox 2253 4207 2300 4253; x_wconf 88' lang='lat'><strong>1.</strong></span> <span class='ocrx_word' id='word_1_513' title='bbox 2322 4213 2439 4262; x_wconf 89' lang='lat' dir='ltr'><strong>cap.</strong></span> <span class='ocrx_word' id='word_1_514' title='bbox 2462 4201 2509 4248; x_wconf 89' lang='lat'><strong>1.</strong></span> <span class='ocrx_word' id='word_1_515' title='bbox 2529 4199 2631 4245; x_wconf 71' lang='lat' dir='ltr'><strong>&amp;m</strong></span> 
     </span>
    </p>
   </div>
   <div class='ocr_carea' id='block_1_8' title="bbox 427 4273 2632 4354">
    <p class='ocr_par' dir='ltr' id='par_1_23' title="bbox 427 4273 2632 4354">
     <span class='ocr_line' id='line_1_100' title="bbox 427 4273 2632 4354; baseline -0.006 -19"><span class='ocrx_word' id='word_1_516' title='bbox 427 4285 700 4337; x_wconf 82' lang='lat' dir='ltr'><strong>mitianum</strong></span> <span class='ocrx_word' id='word_1_517' title='bbox 760 4283 863 4349; x_wconf 80' lang='lat' dir='ltr'><strong>ipsi</strong></span> <span class='ocrx_word' id='word_1_518' title='bbox 902 4283 1045 4336; x_wconf 80' lang='lat' dir='ltr'><strong>Jovi.</strong></span> <span class='ocrx_word' id='word_1_519' title='bbox 1107 4284 1338 4351; x_wconf 73' lang='lat' dir='ltr'><strong>Puerum,</strong></span> <span class='ocrx_word' id='word_1_520' title='bbox 1386 4285 1495 4352; x_wconf 55' lang='grc' dir='ltr'><strong>ξω]</strong></span> <span class='ocrx_word' id='word_1_521' title='bbox 1567 4287 1655 4354; x_wconf 87' lang='lat' dir='ltr'><strong>qni</strong></span> <span class='ocrx_word' id='word_1_522' title='bbox 1686 4301 1718 4337; x_wconf 89' lang='lat' dir='ltr'><strong>a</strong></span> <span class='ocrx_word' id='word_1_523' title='bbox 1755 4286 1968 4338; x_wconf 87' lang='lat' dir='ltr'><strong>Nerone</strong></span> <span class='ocrx_word' id='word_1_524' title='bbox 1991 4283 2179 4349; x_wconf 82' lang='lat' dir='ltr'><strong>jussus</strong></span> <span class='ocrx_word' id='word_1_525' title='bbox 2213 4279 2363 4343; x_wconf 88' lang='lat' dir='ltr'><strong>mori,</strong></span> <span class='ocrx_word' id='word_1_526' title='bbox 2386 4273 2632 4327; x_wconf 83' lang='lat' dir='ltr'><strong>alacriter</strong></span> 
     </span>
    </p>
   </div>
  </div>
 </body>
</html>
