2985 4937
659 424 738 472 M.
788 424 957 472 van.
1003 391 1427 471 MAerms
1477 421 1724 471 aaron.
1767 423 1919 470 ma.
1975 424 2091 472 1x.

331 567 582 619 Martialis
600 567 834 632 Τιιωιιίο]
854 568 1189 619 Auctoritate
1206 569 1338 618 Mss-

271 645 388 697 freti
429 661 602 711 neque
642 647 854 696 consilio
893 646 1059 696 minus
1100 647 1164 696 P.
1201 645 1338 695 Scri-

273 723 419 783 verii,
462 722 710 786 epistolio
746 730 863 787 post
898 724 1235 787 Epigramma
1268 723 1334 772 ad

269 799 472 850 Avitum
515 798 758 849 dedimus
797 800 1080 849 secundum
1126 801 1333 849 locum:

271 877 353 941 qui
374 885 549 927 tamen
567 878 767 926 nullum
788 877 946 926 habet
968 878 1021 926 in
1045 877 1338 927 Bodleiano

269 953 477 1019 aliisque.
499 952 813 1018 quibusdam
845 955 974 1004 Mss-

335 1034 490 1082 Extra
536 1033 768 1093 ordinent,
799 1032 907 1096 ξω]
952 1033 1260 1096 Separatum
1305 1044 1338 1080 a

269 1108 472 1174 reliquis
491 1109 860 1172 Epigramma3
892 1107 1031 1157 unde
1051 1108 1103 1157 in
1126 1107 1338 1172 quibus·

269 1185 379 1234 dam
402 1185 530 1236 Mos.
566 1184 912 1234 desideratur.

327 1263 618 1324 Imaginem,
648 1261 753 1326 ξω]
790 1262 897 1310 Pro
921 1275 1062 1310 more
1082 1274 1337 1310 exornan-

269 1338 336 1400 di,
354 1345 466 1389 tum
489 1337 752 1402 publicas,
776 1347 884 1386 tum
903 1338 1136 1401 privatas
1153 1337 1335 1387 biblio-

269 1416 437 1465 thecas
456 1414 675 1478 scriptis
691 1422 748 1463 et
771 1413 1078 1476 imaginibus
1101 1422 1334 1464 veterum

266 1499 318 1542 et
338 1493 656 1556 optimorum
681 1498 935 1540 autorum.

327 1571 407 1619 Ne
448 1568 726 1632 ignorares]
789 1569 975 1633 Poeta,
1009 1570 1218 1618 volente
1248 1569 1337 1634 (ut

265 1647 412 1711 puto)
443 1649 560 1712 ipso
607 1662 706 1713 per
737 1648 1042 1698 modestiam
1064 1648 1338 1709 Stertinio,

268 1739 379 1775 cum
418 1724 569 1775 Aviti
614 1725 819 1775 nomine
856 1726 1126 1789 insigniret
1149 1725 1335 1776 Sterti-

264 1801 420 1864 nium,
439 1802 613 1853 noluit
652 1809 826 1851 tamen
856 1802 955 1852 hoc
984 1804 1150 1852 latere
1172 1804 1336 1852 Tura·

265 1890 418 1927 mum.

328 1966 487 2016 Eme.
527 1979 595 2015 n.
654 1966 739 2015 De
776 1967 875 2016 hoc
898 1966 1093 2032 templo
1120 1969 1335 2020 Sueton-

267 2041 314 2090 in
332 2042 542 2092 Domit.
563 2057 681 2106 cap.
706 2048 752 2093 1.
774 2049 821 2094 5.
844 2051 900 2092 et
926 2048 1005 2093 17.

327 2122 355 2167 1
391 2119 531 2169 Dum
565 2120 727 2169 Jonas
764 2121 972 2186 hyemes]
1022 2123 1262 2174 Quamdiu
1284 2138 1335 2172 e·

266 2204 382 2246 runt
416 2198 653 2261 hyemes,
692 2213 904 2262 quarum
943 2201 1116 2249 medio
1167 2203 1333 2251 mensi

267 2272 426 2322 Janus
449 2271 618 2322 dedit
641 2288 849 2323 nomen.
899 2277 1209 2326 Domitianus
1247 2294 1333 2327 aa·

264 2353 470 2417 tamnes]
490 2349 739 2405 Quandiu
760 2355 862 2405 erit
880 2358 1333 2422 autumnuS,cujus

264 2442 487 2481 mensem
518 2429 809 2481 Octobrem
846 2432 1179 2484 Domitianus
1217 2450 1248 2485 a
1278 2450 1335 2485 se

266 2508 524 2571 appellari
545 2507 707 2558 voluit
730 2509 1103 2562 Domitianum.

325 2592 357 2635 2
391 2586 667 2649 Augustus,
703 2588 812 2653 ξω]
865 2589 1122 2640 Quamdiu
1181 2597 1336 2641 erunt

268 2670 498 2725 aestates,
524 2663 573 2711 in
597 2663 782 2728 quibus
807 2666 992 2713 mensis
1030 2666 1243 2715 Sextilis
1268 2666 1336 2716 ab

268 2738 507 2804 Angusto
531 2739 892 2789 denominatus
912 2750 1010 2792 est.

328 2822 357 2865 8
391 2818 532 2866 Dum
572 2819 776 2879 grande,
818 2818 926 2882 ξω]
983 2819 1118 2867 Dum
1150 2833 1336 2881 magna

266 2900 317 2941 et
333 2895 505 2956 prima
536 2893 648 2941 dies
668 2893 993 2957 Septembris
1014 2896 1171 2957 redit,
1192 2897 1279 2960 qui
1305 2911 1336 2944 a

267 2970 571 3018 Domitiano
595 2982 779 3017 nomen
821 2969 976 3018 habet
1016 2971 1337 3032 Germanici,

270 3047 331 3095 ob
346 3047 642 3097 Germanos
661 3046 829 3097 Rheni
849 3045 974 3098 fluv·
994 3051 1200 3099 accolas
1214 3050 1335 3100 sub·-

270 3133 429 3175 actos.

328 3207 357 3249 5
397 3200 624 3264 Tarpeia,
660 3200 768 3265 ξω]
804 3202 940 3250 Dum
985 3202 1144 3251 stabit
1182 3203 1337 3267 Capi-

270 3278 449 3327 tolium
475 3277 627 3328 Jovis
660 3292 692 3326 a
723 3280 950 3343 Tarpeia
984 3281 1105 3328 olim
1130 3280 1335 3330 Sabinis

271 3359 553 3420 proditum.

330 3437 366 3483 6
396 3435 658 3484 Βατηυοσε
675 3434 892 3499 supplex,
915 3435 1019 3498 ξω]
1051 3436 1192 3484 Dum
1226 3450 1333 3485 ma-

271 3518 431 3562 tronae
458 3512 607 3561 Rom.
627 3512 778 3561 thure
801 3520 858 3561 et
880 3513 1123 3577 precibus
1156 3514 1336 3563 colent

270 3589 463 3640 ,Iuliam
518 3590 622 3638 Titi
680 3588 861 3652 filiam,
919 3605 1071 3654 quam
1126 3589 1332 3655 perdite

274 3676 516 3727 amatam,
538 3674 593 3715 ‘et
614 3680 678 3715 ex
702 3673 963 3729 conceptu
987 3667 1175 3716 abacto
1198 3682 1334 3716 mor-

273 3748 414 3792 tuam
466 3743 792 3791 Domitianus
838 3745 1168 3794 consecravit
1202 3743 1333 3793 rela-

273 3824 377 3869 tam
399 3819 454 3868 in
480 3821 664 3870 Deam.

334 3900 366 3945 8
381 3896 551 3947 Altam
578 3896 772 3956 Flaviae,
794 3897 896 3961 ξω]
918 3898 1189 3961 Templum
1211 3897 1330 3947 Fla-

274 3972 368 4022 vioe
412 3974 581 4038 gentis
609 3988 649 4023 -a
692 3975 999 4024 Domitiano
1044 3974 1333 4024 conditum·

278 4050 418 4102 Suet.
458 4052 663 4102 Domit.
692 4067 808 4116 cap.
835 4057 880 4103 l.
902 4059 950 4102 5.
971 4059 1028 4101 et
1051 4056 1131 4101 17.
1155 4059 1336 4100 noster

277 4126 407 4176 infra
434 4133 486 4179 4.
510 4137 566 4179 et
588 4134 670 4178 35.
740 4128 1019 4180 Concludit
1041 4143 1136 4193 per
1158 4128 1335 4178 induc-

280 4203 496 4255 tionem:
528 4205 791 4258 Quamdiu
815 4205 1024 4255 Sextilis
1062 4206 1335 4256 vocabitur

276 4278 561 4343 Augustus,
606 4282 950 4333 Germanicus
1001 4283 1335 4346 September,

284 4356 607 4412 Domitianus
657 4359 924 4411 October:
995 4366 1052 4409 et
1094 4361 1336 4426 quamdiu

2312 406 2486 501 1325

1414 569 1533 628 Dea
1567 569 1773 619 coletur
1802 568 1970 630 Julia3
2009 574 2117 619 tam
2144 568 2232 618 diu
2273 568 2486 620 durabit

1413 645 1664 709 templum
1704 646 1906 695 illustre
1951 652 2006 695 et
2045 644 2262 708 magnif.
2309 648 2485 709 regale

1412 723 1585 785 gentis
1621 724 1839 773 Flaviae.
1908 724 1978 772 Et
2003 723 2147 771 velut
2167 720 2279 785 ipse
2299 720 2389 773 Sol
2417 732 2474 773 et

1412 798 1588 848 sidera
1630 807 1685 849 et
1728 798 2003 863 imperinm
2037 801 2325 848 Romanum
2351 814 2513 869 sem·‚

1412 890 1509 940 per
1551 876 1845 927 durabunt=
1898 878 1974 926 ita
2018 892 2136 926 cum
2183 879 2327 939 Sole,
2383 881 2483 929 &c.

1412 953 1570 1002 etiam
1610 954 1704 1003 boc
1746 954 1994 1018 templum
2030 954 2251 1003 Caesaris
2292 955 2485 1005 Flaviae

1414 1030 1604 1093 gentis,
1640 1032 1771 1081 Rad-

1474 1110 1510 1156 9
1546 1108 1667 1156 Cum
1706 1109 1819 1166 sole,
1855 1108 1961 1173 ξω]
2016 1108 2262 1161 Quandiu
2303 1107 2472 1172 fulge-

1412 1183 1545 1234 bunt
1584 1186 1692 1246 Sol,
1736 1194 1897 1248 astra,
1933 1194 1990 1238 et
2051 1186 2216 1251 gloria
2276 1187 2485 1250 imperii

1415 1261 1570 1311 Rom.
1612 1263 1807 1313 locutio
1847 1264 2140 1314 ovidiana:
2177 1265 2343 1314 ‘Cum
2367 1265 2478 1313 sole

1412 1345 1470 1387 et
1504 1340 1628 1388 luna
1666 1354 1872 1404 semper
1907 1341 2098 1391 Aratus
2133 1341 2270 1391 erit.’
2335 1342 2486 1404 Eleg-

1413 1420 1495 1466 15.
1518 1417 1610 1466 lib.
1635 1423 1683 1467 1.
1718 1417 1987 1470 Amorum.

1480 1498 1545 1543 lo
1580 1494 1759 1543 Coelam
1775 1495 1868 1558 est]
1891 1497 2252 1558 AEternum,ut
2277 1497 2485 1547 coelum.
2527 1502 2530 1507 ’

1412 1584 1477 1620 ex
1501 1571 1699 1621 scholae
1714 1571 2089 1635 Peripateticae
2109 1573 2386 1622 sententia.

1478 1648 1646 1697 Erro.
1665 1662 1747 1700 rv.
1785 1649 2010 1698 Mirifice
2032 1651 2171 1699 tollit
2194 1664 2358 1714 opera
2381 1652 2486 1712 Do-

1410 1726 1630 1790 mitiani,
1661 1727 1895 1792 dicitque
1919 1742 2017 1777 nec
2039 1729 2247 1790 Jovem,
2280 1740 2381 1781 nec
2404 1744 2485 1777 sn·

1411 1817 1566 1869 peros
1587 1819 1764 1854 omnes
1801 1806 2054 1855 solvendo
2075 1804 2298 1870 futuros,
2320 1807 2365 1855 si
2390 1821 2481 1855 no-

1412 1881 1554 1930 mina
1575 1881 1763 1931 abillis
1789 1882 1971 1932 caesar
2001 1882 2201 1946 exigat.
2268 1881 2352 1932 An
2379 1884 2482 1932 nlla

1411 1958 1645 2007 adulatio
1676 1959 1796 2008 huie
1824 1974 1922 2023 par
1946 1960 2143 2023 uspiam
2166 1960 2400 2023 legitur?

1475 2039 1509 2084 2
1542 2035 1601 2084 Si
1644 2043 1850 2100 repetas,
1881 2037 1986 2100 ξω]
2019 2037 2074 2086 Si
2121 2037 2220 2088 tibi
2263 2038 2479 2102 rependi

1410 2113 1596 2174 velles,
1617 2128 1716 2162 nec
1750 2113 1988 2164 donares.

1474 2193 1506 2238 8
1544 2190 1778 2250 Grandis,
1800 2192 1908 2255 ξω]
1943 2192 2161 2240 Etiamsi
2198 2193 2346 2242 hasta
2385 2206 2479 2256 po·

1410 2268 1511 2318 sita
1542 2270 1666 2333 (sale
1711 2270 1770 2335 by
1815 2268 2031 2334 out-cry)
2064 2286 2189 2334 opes
2223 2287 2340 2320 suas
2382 2273 2476 2323 Dii

1410 2347 1652 2411 Deaeque
1672 2347 1894 2395 vendere
1915 2348 2092 2397 velint.
2126 2347 2326 2411 Auctio]
2355 2345 2482 2398 Cum

1410 2424 1527 2489 quis
1571 2437 1665 2474 seu
1705 2424 1987 2486 obseratus,
2040 2438 2131 2474 seu
2205 2439 2328 2484 non,
2392 2426 2485 2475 sed

1409 2508 1616 2564 sponte,
1652 2501 1879 2564 praeconi
1905 2514 1996 2549 seu
2021 2502 2184 2549 hastae
2208 2503 2340 2551 bona
2365 2502 2484 2551 sub·

1400 2578 1547 2639 jicit,
1583 2586 1720 2626 auta
1761 2576 2023 2626 creditore
2047 2577 2397 2641 subjiciuntur
2421 2593 2485 2628 ea

1409 2656 1551 2717 lege,
1572 2659 1633 2703 ut
1661 2654 1728 2716 ei,
1764 2654 1852 2718 qui
1877 2654 2086 2718 adjecto
2110 2656 2284 2718 pretio
2317 2655 2484 2706 licita-

1410 2728 1555 2780 tione
1597 2730 1778 2791 vincit,
1837 2745 1920 2778 res
1975 2738 2155 2793 empta
2193 2730 2484 2781 addicatur.

1410 2809 1496 2858 De
1519 2805 1758 2856 formufls
1784 2807 2081 2856 auctionum
2103 2808 2222 2870 lege
2246 2807 2481 2856 Brisson.

1408 2883 1503 2934 lib.
1528 2888 1576 2934 6.
1613 2885 1741 2933 Rad.

1473 2969 1504 3011 5
1546 2962 1883 3025 Conturbabit]
1913 2963 2036 3016 Wiu
2056 2977 2200 3026 prove
2212 2963 2478 3028 bankrupts

1410 3040 1571 3090 cedet
1614 3039 1746 3091 foro.
1811 3039 1979 3104 Atlas]
2026 3041 2131 3093 Qui
2168 3042 2353 3091 coelum
2389 3043 2481 3091 lm-

1410 3119 1565 3168 meris
1606 3119 1866 3168 sustinere
1901 3117 2151 3182 fingitur:
2200 3120 2303 3181 vel,
2340 3120 2486 3168 coeli-

1411 3195 1537 3244 colae
1563 3204 1818 3261 quotquot
1841 3196 2066 3245 sustinet
2089 3195 2258 3246 Atlas.
2304 3197 2485 3246 Etnon

1411 3272 1528 3335 erit,
1550 3271 1657 3336 ξω]
1709 3274 1826 3322 Nec
1858 3274 1967 3336 ipse
2012 3273 2226 3337 Jupiter
2270 3274 2314 3322 si
2355 3275 2484 3323 velit

1411 3354 1586 3398 tecum
1631 3348 1895 3411 decidere,
1933 3349 2214 3415 (compound
2242 3353 2338 3400 and
2370 3353 2484 3400 take

1408 3428 1705 3477 order-with
1728 3426 1875 3491 thee)
1909 3429 2106 3490 poterit
2149 3429 2350 3478 solvere
2393 3443 2484 3477 un·

1410 3504 1545 3553 ciam
1562 3504 1630 3553 de
1651 3519 1783 3567 asse,
1796 3505 2107 3569 (fioegroats
2119 3505 2171 3553 in
2187 3506 2266 3554 tlte
2279 3505 2482 3570 poand.)

1411 3581 1460 3631 Ο
1484 3581 1727 3631 miserum
1745 3583 2077 3633 decoctorem
2099 3584 2285 3634 Jovem
2307 3584 2318 3630 l

1473 3664 1505 3709 7
1545 3661 1849 3725 Capitolinis,
1880 3660 1989 3725 ξω]
2041 3660 2361 3724 Capitolium
2402 3658 2478 3707 in-

1409 3737 1597 3787 cendio
1635 3738 1964 3802 absumptum
1997 3735 2289 3795 restituisti,
2313 3741 2368 3783 et
2386 3748 2479 3783 no·

1410 3828 1529 3863 vam
1573 3815 1739 3863 aedem
1787 3817 1840 3864 in
1879 3814 2141 3877 Capitolio
2180 3813 2480 3861 excitavisti
2560 3801 2570 3816 ’

1408 3887 1531 3941 Jovi
1577 3891 1802 3941 custodi.
1855 3891 2049 3940 Domit.
2094 3891 2242 3938 Suet.
2267 3902 2387 3952 cap.
2428 3895 2477 3940 5.

1411 3973 1427 3999 ‘
1444 3972 1681 4021 Plurima
1701 3980 1756 4020 et
1780 3970 2093 4034 amplissima
2122 3969 2282 4032 opera
2303 3969 2478 4018 incen-

1411 4050 1498 4099 dio
1524 4050 1798 4111 absumpta
1820 4048 2073 4107 restituit,
2099 4048 2149 4095 in
2186 4047 2330 4111 queis
2364 4051 2479 4096 erat

1411 4134 1467 4177 et
1500 4127 1833 4191 Capitolium,
1860 4124 1997 4190 quod
2031 4137 2208 4174 rursus
2242 4130 2441 4173 arserat
2462 4140 2478 4172 z

1414 4206 1507 4255 sed
1530 4206 1701 4254 omnia
1733 4204 1830 4253 sub
1866 4204 2246 4270 titulotantum
2283 4217 2396 4265 suo,
2416 4216 2478 4251 ac

1412 4285 1524 4333 sine
1559 4283 1659 4332 ulla
1693 4281 1904 4346 pristini
1936 4281 2160 4331 auctoris
2197 4278 2480 4329 memoria.'

1414 4362 1569 4411 Unde
1602 4359 1884 4426 Eutropius
1922 4358 2013 4410 lib.
2054 4362 2104 4409 7.
2159 4355 2475 4421 Capitolium
