2985 4937
497 365 670 432 1138

497 523 632 576 enim
656 526 834 591 inopis
866 525 1106 578 excludit
1130 528 1409 579 actionem.
1473 527 1568 577 Sic

436 618 437 621 ’
492 611 770 669 argutatur
787 605 1005 654 Plautus
1030 604 1081 652 in
1104 604 1439 667 Curculione,
1462 616 1564 654 non

492 684 629 733 male
650 682 793 732 credi
817 681 897 744 iis,
920 683 1008 747 qui
1033 696 1293 746 nunquam
1317 682 1565 745 reddunt,

418 816 429 821 ,
493 762 616 827 quia
638 773 738 809 non
773 759 1008 810 creditur
1030 761 1241 824 proprie
1271 759 1368 808 nisi
1391 757 1565 808 reddi-

494 838 654 887 turis:
692 837 830 902 quod
874 836 1035 901 igitur
1057 837 1214 886 datur
1243 849 1347 884 non
1388 834 1565 884 reddi-

493 915 644 978 turis,
665 929 766 964 non
791 914 1046 977 credi-tur,
1067 914 1157 963 sed
1180 926 1385 978 prorsus
1408 906 1576 976 perit.>

493 992 859 1058 ‘Argentariis
891 993 1026 1043 male
1067 992 1213 1042 credi
1255 993 1342 1056 qui
1379 991 1565 1055 ajunt,’

493 1077 592 1123 διο.
657 1072 713 1122 Si
747 1071 910 1136 igitur
947 1066 1009 1120 is‘
1027 1069 1114 1136 qui
1137 1070 1229 1120 dat
1262 1084 1365 1119 nou
1390 1069 1561 1118 reddi·

490 1157 632 1211 turo,
670 1162 775 1197 non
820 1146 994 1197 credit
1035 1147 1268 1211 proprie,
1310 1160 1410 1195 nec
1445 1160 1561 1208 pro-

492 1228 605 1291 prie
645 1226 877 1276 creditor
915 1231 1018 1288 est,
1066 1223 1110 1272 is
1163 1224 1248 1287 qui
1295 1236 1560 1287 nunquam

492 1306 791 1355 redditurus
829 1308 931 1363 est,
968 1301 1151 1353 eadem
1192 1301 1391 1351 ratione
1432 1301 1560 1351 nihil

491 1382 673 1443 debet,
697 1395 865 1445 neque
889 1385 971 1430 est
993 1378 1216 1429 debitor.
1250 1377 1456 1427 Her-ald..

554 1461 717 1509 Erre.
741 1469 821 1508 ιν.
856 1461 885 1506 'l
903 1458 1101 1520 Oqaam
1127 1455 1324 1505 blandus
1339 1454 1412 1518 es]
1433 1453 1560 1505 Am-

491 1537 715 1586 mianum
750 1535 940 1605 incesti
976 1532 1165 1598 arguit,
1188 1531 1325 1597 quod
1363 1531 1560 1582 relictis

387 1594 391 1609 ⁸
489 1612 680 1662 nativis
720 1610 1008 1662 nominibus
1043 1617 1263 1660 matrem
1299 1609 1385 1659 hic
1417 1622 1559 1658 soro-

489 1702 627 1751 rem,
668 1687 828 1737 filium
873 1687 966 1737 ilia
1015 1684 1231 1736 fratrem
1287 1687 1557 1751 appellet:

488 1764 674 1829 quibus
697 1764 990 1815 nominibus
1015 1771 1274 1814 amatores
1303 1770 1360 1813 et
1379 1764 1560 1813 amicte

490 1857 549 1893 se
585 1850 765 1893 mutuo
790 1849 1006 1904 vocent3
1043 1841 1162 1892 vide
1189 1843 1335 1905 Lips.
1375 1842 1562 1906 Antiq.

489 1919 644 1970 Lect.
660 1920 698 1971 l.
716 1924 766 1970 3.
784 1927 840 1970 et
863 1920 1047 1984 Epigr.
1065 1923 1149 1969 2⁰.
1167 1920 1202 1970 1.
1215 1923 1297 1970 12.
1316 1924 1372 1970 et
1385 1919 1558 1984 epigr.

488 2000 571 2046 65.
595 1998 632 2047 l.
668 2002 750 2046 10.

550 2079 585 2125 ³
620 2076 841 2125 Fratrem
861 2080 911 2124 te
949 2073 1111 2138 vocat]
1144 2073 1348 2125 Fratris
1374 2083 1440 2126 ‘et
1474 2091 1564 2125 so·

487 2152 638 2214 roris,
694 2158 887 2201 natura
927 2149 1291 2201 honestissima
1330 2151 1560 2215 nomina,

488 2228 750 2291 turpicula
764 2228 975 2292 tegendi
995 2227 1222 2278 criminis
1241 2242 1400 2277 causa
1415 2226 1561 2279 facta

485 2313 626 2355 sunt.
690 2303 904 2355 Amicos
942 2302 1168 2354 foeminae
1205 2307 1220 2333 ⁴
1242 2301 1448 2355 fratres'
1471 2320 1558 2355 vo·

486 2382 722 2443 cabantt
753 2383 948 2432 amicas
993 2382 1091 2431 viri
1132 2383 1150 2409 ‘
1174 2395 1378 2431 sorores
1398 2381 1437 2431 τ’
1481 2383 1558 2432 sic

480 2459 518 2508 l.
556 2463 635 2511 12.
657 2459 820 2524 epigr.
841 2463 924 2509 20.
986 2458 1008 2488 ‘
1028 2459 1206 2511 Quare
1241 2474 1342 2509 non
1363 2459 1559 2510 habeat

484 2535 703 2586 Fabulla
747 2539 934 2601 quaeris
970 2538 1200 2587 Uxorem
1247 2539 1553 2587 Themisen:

480 2613 645 2664 habet
665 2614 931 2666 sororem!
971 2615 1208 2665 Rumires.

543 2698 574 2741 6
614 2694 754 2751 Quod
776 2694 907 2758 estis,
924 2694 1045 2757 esse]
1079 2694 1261 2745 Mater
1283 2701 1339 2744 et
1359 2692 1512 2760 filius.

544 2774 576 2819 7
611 2770 845 2833 Matrem,
872 2786 976 2835 quoe
1011 2771 1160 2835 cupit,
1183 2770 1289 2835 &ej
1324 2759 1551 2833 Elegans

481 2847 856 2911 epiphonema,
879 2855 937 2897 et
973 2848 1234 2898 conclusio
1258 2847 1415 2897 totius
1436 2862 1553 2896 sen-

481 2924 681 2986 tentiae,
704 2923 792 2973 ubi
827 2925 989 2988 priori
1015 2939 1169 2973 versu
1188 2925 1247 2973 τὸ
1264 2923 1282 2952 ‘
1302 2922 1551 2973 sororem’

481 3001 700 3051 sumitur
736 3002 976 3052 obscoena
990 3000 1397 3066 significatione3
1433 3016 1550 3065 pos·

482 3076 685 3139 teriori,
704 3079 928 3142 propria.
997 3079 1188 3127 Ramir.

542 3160 574 3205 8
608 3156 854 3220 Sororem]
877 3152 991 3205 'Sed
1018 3156 1254 3205 amicam.

543 3230 705 3282 Eme.
730 3246 785 3283 V.
824 3238 850 3283 1
878 3234 955 3282 Ne
987 3234 1187 3295 valeam,
1220 3231 1325 3295 ξω]
1374 3233 1550 3282 Excu-

476 3316 558 3358 sat
582 3323 638 3358 se
662 3309 803 3374 quod·
837 3324 944 3359 nou
977 3310 1165 3374 saepius
1188 3310 1365 3359 videat
1391 3310 1549 3360 Deci-

478 3399 669 3447 anum3
703 3394 760 3436 et
803 3387 956 3437 simul
997 3400 1117 3436 eum
1157 3394 1388 3449 accusat,
1411 3388 1547 3452 quod

476 3476 620 3525 saepe
657 3469 879 3527 negetur
917 3477 1035 3513 esse
1084 3463 1262 3525 domi;
1303 3472 1548 3513 causatur

472 3539 685 3603 longam
708 3540 934 3590 locorum
975 3531 1456 3603 intercapedinem3
1491 3548 1549 3589 et

474 3617 686 3668 tandem
722 3618 954 3681 eleganti
976 3618 1239 3668 antitheto
1276 3616 1547 3667 concludit

474 3695 812 3759 epigramma.
837 3695 1024 3745 Ramir.
1059 3694 1280 3747 Jurandi
1303 3692 1549 3756 formula,

474 3778 552 3834 ut,
573 3773 591 3800 ⁸
612 3785 677 3821 ne
695 3772 899 3835 vivam,’
914 3774 930 3801 ‘
946 3770 1285 3836 dispeream-.'

537 3852 568 3897 3
604 3849 714 3899 Duo
762 3854 891 3912 sunt,
927 3850 1036 3914 mn]
1087 3847 1442 3911 Inter-capedo
1485 3853 1545 3897 et

475 3927 711 3989 spacium
741 3930 789 3976 2.
823 3926 1042 3975 miilinm
1067 3939 1327 3989 passuum,
1371 3924 1460 3990 qui
1495 3930 1543 3975 4.

473 4003 595 4052 mihi
636 4003 769 4053 fiunt
807 4002 1068 4066 redeunti,
1112 4018 1212 4053 nec
1254 4010 1308 4053 te
1352 4017 1543 4053 conve·

473 4080 654 4131 nienti.
676 4096 762 4145 ep.
780 4085 860 4131 23.
879 4081 972 4131 lib.
994 4087 1042 4132 5.

535 4162 568 4207 6
595 4158 806 4221 Cumis,
825 4159 918 4223 vel]
942 4158 1202 4209 clientum
1224 4158 1437 4209 caussis.
1461 4159 1543 4209 7¹5-

470 4233 518 4283 bi
532 4249 656 4298 saepe
670 4235 832 4298 vacas]
863 4236 988 4284 Tuis
1005 4236 1207 4299 studiis,
1226 4238 1309 4286 vel
1324 4237 1547 4304 balneis,

450 4316 655 4380 caenis,
673 4328 762 4364 seu
793 4314 1083 4365 valetudini
1109 4314 1370 4366 curandae.

1190 382 1235 429 N
1247 380 1406 431 (i'l'AE
1455 378 1859 429 VAnlonUM
1931 381 1955 428 1
1970 381 2009 429 Ν

1703 527 1863 577 Erre.
1901 540 1980 578 vr.
2016 532 2041 578 1
2083 528 2117 578 1
2150 543 2290 592 nunc,
2312 525 2426 595 qve]
2453 528 2700 579 Fastidio-

1638 618 1749 653 sum
1790 605 2036 654 Severum
2072 606 2330 670 quendam
2367 613 2533 669 notat,
2568 607 2700 671 quod

1639 694 1977 745 praepropera
2021 681 2361 732 festinatione
2401 684 2487 732 vix
2518 685 2699 748 degus-

1639 764 1749 808 tato
1787 757 1980 822 libello,
2016 759 2081 808 ad
2118 759 2272 810 finem
2294 775 2444 826 quam
2485 761 2702 824 primum

1639 835 1912 899 pervenire
1934 836 2197 900 cupiebat,
2221 852 2373 903 quem
2397 838 2555 888 etiam
2591 852 2702 901 per-

1637 911 1847 976 stringit
1869 912 2058 963 leviter
2082 914 2112 963 Ι.
2129 920 2175 963 5.
2190 914 2356 979 epigr.
2377 919 2457 964 81.
2527 915 2702 978 Indig-

1638 993 1813 1042 nantis
1832 1000 1888 1043 et
1910 995 2195 1044 exultantis
2217 994 2437 1044 formula
2473 996 2699 1058 Ironica‚

1638 1085 1740 1133 qua
1776 1070 1956 1120 Severi
1980 1070 2183 1119 deludit
2216 1069 2519 1121 fastidium:
2564 1073 2700 1136 prius

1637 1147 1844 1206 quidem
1868 1148 2070 1210 singula
2109 1151 2486 1212 epigrammata
2516 1149 2704 1198 collau-

1636 1222 1810 1275 dantis
1844 1233 2002 1290 atque
2029 1232 2086 1276 ut
2117 1227 2404 1276 ederentur
2422 1226 2706 1286 suadentiS‚

1636 1302 1864 1352 collecta
1902 1318 2025 1353 vero
2055 1303 2166 1367 jam
2190 1311 2245 1354 et
2279 1303 2428 1353 edita
2463 1318 2580 1354 cum
2599 1302 2702 1354 fas.-

1636 1376 1765 1427 tidio
1787 1377 2105 1442 dejicientis.

1700 1458 1730 1504 3
1765 1454 1963 1518 Spectas
2015 1453 2415 1520 ἐσχατσκωλικόν]
2470 1455 2701 1518 Scaliger

1635 1535 1883 1595 correxit,
1904 1532 2283 1596 ἑσχατοκῶλωνε
2309 1541 2366 1582 et
2385 1534 2699 1596 interpreta-

1636 1617 1723 1658 tur
1745 1615 1946 1673 partem
1970 1618 2285 1674 postremam
2307 1609 2703 1673 adglutinatam.

1636 1688 1739 1738 Sed
1761 1689 1874 1739 haec
1911 1689 2028 1753 ipsa
2059 1690 2437 1754 interpretatio
2476 1683 2703 1737 ostendit

1637 1768 1809 1816 verius
1853 1783 1969 1818 esse
2009 1767 2250 1819 Salmasii
2296 1766 2702 1830 ἑσχατοκόλλισνι

1636 1856 1754 1892 nam
1791 1841 1944 1894 κόλλα
1976 1846 2163 1906 gluten,
2200 1858 2303 1894 non
2325 1846 2497 1893 κῶλον.
2568 1842 2703 1895 Quia

1636 1933 1762 1983 ergo
1787 1921 1837 1969 in
1858 1921 2170 1971 membranis
2202 1937 2252 1971 es
2272 1926 2378 1972 cato
2401 1922 2569 1971 'cellion
2589 1933 2702 1968 esse

1635 1999 1840 2048 notavit
1859 1998 2168 2062 Scriverius,
2190 1999 2465 2064 legendum
2503 1999 2701 2060 ἔσχατα·

1634 2082 1828 2124 κολλιον
1850 2077 1933 2126 vel
1958 2075 2343 2138 ἑσχατόκολλοντ
2380 2076 2464 2126 cui
2491 2076 2704 2139 opponi·

1635 2157 1723 2200 tur
1753 2149 2097 2217 πρωτόσωλλον.
2163 2154 2254 2202 Sic
2280 2152 2619 2215 πρωτόκολλον
2650 2151 2702 2203 in

1615 2227 1785 2278 libris
1825 2238 1881 2280 et
1916 2230 1969 2289 in
2008 2230 2195 2279 chartis
2219 2230 2447 2280 nondum
2492 2228 2703 2292 scriptis

1636 2306 1854 2369 primam
1896 2307 2138 2357 schedam
2184 2306 2433 2356 dixerunt
2479 2312 2701 2363 veteres,

1633 2398 1750 2448 quae
1775 2384 1939 2448 prima
1972 2385 2303 2449 adglutinata
2324 2393 2497 2447 esset3
2529 2380 2703 2448 πρωτό·

1631 2468 1810 2511 κολλον
1832 2463 1884 2512 in
1908 2462 2101 2512 chartis
2120 2478 2308 2512 nomen
2346 2462 2576 2514 auctoris
2613 2460 2699 2509 ba-

1633 2538 1792 2588 bebat
1807 2540 1907 2589 scri
1914 2548 2081 2603 ptum,
2102 2555 2133 2589 a
2147 2554 2251 2605 qno
2264 2540 2447 2590 charta
2464 2537 2704 2589 confecta
2739 2529 2742 2534 A

1630 2622 1763 2676 erat,
1801 2623 1858 2664 et
1901 2616 2003 2666 loci
2049 2616 2139 2666 ubi
2182 2615 2348 2678 facta,
2394 2625 2453 2667 et
2496 2623 2704 2677 tempus

1629 2705 1733 2755 quo
1765 2690 1943 2753 facta3
1973 2678 2307 2758 Ιιῖροιοίἤκολῐιον
2342 2692 2395 2742 iu
2433 2691 2578 2743 libris
2611 2702 2702 2738 no-

1628 2780 1750 2816 men
1782 2783 1989 2833 quoque
2026 2770 2252 2819 auctoris
2291 2767 2610 2833 praeferebat
2646 2771 2699 2812 et

1628 2845 1802 2907 operis
1824 2846 2050 2897 titulum.
2097 2847 2159 2897 Si
2180 2845 2515 2911 rpmdxomv
2538 2842 2701 2907 prims

1630 2920 1749 2970 libri
1789 2924 2204 2989 schedarutiq-ue
2240 2933 2296 2974 et
2339 2922 2701 2987 ἐσχατόκολλον

1626 3002 2065 3064 extremascbeda
2076 3002 2300 3064 dicetur,
2315 3003 2501 3051 ultimo
2515 3009 2698 3059 nempe

1626 3074 1743 3124 loco
1787 3078 2071 3138 glutinata:
2112 3078 2129 3107 ‘
2154 3094 2401 3128 summam
2445 3069 2698 3128 schedam'
2756 3119 2763 3138 ›

1627 3150 1750 3200 aiibi
1783 3154 1918 3202 dixit
1939 3155 2078 3205 idem
2097 3157 2357 3205 Martialis
2381 3158 2416 3207 l.
2441 3161 2489 3206 4.
2512 3167 2595 3216 ep.
2616 3152 2696 3198 91.

1622 3228 1640 3255 ⁴
1657 3229 1775 3281 Ohe
1794 3233 1909 3296 jam
1928 3234 2054 3284 satis
2086 3241 2186 3297 est,
2209 3235 2304 3284 ohe
2329 3234 2522 3284 libelle.
2575 3229 2693 3280 Jam

1627 3311 1954 3370 pervenimus
1990 3325 2151 3375 usque
2174 3312 2239 3360 ad
2266 3310 2564 3359 umbilicos:
2618 3303 2696 3352 'ru

1625 3387 1913 3449 procedere
1937 3388 2106 3437 adhuc
2135 3393 2192 3437 et
2223 3388 2298 3440 ire
2334 3386 2542 3451 quaeris,
2578 3376 2696 3430 Nec

1625 3475 1823 3512 summa
1844 3472 1994 3527 potes
2018 3465 2070 3513 in
2093 3464 2285 3514 scheda
2309 3459 2516 3513 teneri.'
2560 3453 2694 3506 Uni·

1625 3552 1760 3587 mam
1817 3547 1990 3590 antem
2031 3540 2154 3590 libri
2212 3549 2413 3605 partem
2475 3531 2696 3588 subinde

1623 3621 1863 3677 spectare
1892 3616 2210 3682 impatientis
2245 3624 2300 3667 et
2338 3616 2694 3675 nimiumpro·

1622 3693 1857 3754 perantis
1880 3701 1963 3744 est
1986 3695 2215 3745 lectoris.
2250 3694 2454 3744 Salmas.

1686 3775 1719 3820 4
1757 3771 2100 3835 Oscitationes]
2133 3772 2482 3822 Lassitudinis
2512 3772 2567 3817 et
2588 3762 2692 3813 fas·

1623 3847 1741 3897 tidii
1770 3849 2016 3898 indicium
2047 3856 2129 3899 est
2165 3849 2568 3914 repandiculans
2608 3854 2686 3889 os·

1622 3924 1821 3975 citatio.

1685 4005 1724 4050 6
1772 4001 2063 4065 Vitellianis]
2114 4003 2464 4067 pugillaribus
2513 3994 2689 4053 luteisr

1622 4078 1801 4129 vitello
1825 4088 1880 4129 ut
1904 4079 2067 4129 credo
2101 4079 2263 4143 illitis,
2285 4080 2466 4144 quibus
2489 4090 2569 4125 res
2591 4073 2685 4120 las-
2781 4103 2786 4112 .

1621 4156 1750 4205 civae
1800 4163 1855 4206 et
1908 4156 2253 4220 elegantiores
2308 4154 2680 4205 scribebantur.

1622 4232 1725 4283 Alii
1749 4250 1779 4283 a
1800 4234 2010 4283 Vitellio
2051 4235 2225 4283 nescio
2264 4248 2364 4299 quo
2399 4233 2684 4304 inventore.

1619 4311 1787 4362 dicto's
1816 4313 2014 4361 volunt.
2032 4325 2117 4375 ep.
2138 4315 2185 4360 8.
2210 4316 2266 4359 et
2287 4314 2335 4358 9.
2355 4307 2446 4358 lib.
2472 4308 2550 4353 14.
