<?xml version="1.0" encoding="UTF-8"?>
<!DOCTYPE html PUBLIC "-//W3C//DTD XHTML 1.0 Transitional//EN"
    "http://www.w3.org/TR/xhtml1/DTD/xhtml1-transitional.dtd">
<html xmlns="http://www.w3.org/1999/xhtml" xml:lang="en" lang="en">
 <head>
  <title>
</title>
<meta http-equiv="Content-Type" content="text/html;charset=utf-8" />
  <meta name='ocr-system' content='tesseract 3.04.00' />
  <meta name='ocr-capabilities' content='ocr_page ocr_carea ocr_par ocr_line ocrx_word'/>
</head>
<body>
  <div class='ocr_page' id='page_1' title='image "./marcivaleriimar09martgoog_0192.png"; bbox 0 0 2985 4937; ppageno 0'>
   <div class='ocr_carea' id='block_1_1' title="bbox 466 415 639 483">
    <p class='ocr_par' dir='ltr' id='par_1_1' title="bbox 466 376 639 483">
     <span class='ocr_line' id='line_1_1' title="bbox 466 415 639 483; baseline 0.006 -5"><span class='ocrx_word' id='word_1_1' title='bbox 466 415 639 483; x_wconf 77' lang='lat'><strong>1256</strong></span> 
     </span>
    </p>
   </div>
   <div class='ocr_carea' id='block_1_2' title="bbox 466 569 1531 863">
    <p class='ocr_par' dir='ltr' id='par_1_2' title="bbox 466 569 1531 863">
     <span class='ocr_line' id='line_1_2' title="bbox 466 569 1530 634; baseline -0.001 -14"><span class='ocrx_word' id='word_1_2' title='bbox 466 570 617 634; x_wconf 70' lang='grc' dir='ltr'>φίλων</span> <span class='ocrx_word' id='word_1_3' title='bbox 658 570 853 631; x_wconf 75' lang='grc' dir='ltr'><strong><em>σώματα</em></strong></span> <span class='ocrx_word' id='word_1_4' title='bbox 891 570 980 632; x_wconf 73' lang='grc' dir='ltr'><strong>μὲν</strong></span> <span class='ocrx_word' id='word_1_5' title='bbox 1008 570 1106 634; x_wconf 77' lang='grc' dir='ltr'>δύο,</span> <span class='ocrx_word' id='word_1_6' title='bbox 1151 571 1281 634; x_wconf 74' lang='grc' dir='ltr'><em>ψυχὴ</em></span> <span class='ocrx_word' id='word_1_7' title='bbox 1323 570 1373 619; x_wconf 68' lang='grc' dir='ltr'><strong>δὲ</strong></span> <span class='ocrx_word' id='word_1_8' title='bbox 1413 569 1530 632; x_wconf 68' lang='grc' dir='ltr'><strong>μίας</strong></span> 
     </span>
     <span class='ocr_line' id='line_1_3' title="bbox 467 646 1530 712; baseline 0.002 -18"><span class='ocrx_word' id='word_1_9' title='bbox 467 647 597 696; x_wconf 85' lang='lat' dir='ltr'><strong>vivit</strong></span> <span class='ocrx_word' id='word_1_10' title='bbox 618 646 795 712; x_wconf 84' lang='lat' dir='ltr'><strong>itaque</strong></span> <span class='ocrx_word' id='word_1_11' title='bbox 822 647 1005 696; x_wconf 88' lang='lat' dir='ltr'><strong>melior</strong></span> <span class='ocrx_word' id='word_1_12' title='bbox 1041 647 1276 697; x_wconf 75' lang='lat' dir='ltr'><strong>Salonini</strong></span> <span class='ocrx_word' id='word_1_13' title='bbox 1302 662 1433 710; x_wconf 83' lang='lat' dir='ltr'><strong>pars</strong></span> <span class='ocrx_word' id='word_1_14' title='bbox 1478 648 1530 696; x_wconf 89' lang='lat' dir='ltr'><strong>in</strong></span> 
     </span>
     <span class='ocr_line' id='line_1_4' title="bbox 467 723 1531 811; baseline 0.001 -39"><span class='ocrx_word' id='word_1_15' title='bbox 467 739 532 773; x_wconf 87' lang='lat' dir='ltr'><strong>eo</strong></span> <span class='ocrx_word' id='word_1_16' title='bbox 569 723 707 790; x_wconf 88' lang='lat' dir='ltr'><strong>quod</strong></span> <span class='ocrx_word' id='word_1_17' title='bbox 750 730 804 773; x_wconf 90' lang='lat' dir='ltr'><strong>te</strong></span> <span class='ocrx_word' id='word_1_18' title='bbox 850 724 1193 811; x_wconf 73' lang='lat' dir='ltr'><strong>superstitem</strong></span> <span class='ocrx_word' id='word_1_19' title='bbox 1243 724 1531 787; x_wconf 78' lang='lat' dir='ltr'>reliquerit,</span> 
     </span>
     <span class='ocr_line' id='line_1_5' title="bbox 466 800 1531 863; baseline 0 -13"><span class='ocrx_word' id='word_1_20' title='bbox 466 815 619 863; x_wconf 85' lang='lat' dir='ltr'><strong>quem</strong></span> <span class='ocrx_word' id='word_1_21' title='bbox 666 802 750 851; x_wconf 87' lang='lat' dir='ltr'><strong>vel</strong></span> <span class='ocrx_word' id='word_1_22' title='bbox 780 800 951 851; x_wconf 87' lang='lat' dir='ltr'><strong>anima</strong></span> <span class='ocrx_word' id='word_1_23' title='bbox 989 816 1082 850; x_wconf 86' lang='lat' dir='ltr'><strong>sua</strong></span> <span class='ocrx_word' id='word_1_24' title='bbox 1119 803 1406 853; x_wconf 74' lang='lat' dir='ltr'>chariorem</span> <span class='ocrx_word' id='word_1_25' title='bbox 1443 803 1531 851; x_wconf 75' lang='lat' dir='ltr'><strong>lta·</strong></span> 
     </span>
    </p>
   </div>
   <div class='ocr_carea' id='block_1_3' title="bbox 465 876 1528 1006">
    <p class='ocr_par' dir='ltr' id='par_1_3' title="bbox 465 876 1528 1006">
     <span class='ocr_line' id='line_1_6' title="bbox 465 876 1528 1006; baseline 0 -15"><span class='ocrx_word' id='word_1_26' title='bbox 465 876 693 992; x_wconf 49' lang='lat' dir='ltr'><strong>bugeio.</strong></span> <span class='ocrx_word' id='word_1_27' title='bbox 727 956 848 993; x_wconf 72' lang='lat' dir='ltr'><strong>xlx.</strong></span> <span class='ocrx_word' id='word_1_28' title='bbox 884 947 909 992; x_wconf 88' lang='lat'>1</span> <span class='ocrx_word' id='word_1_29' title='bbox 948 943 1061 992; x_wconf 72' lang='lat' dir='ltr'><strong>Noa</strong></span> <span class='ocrx_word' id='word_1_30' title='bbox 1096 945 1155 993; x_wconf 81' lang='lat' dir='ltr'><strong>de</strong></span> <span class='ocrx_word' id='word_1_31' title='bbox 1185 943 1255 1005; x_wconf 80' lang='grc' dir='ltr'><strong>υἱ,</strong></span> <span class='ocrx_word' id='word_1_32' title='bbox 1302 942 1406 1006; x_wconf 65' lang='lat' dir='ltr'><strong>asa]</strong></span> <span class='ocrx_word' id='word_1_33' title='bbox 1442 942 1528 992; x_wconf 89' lang='lat' dir='ltr'><strong>In</strong></span> 
     </span>
    </p>
   </div>
   <div class='ocr_carea' id='block_1_4' title="bbox 465 1018 1556 1083">
    <p class='ocr_par' dir='ltr' id='par_1_4' title="bbox 465 1018 1556 1083">
     <span class='ocr_line' id='line_1_7' title="bbox 465 1018 1556 1083; baseline 0.006 -16"><span class='ocrx_word' id='word_1_34' title='bbox 465 1024 615 1082; x_wconf 90' lang='lat' dir='ltr'><strong>eptos</strong></span> <span class='ocrx_word' id='word_1_35' title='bbox 638 1018 929 1083; x_wconf 84' lang='lat' dir='ltr'><strong>hujusmodi</strong></span> <span class='ocrx_word' id='word_1_36' title='bbox 963 1026 1018 1069; x_wconf 90' lang='lat' dir='ltr'><strong>et</strong></span> <span class='ocrx_word' id='word_1_37' title='bbox 1053 1020 1370 1071; x_wconf 84' lang='lat' dir='ltr'><strong>umbraticos</strong></span> <span class='ocrx_word' id='word_1_38' title='bbox 1410 1035 1556 1074; x_wconf 89' lang='lat' dir='ltr'><strong>cau·.</strong></span> 
     </span>
    </p>
   </div>
   <div class='ocr_carea' id='block_1_5' title="bbox 379 1093 1529 3009">
    <p class='ocr_par' dir='ltr' id='par_1_5' title="bbox 460 1093 1528 1393">
     <span class='ocr_line' id='line_1_8' title="bbox 464 1093 1528 1160; baseline 0.004 -18"><span class='ocrx_word' id='word_1_39' title='bbox 464 1093 672 1158; x_wconf 83' lang='lat' dir='ltr'><strong>sidicos‚</strong></span> <span class='ocrx_word' id='word_1_40' title='bbox 693 1095 783 1160; x_wconf 87' lang='lat' dir='ltr'><strong>qui</strong></span> <span class='ocrx_word' id='word_1_41' title='bbox 807 1094 1085 1158; x_wconf 82' lang='lat' dir='ltr'><strong>figurarum</strong></span> <span class='ocrx_word' id='word_1_42' title='bbox 1112 1106 1315 1147; x_wconf 89' lang='lat' dir='ltr'><strong>tumore</strong></span> <span class='ocrx_word' id='word_1_43' title='bbox 1339 1104 1395 1147; x_wconf 91' lang='lat' dir='ltr'><strong>et</strong></span> <span class='ocrx_word' id='word_1_44' title='bbox 1416 1110 1528 1146; x_wconf 87' lang='lat' dir='ltr'><strong>sen-</strong></span> 
     </span>
     <span class='ocr_line' id='line_1_9' title="bbox 463 1172 1527 1238; baseline 0.001 -17"><span class='ocrx_word' id='word_1_45' title='bbox 463 1172 743 1222; x_wconf 84' lang='lat' dir='ltr'><strong>tentiarum</strong></span> <span class='ocrx_word' id='word_1_46' title='bbox 770 1173 1044 1222; x_wconf 85' lang='lat' dir='ltr'><strong>vanissimo</strong></span> <span class='ocrx_word' id='word_1_47' title='bbox 1067 1174 1291 1238; x_wconf 87' lang='lat' dir='ltr'><strong>strepitu</strong></span> <span class='ocrx_word' id='word_1_48' title='bbox 1307 1188 1527 1237; x_wconf 86' lang='lat' dir='ltr'><strong>crepan-</strong></span> 
     </span>
     <span class='ocr_line' id='line_1_10' title="bbox 463 1247 1527 1313; baseline 0.006 -17"><span class='ocrx_word' id='word_1_49' title='bbox 463 1254 566 1310; x_wconf 87' lang='lat' dir='ltr'><strong>tes,</strong></span> <span class='ocrx_word' id='word_1_50' title='bbox 590 1247 716 1298; x_wconf 88' lang='lat' dir='ltr'><strong>nihil</strong></span> <span class='ocrx_word' id='word_1_51' title='bbox 741 1263 807 1297; x_wconf 84' lang='lat' dir='ltr'><strong>ex</strong></span> <span class='ocrx_word' id='word_1_52' title='bbox 829 1249 891 1299; x_wconf 87' lang='lat' dir='ltr'><strong>iis</strong></span> <span class='ocrx_word' id='word_1_53' title='bbox 916 1265 1033 1313; x_wconf 79' lang='lat' dir='ltr'><strong>quae</strong></span> <span class='ocrx_word' id='word_1_54' title='bbox 1073 1250 1128 1299; x_wconf 90' lang='lat' dir='ltr'><strong>in</strong></span> <span class='ocrx_word' id='word_1_55' title='bbox 1149 1266 1243 1300; x_wconf 86' lang='lat' dir='ltr'><strong>usu</strong></span> <span class='ocrx_word' id='word_1_56' title='bbox 1277 1258 1400 1301; x_wconf 86' lang='lat' dir='ltr'><strong>suut</strong></span> <span class='ocrx_word' id='word_1_57' title='bbox 1435 1258 1527 1302; x_wconf 86' lang='lat' dir='ltr'><strong>aut</strong></span> 
     </span>
     <span class='ocr_line' id='line_1_11' title="bbox 460 1324 1521 1393; baseline 0.005 -21"><span class='ocrx_word' id='word_1_58' title='bbox 460 1324 645 1374; x_wconf 86' lang='lat' dir='ltr'><strong>vident</strong></span> <span class='ocrx_word' id='word_1_59' title='bbox 678 1332 769 1376; x_wconf 88' lang='lat' dir='ltr'><strong>aut</strong></span> <span class='ocrx_word' id='word_1_60' title='bbox 805 1328 1106 1392; x_wconf 84' lang='lat' dir='ltr'><strong>loquuntur,</strong></span> <span class='ocrx_word' id='word_1_61' title='bbox 1148 1329 1385 1393; x_wconf 80' lang='lat' dir='ltr'><strong>exagitat</strong></span> <span class='ocrx_word' id='word_1_62' title='bbox 1423 1329 1521 1379; x_wconf 88' lang='lat' dir='ltr'><strong>Pe-</strong></span> 
     </span>
    </p>

    <p class='ocr_par' dir='ltr' id='par_1_6' title="bbox 383 1402 1529 2233">
     <span class='ocr_line' id='line_1_12' title="bbox 461 1402 1528 1456; baseline 0.007 -8"><span class='ocrx_word' id='word_1_63' title='bbox 461 1402 663 1451; x_wconf 80' lang='lat' dir='ltr'><strong>tronius</strong></span> <span class='ocrx_word' id='word_1_64' title='bbox 685 1403 862 1452; x_wconf 87' lang='lat' dir='ltr'><strong>statim</strong></span> <span class='ocrx_word' id='word_1_65' title='bbox 886 1404 951 1454; x_wconf 92' lang='lat' dir='ltr'><strong>ab</strong></span> <span class='ocrx_word' id='word_1_66' title='bbox 975 1404 1123 1454; x_wconf 88' lang='lat' dir='ltr'><strong>initio</strong></span> <span class='ocrx_word' id='word_1_67' title='bbox 1158 1406 1265 1456; x_wconf 83' lang='lat' dir='ltr'><strong>Sat.</strong></span> <span class='ocrx_word' id='word_1_68' title='bbox 1319 1405 1408 1456; x_wconf 84' lang='lat' dir='ltr'><strong>Ita</strong></span> <span class='ocrx_word' id='word_1_69' title='bbox 1443 1406 1528 1456; x_wconf 87' lang='lat' dir='ltr'><strong>hic</strong></span> 
     </span>
     <span class='ocr_line' id='line_1_13' title="bbox 460 1478 1528 1553; baseline 0.005 -26"><span class='ocrx_word' id='word_1_70' title='bbox 460 1478 740 1528; x_wconf 80' lang='lat' dir='ltr'><strong>Postumus</strong></span> <span class='ocrx_word' id='word_1_71' title='bbox 781 1481 868 1530; x_wconf 82' lang='lat' dir='ltr'><strong>vel</strong></span> <span class='ocrx_word' id='word_1_72' title='bbox 907 1495 973 1530; x_wconf 82' lang='lat' dir='ltr'><strong>ex</strong></span> <span class='ocrx_word' id='word_1_73' title='bbox 1018 1482 1124 1531; x_wconf 90' lang='lat' dir='ltr'><strong>alia</strong></span> <span class='ocrx_word' id='word_1_74' title='bbox 1145 1482 1405 1553; x_wconf 28' lang='lat' dir='ltr'><strong>,oratione</strong></span> <span class='ocrx_word' id='word_1_75' title='bbox 1442 1483 1528 1548; x_wconf 85' lang='lat' dir='ltr'><strong>(ut</strong></span> 
     </span>
     <span class='ocr_line' id='line_1_14' title="bbox 460 1553 1526 1625; baseline 0.008 -24"><span class='ocrx_word' id='word_1_76' title='bbox 460 1553 537 1603; x_wconf 80' lang='lat' dir='ltr'><strong>ait</strong></span> <span class='ocrx_word' id='word_1_77' title='bbox 558 1554 742 1605; x_wconf 86' lang='lat' dir='ltr'><strong>Cicero</strong></span> <span class='ocrx_word' id='word_1_78' title='bbox 757 1572 853 1620; x_wconf 85' lang='lat' dir='ltr'><strong>pro</strong></span> <span class='ocrx_word' id='word_1_79' title='bbox 866 1557 1063 1616; x_wconf 87' lang='lat' dir='ltr'><strong>Roscio</strong></span> <span class='ocrx_word' id='word_1_80' title='bbox 1086 1557 1357 1624; x_wconf 86' lang='lat' dir='ltr'><strong>Amerino)</strong></span> <span class='ocrx_word' id='word_1_81' title='bbox 1370 1574 1526 1625; x_wconf 88' lang='lat' dir='ltr'><strong>quam</strong></span> 
     </span>
     <span class='ocr_line' id='line_1_15' title="bbox 457 1632 1529 1691; baseline 0.007 -11"><span class='ocrx_word' id='word_1_82' title='bbox 457 1632 512 1681; x_wconf 90' lang='lat' dir='ltr'><strong>in</strong></span> <span class='ocrx_word' id='word_1_83' title='bbox 558 1635 716 1687; x_wconf 87' lang='lat' dir='ltr'><strong>alium</strong></span> <span class='ocrx_word' id='word_1_84' title='bbox 782 1651 929 1686; x_wconf 89' lang='lat' dir='ltr'><strong>reum</strong></span> <span class='ocrx_word' id='word_1_85' title='bbox 985 1637 1164 1688; x_wconf 84' lang='lat' dir='ltr'><strong>fuerat</strong></span> <span class='ocrx_word' id='word_1_86' title='bbox 1211 1646 1529 1691; x_wconf 86' lang='lat' dir='ltr'><strong>commenta-</strong></span> 
     </span>
     <span class='ocr_line' id='line_1_16' title="bbox 457 1711 1528 1768; baseline 0.007 -10"><span class='ocrx_word' id='word_1_87' title='bbox 457 1713 542 1758; x_wconf 86' lang='lat' dir='ltr'><strong>tus</strong></span> <span class='ocrx_word' id='word_1_88' title='bbox 587 1711 699 1762; x_wconf 81' lang='lat' dir='ltr'><strong>haec</strong></span> <span class='ocrx_word' id='word_1_89' title='bbox 735 1713 1080 1766; x_wconf 83' lang='lat' dir='ltr'><strong>declamavit:</strong></span> <span class='ocrx_word' id='word_1_90' title='bbox 1136 1717 1219 1767; x_wconf 89' lang='lat' dir='ltr'><strong>vel</strong></span> <span class='ocrx_word' id='word_1_91' title='bbox 1254 1717 1528 1768; x_wconf 78' lang='lat' dir='ltr'><strong>arcessitos</strong></span> 
     </span>
     <span class='ocr_line' id='line_1_17' title="bbox 456 1786 1523 1858; baseline 0.009 -25"><span class='ocrx_word' id='word_1_92' title='bbox 456 1786 551 1834; x_wconf 83' lang='lat' dir='ltr'><strong>hos</strong></span> <span class='ocrx_word' id='word_1_93' title='bbox 575 1788 702 1837; x_wconf 85' lang='lat' dir='ltr'><strong>artis</strong></span> <span class='ocrx_word' id='word_1_94' title='bbox 727 1789 930 1839; x_wconf 84' lang='lat' dir='ltr'><strong>colores</strong></span> <span class='ocrx_word' id='word_1_95' title='bbox 953 1799 1024 1840; x_wconf 65' lang='lat' dir='ltr'><strong>,et</strong></span> <span class='ocrx_word' id='word_1_96' title='bbox 1065 1806 1402 1856; x_wconf 85' lang='lat' dir='ltr'><strong>purpureum,</strong></span> <span class='ocrx_word' id='word_1_97' title='bbox 1436 1794 1523 1858; x_wconf 88' lang='lat' dir='ltr'><strong>qui</strong></span> 
     </span>
     <span class='ocr_line' id='line_1_18' title="bbox 456 1862 1523 1931; baseline 0.01 -21"><span class='ocrx_word' id='word_1_98' title='bbox 456 1862 564 1912; x_wconf 84' lang='lat' dir='ltr'><strong>late</strong></span> <span class='ocrx_word' id='word_1_99' title='bbox 587 1865 880 1928; x_wconf 86' lang='lat' dir='ltr'><strong>splendeat,</strong></span> <span class='ocrx_word' id='word_1_100' title='bbox 901 1883 1123 1931; x_wconf 88' lang='lat' dir='ltr'><strong>pannum</strong></span> <span class='ocrx_word' id='word_1_101' title='bbox 1141 1870 1303 1920; x_wconf 80' lang='lat' dir='ltr'><strong>assuit</strong></span> <span class='ocrx_word' id='word_1_102' title='bbox 1327 1885 1523 1921; x_wconf 67' lang='lat' dir='ltr'><strong>caussas</strong></span> 
     </span>
     <span class='ocr_line' id='line_1_19' title="bbox 455 1940 1523 2008; baseline 0.01 -21"><span class='ocrx_word' id='word_1_103' title='bbox 455 1940 580 2001; x_wconf 87' lang='lat' dir='ltr'><strong>levi,</strong></span> <span class='ocrx_word' id='word_1_104' title='bbox 603 1955 757 2005; x_wconf 89' lang='lat' dir='ltr'><strong>quam</strong></span> <span class='ocrx_word' id='word_1_105' title='bbox 782 1951 952 1993; x_wconf 87' lang='lat' dir='ltr'><strong>actam</strong></span> <span class='ocrx_word' id='word_1_106' title='bbox 987 1946 1220 2008; x_wconf 86' lang='lat' dir='ltr'><strong>oportuit</strong></span> <span class='ocrx_word' id='word_1_107' title='bbox 1253 1947 1317 1996; x_wconf 89' lang='lat' dir='ltr'><strong>de</strong></span> <span class='ocrx_word' id='word_1_108' title='bbox 1358 1948 1523 1998; x_wconf 83' lang='lat' dir='ltr'><strong>tribus</strong></span> 
     </span>
     <span class='ocr_line' id='line_1_20' title="bbox 383 2016 1522 2090; baseline 0.011 -25"><span class='ocrx_word' id='word_1_109' title='bbox 383 2036 387 2042; x_wconf 91' lang='lat'>·</span> <span class='ocrx_word' id='word_1_110' title='bbox 459 2019 696 2082; x_wconf 82' lang='lat' dir='ltr'><strong>capellis.</strong></span> <span class='ocrx_word' id='word_1_111' title='bbox 785 2021 921 2071; x_wconf 84' lang='lat' dir='ltr'><strong>Vide</strong></span> <span class='ocrx_word' id='word_1_112' title='bbox 966 2023 1152 2073; x_wconf 85' lang='lat' dir='ltr'><strong>Lucilii</strong></span> <span class='ocrx_word' id='word_1_113' title='bbox 1206 2016 1522 2090; x_wconf 77' lang='lat' dir='ltr'><strong>Epigramm.</strong></span> 
     </span>
     <span class='ocr_line' id='line_1_21' title="bbox 454 2094 1523 2164; baseline 0.011 -22"><span class='ocrx_word' id='word_1_114' title='bbox 454 2094 549 2144; x_wconf 80' lang='lat' dir='ltr'><strong>lib.</strong></span> <span class='ocrx_word' id='word_1_115' title='bbox 571 2099 622 2145; x_wconf 99' lang='grc'><strong>2.</strong></span> <span class='ocrx_word' id='word_1_116' title='bbox 659 2110 775 2161; x_wconf 86' lang='lat' dir='ltr'><strong>cap.</strong></span> <span class='ocrx_word' id='word_1_117' title='bbox 797 2101 880 2155; x_wconf 78' lang='grc'><strong>46.</strong></span> <span class='ocrx_word' id='word_1_118' title='bbox 949 2099 1231 2164; x_wconf 81' lang='lat' dir='ltr'><strong>Autholog.</strong></span> <span class='ocrx_word' id='word_1_119' title='bbox 1268 2102 1523 2153; x_wconf 77' lang='lat' dir='ltr'><strong>undelioc</strong></span> 
     </span>
     <span class='ocr_line' id='line_1_22' title="bbox 454 2174 1521 2233; baseline 0.011 -15"><span class='ocrx_word' id='word_1_120' title='bbox 454 2185 789 2233; x_wconf 81' lang='lat' dir='ltr'><strong>expressum:</strong></span> <span class='ocrx_word' id='word_1_121' title='bbox 859 2174 976 2224; x_wconf 85' lang='lat' dir='ltr'><strong>vide</strong></span> <span class='ocrx_word' id='word_1_122' title='bbox 1027 2184 1084 2229; x_wconf 84' lang='lat' dir='ltr'><strong>et</strong></span> <span class='ocrx_word' id='word_1_123' title='bbox 1137 2179 1419 2231; x_wconf 86' lang='lat' dir='ltr'><strong>Lucianum</strong></span> <span class='ocrx_word' id='word_1_124' title='bbox 1466 2182 1521 2230; x_wconf 85' lang='lat' dir='ltr'><strong>in</strong></span> 
     </span>
    </p>

    <p class='ocr_par' dir='ltr' id='par_1_7' title="bbox 452 2246 978 2316">
     <span class='ocr_line' id='line_1_23' title="bbox 452 2246 978 2316; baseline 0.012 -20"><span class='ocrx_word' id='word_1_125' title='bbox 452 2246 682 2311; x_wconf 73' lang='grc' dir='ltr'><strong><em>Ῥητόρων</em></strong></span> <span class='ocrx_word' id='word_1_126' title='bbox 699 2250 978 2316; x_wconf 74' lang='grc' dir='ltr'><strong><em>διδασκάλῳ.</em></strong></span> 
     </span>
    </p>

    <p class='ocr_par' dir='ltr' id='par_1_8' title="bbox 379 2327 1522 2395">
     <span class='ocr_line' id='line_1_24' title="bbox 379 2327 1522 2395; baseline 0.009 -21"><span class='ocrx_word' id='word_1_127' title='bbox 379 2338 384 2349; x_wconf 88' lang='grc'><strong><em>·</em></strong></span> <span class='ocrx_word' id='word_1_128' title='bbox 518 2330 552 2375; x_wconf 93' lang='grc'><strong>2</strong></span> <span class='ocrx_word' id='word_1_129' title='bbox 587 2327 669 2377; x_wconf 84' lang='lat' dir='ltr'><strong>De</strong></span> <span class='ocrx_word' id='word_1_130' title='bbox 693 2329 847 2377; x_wconf 70' lang='lat' dir='ltr'><strong>mbas</strong></span> <span class='ocrx_word' id='word_1_131' title='bbox 861 2331 1078 2395; x_wconf 67' lang='lat' dir='ltr'><strong>capellis]</strong></span> <span class='ocrx_word' id='word_1_132' title='bbox 1111 2332 1191 2381; x_wconf 89' lang='lat' dir='ltr'><strong>De</strong></span> <span class='ocrx_word' id='word_1_133' title='bbox 1209 2346 1264 2383; x_wconf 89' lang='lat' dir='ltr'><strong>re</strong></span> <span class='ocrx_word' id='word_1_134' title='bbox 1282 2333 1383 2383; x_wconf 89' lang='lat' dir='ltr'><strong>levi</strong></span> <span class='ocrx_word' id='word_1_135' title='bbox 1402 2349 1522 2384; x_wconf 87' lang='lat' dir='ltr'><strong>con·</strong></span> 
     </span>
    </p>

    <p class='ocr_par' dir='ltr' id='par_1_9' title="bbox 450 2405 1520 2632">
     <span class='ocr_line' id='line_1_25' title="bbox 453 2405 1520 2478; baseline 0.01 -26"><span class='ocrx_word' id='word_1_136' title='bbox 453 2405 732 2456; x_wconf 76' lang='lat' dir='ltr'><strong>tendebam</strong></span> <span class='ocrx_word' id='word_1_137' title='bbox 756 2423 874 2457; x_wconf 85' lang='lat' dir='ltr'><strong>eum</strong></span> <span class='ocrx_word' id='word_1_138' title='bbox 895 2409 1224 2473; x_wconf 60' lang='lat' dir='ltr'><strong>adversat-im</strong></span> <span class='ocrx_word' id='word_1_139' title='bbox 1258 2420 1314 2460; x_wconf 91' lang='lat' dir='ltr'><strong>et</strong></span> <span class='ocrx_word' id='word_1_140' title='bbox 1329 2419 1384 2462; x_wconf 89' lang='lat' dir='ltr'><strong>tu</strong></span> <span class='ocrx_word' id='word_1_141' title='bbox 1405 2429 1520 2478; x_wconf 77' lang='lat' dir='ltr'><strong>peu-</strong></span> 
     </span>
     <span class='ocr_line' id='line_1_26' title="bbox 450 2482 1518 2554; baseline 0.007 -23"><span class='ocrx_word' id='word_1_142' title='bbox 450 2482 574 2532; x_wconf 87' lang='lat' dir='ltr'><strong>inde</strong></span> <span class='ocrx_word' id='word_1_143' title='bbox 595 2498 656 2533; x_wconf 89' lang='lat' dir='ltr'><strong>ac</strong></span> <span class='ocrx_word' id='word_1_144' title='bbox 680 2485 722 2533; x_wconf 88' lang='lat' dir='ltr'><strong>si</strong></span> <span class='ocrx_word' id='word_1_145' title='bbox 749 2484 854 2536; x_wconf 88' lang='lat' dir='ltr'><strong>de</strong></span> <span class='ocrx_word' id='word_1_146' title='bbox 839 2488 1063 2550; x_wconf 73' lang='lat' dir='ltr'><strong>imperio</strong></span> <span class='ocrx_word' id='word_1_147' title='bbox 1094 2488 1232 2538; x_wconf 88' lang='lat' dir='ltr'><strong>orbis</strong></span> <span class='ocrx_word' id='word_1_148' title='bbox 1254 2498 1518 2554; x_wconf 78' lang='lat' dir='ltr'><strong>ageretur,</strong></span> 
     </span>
     <span class='ocr_line' id='line_1_27' title="bbox 451 2563 1519 2632; baseline 0.012 -25"><span class='ocrx_word' id='word_1_149' title='bbox 451 2574 707 2610; x_wconf 81' lang='lat' dir='ltr'><strong>memoras</strong></span> <span class='ocrx_word' id='word_1_150' title='bbox 739 2563 1039 2626; x_wconf 84' lang='lat' dir='ltr'><strong>gravissima</strong></span> <span class='ocrx_word' id='word_1_151' title='bbox 1062 2564 1223 2615; x_wconf 86' lang='lat' dir='ltr'><strong>bella:</strong></span> <span class='ocrx_word' id='word_1_152' title='bbox 1270 2568 1417 2632; x_wconf 85' lang='lat' dir='ltr'><strong>quasi</strong></span> <span class='ocrx_word' id='word_1_153' title='bbox 1440 2569 1519 2618; x_wconf 89' lang='lat' dir='ltr'><strong>di-</strong></span> 
     </span>
    </p>

    <p class='ocr_par' dir='ltr' id='par_1_10' title="bbox 452 2638 1331 2706">
     <span class='ocr_line' id='line_1_28' title="bbox 452 2638 1331 2706; baseline 0.008 -22"><span class='ocrx_word' id='word_1_154' title='bbox 452 2644 562 2697; x_wconf 86' lang='lat' dir='ltr'><strong>cat,</strong></span> <span class='ocrx_word' id='word_1_155' title='bbox 583 2638 743 2688; x_wconf 83' lang='lat' dir='ltr'><strong>Mitte</strong></span> <span class='ocrx_word' id='word_1_156' title='bbox 766 2640 876 2690; x_wconf 74' lang='lat' dir='ltr'><strong>haec</strong></span> <span class='ocrx_word' id='word_1_157' title='bbox 891 2649 947 2690; x_wconf 90' lang='lat' dir='ltr'><strong>et</strong></span> <span class='ocrx_word' id='word_1_158' title='bbox 965 2642 1115 2706; x_wconf 80' lang='lat' dir='ltr'><strong>redi</strong></span> <span class='ocrx_word' id='word_1_159' title='bbox 1102 2657 1157 2691; x_wconf 85' lang='grc' dir='ltr'><strong>ιιι</strong></span> <span class='ocrx_word' id='word_1_160' title='bbox 1178 2645 1331 2693; x_wconf 87' lang='lat' dir='ltr'><strong>viam.</strong></span> 
     </span>
    </p>

    <p class='ocr_par' dir='ltr' id='par_1_11' title="bbox 432 2715 1520 3009">
     <span class='ocr_line' id='line_1_29' title="bbox 432 2715 1515 2785; baseline 0.009 -25"><span class='ocrx_word' id='word_1_161' title='bbox 432 2745 437 2748; x_wconf 32' lang='grc' dir='ltr'>ψ</span> <span class='ocrx_word' id='word_1_162' title='bbox 513 2718 544 2761; x_wconf 90' lang='grc'><strong>6</strong></span> <span class='ocrx_word' id='word_1_163' title='bbox 580 2715 653 2764; x_wconf 82' lang='grc' dir='ltr'><strong>Τιι</strong></span> <span class='ocrx_word' id='word_1_164' title='bbox 677 2715 1014 2781; x_wconf 41' lang='lat' dir='ltr'><strong>Garunnam]</strong></span> <span class='ocrx_word' id='word_1_165' title='bbox 1054 2718 1138 2767; x_wconf 84' lang='lat' dir='ltr'><strong>Tu</strong></span> <span class='ocrx_word' id='word_1_166' title='bbox 1173 2721 1351 2769; x_wconf 86' lang='lat' dir='ltr'><strong>nescio</strong></span> <span class='ocrx_word' id='word_1_167' title='bbox 1392 2722 1515 2785; x_wconf 89' lang='lat' dir='ltr'><strong>quid</strong></span> 
     </span>
     <span class='ocr_line' id='line_1_30' title="bbox 450 2789 1519 2860; baseline 0.01 -24"><span class='ocrx_word' id='word_1_168' title='bbox 450 2789 650 2854; x_wconf 64' lang='lat' dir='ltr'><strong>grande</strong></span> <span class='ocrx_word' id='word_1_169' title='bbox 668 2804 818 2842; x_wconf 86' lang='lat' dir='ltr'><strong>sonas</strong></span> <span class='ocrx_word' id='word_1_170' title='bbox 838 2791 903 2841; x_wconf 88' lang='lat' dir='ltr'><strong>de</strong></span> <span class='ocrx_word' id='word_1_171' title='bbox 919 2793 1067 2844; x_wconf 88' lang='lat' dir='ltr'><strong>clade</strong></span> <span class='ocrx_word' id='word_1_172' title='bbox 1085 2789 1364 2860; x_wconf 81' lang='lat' dir='ltr'><strong>Cannensi,</strong></span> <span class='ocrx_word' id='word_1_173' title='bbox 1380 2797 1519 2848; x_wconf 87' lang='lat' dir='ltr'><strong>bello</strong></span> 
     </span>
     <span class='ocr_line' id='line_1_31' title="bbox 450 2867 1520 2937; baseline 0.009 -22"><span class='ocrx_word' id='word_1_174' title='bbox 450 2881 568 2926; x_wconf 83' lang='lat' dir='ltr'><strong>cum</strong></span> <span class='ocrx_word' id='word_1_175' title='bbox 593 2867 919 2932; x_wconf 84' lang='lat' dir='ltr'><strong>Mithridate,</strong></span> <span class='ocrx_word' id='word_1_176' title='bbox 948 2870 1267 2937; x_wconf 84' lang='lat' dir='ltr'><strong>Hannibale,</strong></span> <span class='ocrx_word' id='word_1_177' title='bbox 1291 2874 1520 2926; x_wconf 85' lang='lat' dir='ltr'><strong>Porsen-</strong></span> 
     </span>
     <span class='ocr_line' id='line_1_32' title="bbox 449 2939 1520 3009; baseline 0.013 -18"><span class='ocrx_word' id='word_1_178' title='bbox 449 2958 538 3007; x_wconf 89' lang='lat' dir='ltr'><strong>na,</strong></span> <span class='ocrx_word' id='word_1_179' title='bbox 583 2939 735 3009; x_wconf 76' lang='lat' dir='ltr'><strong>quem&#39;</strong></span> <span class='ocrx_word' id='word_1_180' title='bbox 781 2949 983 3000; x_wconf 83' lang='lat' dir='ltr'><strong>Mutius</strong></span> <span class='ocrx_word' id='word_1_181' title='bbox 1021 2951 1259 3003; x_wconf 67' lang='lat' dir='ltr'><strong>Scaevola</strong></span> <span class='ocrx_word' id='word_1_182' title='bbox 1304 2954 1520 3005; x_wconf 84' lang='lat' dir='ltr'><strong>adortus</strong></span> 
     </span>
    </p>
   </div>
   <div class='ocr_carea' id='block_1_6' title="bbox 447 3024 1521 3087">
    <p class='ocr_par' dir='ltr' id='par_1_12' title="bbox 447 3024 1521 3087">
     <span class='ocr_line' id='line_1_33' title="bbox 447 3024 1521 3087; baseline 0.012 -19"><span class='ocrx_word' id='word_1_183' title='bbox 447 3028 552 3083; x_wconf 84' lang='lat' dir='ltr'><strong>est,</strong></span> <span class='ocrx_word' id='word_1_184' title='bbox 603 3024 782 3087; x_wconf 80' lang='lat' dir='ltr'><strong>Epigr.</strong></span> <span class='ocrx_word' id='word_1_185' title='bbox 805 3030 890 3075; x_wconf 91' lang='grc'><strong>22.</strong></span> <span class='ocrx_word' id='word_1_186' title='bbox 928 3027 1088 3078; x_wconf 84' lang='lat' dir='ltr'><strong>lib.l.</strong></span> <span class='ocrx_word' id='word_1_187' title='bbox 1131 3034 1188 3078; x_wconf 90' lang='lat' dir='ltr'><strong>et</strong></span> <span class='ocrx_word' id='word_1_188' title='bbox 1221 3028 1370 3078; x_wconf 88' lang='lat' dir='ltr'><strong>bellis</strong></span> <span class='ocrx_word' id='word_1_189' title='bbox 1394 3031 1521 3081; x_wconf 84' lang='lat' dir='ltr'><strong>civi-</strong></span> 
     </span>
    </p>
   </div>
   <div class='ocr_carea' id='block_1_7' title="bbox 446 3096 1518 3241">
    <p class='ocr_par' dir='ltr' id='par_1_13' title="bbox 446 3096 1518 3241">
     <span class='ocr_line' id='line_1_34' title="bbox 446 3096 1518 3167; baseline 0.012 -23"><span class='ocrx_word' id='word_1_190' title='bbox 446 3096 585 3147; x_wconf 88' lang='lat' dir='ltr'><strong>libus</strong></span> <span class='ocrx_word' id='word_1_191' title='bbox 622 3099 784 3150; x_wconf 86' lang='lat' dir='ltr'><strong>Marii</strong></span> <span class='ocrx_word' id='word_1_192' title='bbox 821 3108 879 3152; x_wconf 87' lang='lat' dir='ltr'><strong>et</strong></span> <span class='ocrx_word' id='word_1_193' title='bbox 900 3104 1094 3167; x_wconf 78' lang='lat' dir='ltr'><strong>Synae:</strong></span> <span class='ocrx_word' id='word_1_194' title='bbox 1130 3112 1286 3157; x_wconf 84' lang='lat' dir='ltr'><strong>extra</strong></span> <span class='ocrx_word' id='word_1_195' title='bbox 1305 3107 1518 3157; x_wconf 85' lang='lat' dir='ltr'><strong>chorum</strong></span> 
     </span>
     <span class='ocr_line' id='line_1_35' title="bbox 448 3175 1190 3241; baseline 0.016 -18"><span class='ocrx_word' id='word_1_196' title='bbox 448 3175 678 3241; x_wconf 86' lang='lat' dir='ltr'><strong>quidem,</strong></span> <span class='ocrx_word' id='word_1_197' title='bbox 701 3186 757 3230; x_wconf 89' lang='lat' dir='ltr'><strong>et</strong></span> <span class='ocrx_word' id='word_1_198' title='bbox 779 3180 908 3229; x_wconf 85' lang='lat' dir='ltr'><strong>mira</strong></span> <span class='ocrx_word' id='word_1_199' title='bbox 938 3181 1005 3230; x_wconf 89' lang='lat' dir='ltr'><strong>de</strong></span> <span class='ocrx_word' id='word_1_200' title='bbox 1029 3183 1190 3235; x_wconf 88' lang='lat' dir='ltr'><strong>lente.</strong></span> 
     </span>
    </p>
   </div>
   <div class='ocr_carea' id='block_1_8' title="bbox 454 3254 1519 3326">
    <p class='ocr_par' dir='ltr' id='par_1_14' title="bbox 454 3254 1519 3326">
     <span class='ocr_line' id='line_1_36' title="bbox 454 3254 1519 3326; baseline 0.014 -26"><span class='ocrx_word' id='word_1_201' title='bbox 454 3275 459 3276; x_wconf 27' lang='lat' dir='ltr'><em>ff</em></span> <span class='ocrx_word' id='word_1_202' title='bbox 509 3256 542 3301; x_wconf 84' lang='lat'>8</span> <span class='ocrx_word' id='word_1_203' title='bbox 575 3254 822 3320; x_wconf 62' lang='lat' dir='ltr'><strong>Maurique</strong></span> <span class='ocrx_word' id='word_1_204' title='bbox 836 3260 961 3324; x_wconf 74' lang='lat' dir='ltr'><strong>tota]</strong></span> <span class='ocrx_word' id='word_1_205' title='bbox 994 3259 1153 3310; x_wconf 89' lang='lat' dir='ltr'><strong>Omni</strong></span> <span class='ocrx_word' id='word_1_206' title='bbox 1179 3269 1331 3326; x_wconf 82' lang='lat' dir='ltr'><strong>gestu</strong></span> <span class='ocrx_word' id='word_1_207' title='bbox 1355 3269 1411 3314; x_wconf 85' lang='lat' dir='ltr'><strong>et</strong></span> <span class='ocrx_word' id='word_1_208' title='bbox 1431 3278 1519 3314; x_wconf 87' lang='lat' dir='ltr'><strong>ac·</strong></span> 
     </span>
    </p>
   </div>
   <div class='ocr_carea' id='block_1_9' title="bbox 435 3328 1517 4426">
    <p class='ocr_par' dir='ltr' id='par_1_15' title="bbox 442 3328 1517 3473">
     <span class='ocr_line' id='line_1_37' title="bbox 444 3328 1517 3408; baseline 0.013 -30"><span class='ocrx_word' id='word_1_209' title='bbox 444 3328 601 3381; x_wconf 85' lang='lat' dir='ltr'><strong>tionis</strong></span> <span class='ocrx_word' id='word_1_210' title='bbox 625 3332 845 3395; x_wconf 80' lang='lat' dir='ltr'><strong>viribus3</strong></span> <span class='ocrx_word' id='word_1_211' title='bbox 864 3336 937 3386; x_wconf 89' lang='lat' dir='ltr'><strong>ita</strong></span> <span class='ocrx_word' id='word_1_212' title='bbox 954 3350 1140 3401; x_wconf 83' lang='lat' dir='ltr'><strong>magno</strong></span> <span class='ocrx_word' id='word_1_213' title='bbox 1163 3348 1358 3390; x_wconf 86' lang='lat' dir='ltr'><strong>conatu</strong></span> <span class='ocrx_word' id='word_1_214' title='bbox 1375 3355 1517 3408; x_wconf 80' lang='lat' dir='ltr'><strong>mag·</strong></span> 
     </span>
     <span class='ocr_line' id='line_1_38' title="bbox 442 3412 873 3473; baseline 0.019 -20"><span class='ocrx_word' id='word_1_215' title='bbox 442 3419 536 3455; x_wconf 85' lang='lat' dir='ltr'><strong>nas</strong></span> <span class='ocrx_word' id='word_1_216' title='bbox 558 3421 721 3472; x_wconf 77' lang='lat' dir='ltr'><strong>nugas</strong></span> <span class='ocrx_word' id='word_1_217' title='bbox 743 3412 873 3473; x_wconf 75' lang='lat' dir='ltr'><strong>agis.</strong></span> 
     </span>
    </p>

    <p class='ocr_par' dir='ltr' id='par_1_16' title="bbox 435 3483 1515 4091">
     <span class='ocr_line' id='line_1_39' title="bbox 505 3483 1513 3559; baseline 0.016 -28"><span class='ocrx_word' id='word_1_218' title='bbox 505 3483 667 3534; x_wconf 75' lang='lat' dir='ltr'><strong>Eme.</strong></span> <span class='ocrx_word' id='word_1_219' title='bbox 685 3498 780 3537; x_wconf 82' lang='lat' dir='ltr'><strong>xx.</strong></span> <span class='ocrx_word' id='word_1_220' title='bbox 814 3493 841 3538; x_wconf 86' lang='lat'>1</span> <span class='ocrx_word' id='word_1_221' title='bbox 870 3489 1055 3541; x_wconf 74' lang='lat' dir='ltr'><strong>Mutua</strong></span> <span class='ocrx_word' id='word_1_222' title='bbox 1071 3495 1121 3542; x_wconf 77' lang='lat' dir='ltr'><strong>te</strong></span> <span class='ocrx_word' id='word_1_223' title='bbox 1135 3495 1347 3559; x_wconf 70' lang='lat' dir='ltr'><strong>centnm]</strong></span> <span class='ocrx_word' id='word_1_224' title='bbox 1373 3496 1513 3547; x_wconf 85' lang='lat' dir='ltr'><strong>Heio</strong></span> 
     </span>
     <span class='ocr_line' id='line_1_40' title="bbox 444 3559 1515 3633; baseline 0.017 -27"><span class='ocrx_word' id='word_1_225' title='bbox 444 3566 528 3608; x_wconf 87' lang='lat' dir='ltr'><strong>est</strong></span> <span class='ocrx_word' id='word_1_226' title='bbox 548 3559 796 3628; x_wconf 74' lang='grc' dir='ltr'><strong><em>χαράκτηρ</em></strong></span> <span class='ocrx_word' id='word_1_227' title='bbox 813 3565 1036 3616; x_wconf 85' lang='lat' dir='ltr'><strong>hominis</strong></span> <span class='ocrx_word' id='word_1_228' title='bbox 1054 3570 1194 3633; x_wconf 84' lang='lat' dir='ltr'><strong>vani,</strong></span> <span class='ocrx_word' id='word_1_229' title='bbox 1226 3578 1303 3629; x_wconf 90' lang='lat' dir='ltr'><strong>et,</strong></span> <span class='ocrx_word' id='word_1_230' title='bbox 1325 3581 1386 3622; x_wconf 90' lang='lat' dir='ltr'><strong>nt</strong></span> <span class='ocrx_word' id='word_1_231' title='bbox 1407 3574 1515 3623; x_wconf 86' lang='lat' dir='ltr'><strong>aie·</strong></span> 
     </span>
     <span class='ocr_line' id='line_1_41' title="bbox 440 3634 1512 3709; baseline 0.016 -25"><span class='ocrx_word' id='word_1_232' title='bbox 440 3634 536 3687; x_wconf 86' lang='lat' dir='ltr'><strong>bat</strong></span> <span class='ocrx_word' id='word_1_233' title='bbox 572 3638 1029 3707; x_wconf 50' lang='lat' dir='ltr'><strong>Comicusrlingua</strong></span> <span class='ocrx_word' id='word_1_234' title='bbox 1061 3644 1290 3709; x_wconf 72' lang='lat' dir='ltr'><strong>factiosi,</strong></span> <span class='ocrx_word' id='word_1_235' title='bbox 1325 3649 1512 3701; x_wconf 77' lang='lat' dir='ltr'><strong>inertis</strong></span> 
     </span>
     <span class='ocr_line' id='line_1_42' title="bbox 439 3718 1512 3789; baseline 0.014 -28"><span class='ocrx_word' id='word_1_236' title='bbox 439 3728 618 3778; x_wconf 85' lang='lat' dir='ltr'><strong>opera,</strong></span> <span class='ocrx_word' id='word_1_237' title='bbox 643 3723 699 3766; x_wconf 89' lang='lat' dir='ltr'><strong>et</strong></span> <span class='ocrx_word' id='word_1_238' title='bbox 726 3718 956 3769; x_wconf 81' lang='lat' dir='ltr'><strong>sublesta</strong></span> <span class='ocrx_word' id='word_1_239' title='bbox 977 3720 1102 3775; x_wconf 77' lang='lat' dir='ltr'><strong>fide.</strong></span> <span class='ocrx_word' id='word_1_240' title='bbox 1167 3724 1331 3774; x_wconf 91' lang='lat' dir='ltr'><strong>Multi</strong></span> <span class='ocrx_word' id='word_1_241' title='bbox 1363 3740 1512 3789; x_wconf 89' lang='lat' dir='ltr'><strong>repe·</strong></span> 
     </span>
     <span class='ocr_line' id='line_1_43' title="bbox 435 3791 1512 3861; baseline 0.012 -23"><span class='ocrx_word' id='word_1_242' title='bbox 435 3791 640 3842; x_wconf 85' lang='lat' dir='ltr'><strong>riuntur</strong></span> <span class='ocrx_word' id='word_1_243' title='bbox 661 3794 934 3860; x_wconf 87' lang='lat' dir='ltr'><strong>ejusmodi,</strong></span> <span class='ocrx_word' id='word_1_244' title='bbox 959 3797 1045 3861; x_wconf 83' lang='lat' dir='ltr'><strong>qui</strong></span> <span class='ocrx_word' id='word_1_245' title='bbox 1067 3813 1171 3848; x_wconf 88' lang='lat' dir='ltr'><strong>non</strong></span> <span class='ocrx_word' id='word_1_246' title='bbox 1189 3800 1342 3849; x_wconf 87' lang='lat' dir='ltr'><strong>modo</strong></span> <span class='ocrx_word' id='word_1_247' title='bbox 1355 3800 1512 3851; x_wconf 84' lang='lat' dir='ltr'><strong>facile</strong></span> 
     </span>
     <span class='ocr_line' id='line_1_44' title="bbox 437 3870 1508 3941; baseline 0.013 -28"><span class='ocrx_word' id='word_1_248' title='bbox 437 3870 775 3930; x_wconf 86' lang='lat' dir='ltr'><strong>promittuut,</strong></span> <span class='ocrx_word' id='word_1_249' title='bbox 799 3872 893 3926; x_wconf 85' lang='lat' dir='ltr'><strong>sed</strong></span> <span class='ocrx_word' id='word_1_250' title='bbox 929 3887 1044 3925; x_wconf 87' lang='lat' dir='ltr'><strong>sese</strong></span> <span class='ocrx_word' id='word_1_251' title='bbox 1069 3876 1208 3928; x_wconf 86' lang='lat' dir='ltr'><strong>ultro</strong></span> <span class='ocrx_word' id='word_1_252' title='bbox 1247 3873 1508 3941; x_wconf 81' lang='lat' dir='ltr'><strong>offerunt3</strong></span> 
     </span>
     <span class='ocr_line' id='line_1_45' title="bbox 435 3948 1510 4017; baseline 0.014 -28"><span class='ocrx_word' id='word_1_253' title='bbox 435 3957 650 4005; x_wconf 85' lang='lat' dir='ltr'><strong>quorum</strong></span> <span class='ocrx_word' id='word_1_254' title='bbox 675 3948 955 3999; x_wconf 85' lang='lat' dir='ltr'><strong>amicitiam</strong></span> <span class='ocrx_word' id='word_1_255' title='bbox 988 3950 1033 3998; x_wconf 90' lang='lat' dir='ltr'><strong>si</strong></span> <span class='ocrx_word' id='word_1_256' title='bbox 1056 3951 1135 4000; x_wconf 84' lang='lat' dir='ltr'><strong>vis</strong></span> <span class='ocrx_word' id='word_1_257' title='bbox 1160 3952 1413 4017; x_wconf 87' lang='lat' dir='ltr'><strong>experiri,</strong></span> <span class='ocrx_word' id='word_1_258' title='bbox 1431 3954 1510 4004; x_wconf 90' lang='lat' dir='ltr'><strong>ni-</strong></span> 
     </span>
     <span class='ocr_line' id='line_1_46' title="bbox 435 4017 1261 4091; baseline 0.012 -25"><span class='ocrx_word' id='word_1_259' title='bbox 435 4017 507 4068; x_wconf 81' lang='lat' dir='ltr'><strong>hil</strong></span> <span class='ocrx_word' id='word_1_260' title='bbox 530 4018 762 4091; x_wconf 76' lang='lat' dir='ltr'><strong>invenies</strong></span> <span class='ocrx_word' id='word_1_261' title='bbox 782 4024 1019 4076; x_wconf 81' lang='lat' dir='ltr'><strong>alienius.</strong></span> <span class='ocrx_word' id='word_1_262' title='bbox 1055 4026 1261 4078; x_wconf 79' lang='lat' dir='ltr'><strong>Herald.</strong></span> 
     </span>
    </p>

    <p class='ocr_par' dir='ltr' id='par_1_17' title="bbox 435 4098 1509 4408">
     <span class='ocr_line' id='line_1_47' title="bbox 500 4098 1509 4166; baseline 0.013 -21"><span class='ocrx_word' id='word_1_263' title='bbox 500 4099 532 4145; x_wconf 90' lang='grc'><strong>2</strong></span> <span class='ocrx_word' id='word_1_264' title='bbox 569 4098 689 4149; x_wconf 82' lang='lat' dir='ltr'><strong>Cum</strong></span> <span class='ocrx_word' id='word_1_265' title='bbox 710 4098 830 4151; x_wconf 77' lang='lat' dir='ltr'><strong>milti</strong></span> <span class='ocrx_word' id='word_1_266' title='bbox 851 4101 1069 4161; x_wconf 77' lang='lat' dir='ltr'><strong>dixisses,</strong></span> <span class='ocrx_word' id='word_1_267' title='bbox 1105 4103 1213 4166; x_wconf 59' lang='grc' dir='ltr'><strong>ξω]</strong></span> <span class='ocrx_word' id='word_1_268' title='bbox 1259 4104 1390 4157; x_wconf 82' lang='lat' dir='ltr'><strong>Quae</strong></span> <span class='ocrx_word' id='word_1_269' title='bbox 1425 4112 1509 4158; x_wconf 84' lang='lat' dir='ltr'><strong>est</strong></span> 
     </span>
     <span class='ocr_line' id='line_1_48' title="bbox 437 4172 1507 4242; baseline 0.015 -25"><span class='ocrx_word' id='word_1_270' title='bbox 437 4172 605 4219; x_wconf 85' lang='lat' dir='ltr'><strong>oratio</strong></span> <span class='ocrx_word' id='word_1_271' title='bbox 649 4173 872 4224; x_wconf 86' lang='lat' dir='ltr'><strong>hominis</strong></span> <span class='ocrx_word' id='word_1_272' title='bbox 912 4180 1142 4242; x_wconf 86' lang='lat' dir='ltr'><strong>prompti</strong></span> <span class='ocrx_word' id='word_1_273' title='bbox 1162 4179 1226 4228; x_wconf 90' lang='lat' dir='ltr'><strong>ad</strong></span> <span class='ocrx_word' id='word_1_274' title='bbox 1247 4180 1507 4233; x_wconf 86' lang='lat' dir='ltr'><strong>beneficia</strong></span> 
     </span>
     <span class='ocr_line' id='line_1_49' title="bbox 435 4247 1506 4324; baseline 0.016 -30"><span class='ocrx_word' id='word_1_275' title='bbox 435 4247 776 4300; x_wconf 85' lang='lat' dir='ltr'><strong>conferenda.</strong></span> <span class='ocrx_word' id='word_1_276' title='bbox 807 4253 1000 4302; x_wconf 87' lang='lat' dir='ltr'><strong>Cum</strong></span> <span class='ocrx_word' id='word_1_277' title='bbox 985 4270 1096 4321; x_wconf 71' lang='lat' dir='ltr'><strong>ipse</strong></span> <span class='ocrx_word' id='word_1_278' title='bbox 1119 4272 1203 4307; x_wconf 88' lang='lat' dir='ltr'><strong>me</strong></span> <span class='ocrx_word' id='word_1_279' title='bbox 1226 4273 1371 4324; x_wconf 70' lang='lat' dir='ltr'><strong>saepe</strong></span> <span class='ocrx_word' id='word_1_280' title='bbox 1388 4261 1506 4312; x_wconf 88' lang='lat' dir='ltr'><strong>hor-</strong></span> 
     </span>
     <span class='ocr_line' id='line_1_50' title="bbox 436 4322 1503 4426; baseline 0.018 -56"><span class='ocrx_word' id='word_1_281' title='bbox 436 4328 575 4393; x_wconf 82' lang='lat' dir='ltr'><strong>tatus</strong></span> <span class='ocrx_word' id='word_1_282' title='bbox 600 4322 762 4376; x_wconf 88' lang='lat' dir='ltr'><strong>fueris</strong></span> <span class='ocrx_word' id='word_1_283' title='bbox 796 4328 938 4393; x_wconf 85' lang='lat' dir='ltr'><strong>prius</strong></span> <span class='ocrx_word' id='word_1_284' title='bbox 966 4338 1023 4426; x_wconf 84' lang='lat' dir='ltr'><strong>ut</strong></span> <span class='ocrx_word' id='word_1_285' title='bbox 1056 4333 1256 4399; x_wconf 86' lang='lat' dir='ltr'><strong>aliquid</strong></span> <span class='ocrx_word' id='word_1_286' title='bbox 1281 4351 1312 4385; x_wconf 90' lang='lat' dir='ltr'><strong>a</strong></span> <span class='ocrx_word' id='word_1_287' title='bbox 1334 4343 1387 4388; x_wconf 84' lang='lat' dir='ltr'><strong>te</strong></span> <span class='ocrx_word' id='word_1_288' title='bbox 1410 4353 1503 4408; x_wconf 81' lang='lat' dir='ltr'><strong>pe-</strong></span> 
     </span>
    </p>
   </div>
   <div class='ocr_carea' id='block_1_10' title="bbox 1174 410 1996 485">
    <p class='ocr_par' dir='ltr' id='par_1_18' title="bbox 1174 410 1996 485">
     <span class='ocr_line' id='line_1_51' title="bbox 1174 410 1996 485; baseline 0.006 -6"><span class='ocrx_word' id='word_1_289' title='bbox 1174 433 1390 480; x_wconf 72' lang='lat' dir='ltr'><strong>No&#39;l‘AE</strong></span> <span class='ocrx_word' id='word_1_290' title='bbox 1441 410 1844 481; x_wconf 61' lang='lat' dir='ltr'><strong>mamam</strong></span> <span class='ocrx_word' id='word_1_291' title='bbox 1899 434 1996 485; x_wconf 73' lang='grc' dir='ltr'><strong>ιΝ,</strong></span> 
     </span>
    </p>
   </div>
   <div class='ocr_carea' id='block_1_11' title="bbox 1609 573 2700 866">
    <p class='ocr_par' dir='ltr' id='par_1_19' title="bbox 1609 573 2700 712">
     <span class='ocr_line' id='line_1_52' title="bbox 1615 573 2684 675; baseline 0.007 -56"><span class='ocrx_word' id='word_1_292' title='bbox 1615 578 1795 622; x_wconf 75' lang='lat' dir='ltr'><strong>terem.</strong></span> <span class='ocrx_word' id='word_1_293' title='bbox 1839 573 1980 624; x_wconf 81' lang='lat' dir='ltr'><strong>Jam</strong></span> <span class='ocrx_word' id='word_1_294' title='bbox 2002 582 2173 647; x_wconf 81' lang='lat' dir='ltr'><strong>tamen</strong></span> <span class='ocrx_word' id='word_1_295' title='bbox 2206 573 2437 675; x_wconf 70' lang='lat' dir='ltr'><strong>dubitas,</strong></span> <span class='ocrx_word' id='word_1_296' title='bbox 2461 581 2684 627; x_wconf 51' lang='lat' dir='ltr'><strong>cuneta*</strong></span> 
     </span>
     <span class='ocr_line' id='line_1_53' title="bbox 1609 648 2700 712; baseline 0.005 -17"><span class='ocrx_word' id='word_1_297' title='bbox 1609 648 1697 712; x_wconf 79' lang='lat' dir='ltr'><strong>ris,</strong></span> <span class='ocrx_word' id='word_1_298' title='bbox 1718 654 1813 699; x_wconf 69' lang='grc' dir='ltr'><strong>ἀι).</strong></span> <span class='ocrx_word' id='word_1_299' title='bbox 2691 684 2700 691; x_wconf 88' lang='lat'><strong>·</strong></span> 
     </span>
    </p>

    <p class='ocr_par' dir='ltr' id='par_1_20' title="bbox 1609 678 2687 866">
     <span class='ocr_line' id='line_1_54' title="bbox 1674 678 2687 791; baseline 0.002 -16"><span class='ocrx_word' id='word_1_300' title='bbox 1674 730 1704 774; x_wconf 84' lang='grc'><strong>3</strong></span> <span class='ocrx_word' id='word_1_301' title='bbox 1739 727 1971 790; x_wconf 64' lang='lat' dir='ltr'><strong>Inque-is,</strong></span> <span class='ocrx_word' id='word_1_302' title='bbox 2023 726 2236 790; x_wconf 70' lang='lat' dir='ltr'><strong>dubitas]</strong></span> <span class='ocrx_word' id='word_1_303' title='bbox 2314 678 2559 777; x_wconf 78' lang='lat' dir='ltr'><strong>solicitus</strong></span> <span class='ocrx_word' id='word_1_304' title='bbox 2608 741 2687 791; x_wconf 78' lang='lat' dir='ltr'><strong>es,</strong></span> 
     </span>
     <span class='ocr_line' id='line_1_55' title="bbox 1609 802 2683 866; baseline 0.004 -16"><span class='ocrx_word' id='word_1_305' title='bbox 1609 802 1772 866; x_wconf 72' lang='lat' dir='ltr'><strong>qualis</strong></span> <span class='ocrx_word' id='word_1_306' title='bbox 1793 804 1880 852; x_wconf 77' lang='lat' dir='ltr'><strong>ille</strong></span> <span class='ocrx_word' id='word_1_307' title='bbox 1921 802 2177 852; x_wconf 82' lang='lat' dir='ltr'><strong>inficiator</strong></span> <span class='ocrx_word' id='word_1_308' title='bbox 2210 817 2273 854; x_wconf 82' lang='lat' dir='ltr'><strong>ac</strong></span> <span class='ocrx_word' id='word_1_309' title='bbox 2311 802 2683 854; x_wconf 83' lang='lat' dir='ltr'><strong>fraudulentus</strong></span> 
     </span>
    </p>
   </div>
   <div class='ocr_carea' id='block_1_12' title="bbox 1518 879 2683 945">
    <p class='ocr_par' dir='ltr' id='par_1_21' title="bbox 1518 879 2683 945">
     <span class='ocr_line' id='line_1_56' title="bbox 1518 879 2683 945; baseline 0 -17"><span class='ocrx_word' id='word_1_310' title='bbox 1518 894 1522 898; x_wconf 90' lang='lat'><em>·</em></span> <span class='ocrx_word' id='word_1_311' title='bbox 1609 880 1764 939; x_wconf 90' lang='lat' dir='ltr'><strong>solet,</strong></span> <span class='ocrx_word' id='word_1_312' title='bbox 1803 889 1865 939; x_wconf 45' lang='lat' dir='ltr'><strong>‚ut</strong></span> <span class='ocrx_word' id='word_1_313' title='bbox 1902 881 2148 930; x_wconf 82' lang='lat' dir='ltr'><strong>observat</strong></span> <span class='ocrx_word' id='word_1_314' title='bbox 2168 881 2370 945; x_wconf 82' lang='lat' dir='ltr'><strong>Seneca</strong></span> <span class='ocrx_word' id='word_1_315' title='bbox 2403 879 2497 929; x_wconf 84' lang='lat' dir='ltr'><strong>lib.</strong></span> <span class='ocrx_word' id='word_1_316' title='bbox 2524 883 2592 928; x_wconf 80' lang='grc'><strong>3.·</strong></span> <span class='ocrx_word' id='word_1_317' title='bbox 2612 880 2683 929; x_wconf 89' lang='lat' dir='ltr'><strong>de</strong></span> 
     </span>
    </p>
   </div>
   <div class='ocr_carea' id='block_1_13' title="bbox 1601 956 2704 1484">
    <p class='ocr_par' dir='ltr' id='par_1_22' title="bbox 1610 956 2595 1021">
     <span class='ocr_line' id='line_1_57' title="bbox 1610 956 2595 1021; baseline 0.001 -17"><span class='ocrx_word' id='word_1_318' title='bbox 1610 956 1843 1015; x_wconf 76' lang='lat' dir='ltr'><strong>Beuefic.</strong></span> <span class='ocrx_word' id='word_1_319' title='bbox 1877 971 1993 1019; x_wconf 89' lang='lat' dir='ltr'><strong>cap.</strong></span> <span class='ocrx_word' id='word_1_320' title='bbox 2014 960 2091 1007; x_wconf 89' lang='grc'><strong>17.</strong></span> <span class='ocrx_word' id='word_1_321' title='bbox 2593 1019 2595 1021; x_wconf 64' lang='lat'>‚</span> 
     </span>
    </p>

    <p class='ocr_par' dir='ltr' id='par_1_23' title="bbox 1601 1031 2704 1484">
     <span class='ocr_line' id='line_1_58' title="bbox 1667 1031 2704 1097; baseline 0.002 -16"><span class='ocrx_word' id='word_1_322' title='bbox 1667 1036 1700 1081; x_wconf 80' lang='grc'><strong>4</strong></span> <span class='ocrx_word' id='word_1_323' title='bbox 1736 1034 1902 1097; x_wconf 77' lang='lat' dir='ltr'><strong>Nega]</strong></span> <span class='ocrx_word' id='word_1_324' title='bbox 1939 1032 2192 1083; x_wconf 82' lang='lat' dir='ltr'><strong>Amarum</strong></span> <span class='ocrx_word' id='word_1_325' title='bbox 2210 1039 2293 1083; x_wconf 81' lang='lat' dir='ltr'><strong>est</strong></span> <span class='ocrx_word' id='word_1_326' title='bbox 2315 1031 2405 1084; x_wconf 87' lang='lat' dir='ltr'><strong>diu</strong></span> <span class='ocrx_word' id='word_1_327' title='bbox 2424 1031 2704 1097; x_wconf 66' lang='lat' dir='ltr'><strong>pendere,</strong></span> 
     </span>
     <span class='ocr_line' id='line_1_59' title="bbox 1605 1109 2698 1175; baseline 0.003 -17"><span class='ocrx_word' id='word_1_328' title='bbox 1605 1110 1800 1173; x_wconf 83' lang='lat' dir='ltr'><strong>aequius</strong></span> <span class='ocrx_word' id='word_1_329' title='bbox 1825 1118 1944 1170; x_wconf 57' lang='lat' dir='ltr'><strong>erat,</strong></span> <span class='ocrx_word' id='word_1_330' title='bbox 1962 1110 2098 1160; x_wconf 61' lang='lat' dir='ltr'><strong>mihir</strong></span> <span class='ocrx_word' id='word_1_331' title='bbox 2122 1110 2534 1175; x_wconf 38' lang='lat' dir='ltr'><strong>spem2praecidi,</strong></span> <span class='ocrx_word' id='word_1_332' title='bbox 2576 1109 2698 1161; x_wconf 82' lang='lat' dir='ltr'><strong>tibi.</strong></span> 
     </span>
     <span class='ocr_line' id='line_1_60' title="bbox 1607 1186 2688 1252; baseline 0.004 -18"><span class='ocrx_word' id='word_1_333' title='bbox 1607 1193 1839 1247; x_wconf 80' lang='lat' dir='ltr'><strong>metum3</strong></span> <span class='ocrx_word' id='word_1_334' title='bbox 1892 1202 2045 1252; x_wconf 89' lang='lat' dir='ltr'><strong>quam</strong></span> <span class='ocrx_word' id='word_1_335' title='bbox 2091 1196 2368 1252; x_wconf 75' lang='lat' dir='ltr'><strong>utrumque</strong></span> <span class='ocrx_word' id='word_1_336' title='bbox 2402 1186 2475 1236; x_wconf 81' lang='lat' dir='ltr'><strong>sic</strong></span> <span class='ocrx_word' id='word_1_337' title='bbox 2522 1186 2688 1250; x_wconf 79' lang='lat' dir='ltr'><strong>trahi,</strong></span> 
     </span>
     <span class='ocr_line' id='line_1_61' title="bbox 1601 1254 2684 1315; baseline 0.004 -4"><span class='ocrx_word' id='word_1_338' title='bbox 1601 1263 1678 1312; x_wconf 86' lang='lat' dir='ltr'><strong>sic</strong></span> <span class='ocrx_word' id='word_1_339' title='bbox 1700 1264 1938 1315; x_wconf 86' lang='lat' dir='ltr'><strong>cruciari.</strong></span> <span class='ocrx_word' id='word_1_340' title='bbox 1953 1254 1957 1258; x_wconf 16' lang='grc' dir='ltr'><strong>Α</strong></span> <span class='ocrx_word' id='word_1_341' title='bbox 2003 1264 2141 1314; x_wconf 84' lang='lat' dir='ltr'><strong>Vide</strong></span> <span class='ocrx_word' id='word_1_342' title='bbox 2161 1265 2351 1314; x_wconf 66' lang='lat' dir='ltr'><strong>Seuer!-</strong></span> <span class='ocrx_word' id='word_1_343' title='bbox 2387 1263 2453 1313; x_wconf 88' lang='lat' dir='ltr'><strong>de</strong></span> <span class='ocrx_word' id='word_1_344' title='bbox 2483 1262 2684 1315; x_wconf 72' lang='lat' dir='ltr'><strong>Benef-</strong></span> 
     </span>
     <span class='ocr_line' id='line_1_62' title="bbox 1603 1341 2681 1407; baseline 0 -15"><span class='ocrx_word' id='word_1_345' title='bbox 1603 1341 1693 1392; x_wconf 89' lang='lat' dir='ltr'><strong>lib.</strong></span> <span class='ocrx_word' id='word_1_346' title='bbox 1712 1347 1760 1392; x_wconf 93' lang='grc'><strong>3.</strong></span> <span class='ocrx_word' id='word_1_347' title='bbox 1786 1358 1833 1392; x_wconf 87' lang='lat' dir='ltr'><strong>c.</strong></span> <span class='ocrx_word' id='word_1_348' title='bbox 1853 1348 1900 1393; x_wconf 89' lang='lat'><strong>1.</strong></span> <span class='ocrx_word' id='word_1_349' title='bbox 1917 1352 1971 1393; x_wconf 88' lang='lat' dir='ltr'><strong>et</strong></span> <span class='ocrx_word' id='word_1_350' title='bbox 1994 1345 2180 1407; x_wconf 80' lang='lat' dir='ltr'><strong>Epigr.</strong></span> <span class='ocrx_word' id='word_1_351' title='bbox 2198 1348 2280 1394; x_wconf 88' lang='grc'><strong>30.</strong></span> <span class='ocrx_word' id='word_1_352' title='bbox 2302 1341 2474 1404; x_wconf 78' lang='lat' dir='ltr'><strong>infra3</strong></span> <span class='ocrx_word' id='word_1_353' title='bbox 2500 1350 2559 1393; x_wconf 85' lang='lat' dir='ltr'><strong>et</strong></span> <span class='ocrx_word' id='word_1_354' title='bbox 2579 1342 2681 1392; x_wconf 81' lang='lat' dir='ltr'><strong>ltb</strong></span> 
     </span>
     <span class='ocr_line' id='line_1_63' title="bbox 1604 1420 2165 1484; baseline 0.002 -14"><span class='ocrx_word' id='word_1_355' title='bbox 1604 1424 1653 1470; x_wconf 95' lang='grc'><strong>7.</strong></span> <span class='ocrx_word' id='word_1_356' title='bbox 1677 1420 2068 1484; x_wconf 84' lang='lat' dir='ltr'><strong>Epigrammate</strong></span> <span class='ocrx_word' id='word_1_357' title='bbox 2082 1425 2165 1471; x_wconf 78' lang='grc'><strong>43.</strong></span> 
     </span>
    </p>
   </div>
   <div class='ocr_carea' id='block_1_14' title="bbox 1669 1497 2797 1562">
    <p class='ocr_par' dir='ltr' id='par_1_24' title="bbox 1669 1497 2797 1562">
     <span class='ocr_line' id='line_1_64' title="bbox 1669 1497 2797 1562; baseline 0.002 -15"><span class='ocrx_word' id='word_1_358' title='bbox 1669 1499 1833 1547; x_wconf 72' lang='lat' dir='ltr'><strong>Eric.</strong></span> <span class='ocrx_word' id='word_1_359' title='bbox 1851 1512 1971 1548; x_wconf 82' lang='lat' dir='ltr'><strong>xxr.</strong></span> <span class='ocrx_word' id='word_1_360' title='bbox 2002 1504 2028 1548; x_wconf 94' lang='lat'>1</span> <span class='ocrx_word' id='word_1_361' title='bbox 2053 1500 2343 1562; x_wconf 71' lang='lat' dir='ltr'><strong>Perpetuam</strong></span> <span class='ocrx_word' id='word_1_362' title='bbox 2365 1497 2547 1562; x_wconf 75' lang='lat' dir='ltr'><strong>Stelloe,</strong></span> <span class='ocrx_word' id='word_1_363' title='bbox 2564 1497 2688 1562; x_wconf 54' lang='grc' dir='ltr'><strong>ξω]</strong></span> <span class='ocrx_word' id='word_1_364' title='bbox 2788 1543 2797 1549; x_wconf 92' lang='grc'><strong>.</strong></span> 
     </span>
    </p>
   </div>
   <div class='ocr_carea' id='block_1_15' title="bbox 1594 1576 2698 2333">
    <p class='ocr_par' dir='ltr' id='par_1_25' title="bbox 1594 1576 2698 2088">
     <span class='ocr_line' id='line_1_65' title="bbox 1604 1576 2682 1628; baseline 0.001 -2"><span class='ocrx_word' id='word_1_365' title='bbox 1604 1577 1734 1626; x_wconf 82' lang='lat' dir='ltr'><strong>Cum</strong></span> <span class='ocrx_word' id='word_1_366' title='bbox 1759 1576 1938 1627; x_wconf 75' lang='lat' dir='ltr'><strong>Venus</strong></span> <span class='ocrx_word' id='word_1_367' title='bbox 1978 1578 2335 1628; x_wconf 80' lang='lat' dir='ltr'><strong>Violentillam</strong></span> <span class='ocrx_word' id='word_1_368' title='bbox 2361 1577 2546 1626; x_wconf 86' lang='lat' dir='ltr'><strong>duram</strong></span> <span class='ocrx_word' id='word_1_369' title='bbox 2585 1577 2682 1627; x_wconf 67' lang='lat' dir='ltr'><strong>diu</strong></span> 
     </span>
     <span class='ocr_line' id='line_1_66' title="bbox 1604 1651 2683 1717; baseline 0.001 -16"><span class='ocrx_word' id='word_1_370' title='bbox 1604 1659 1658 1701; x_wconf 91' lang='lat' dir='ltr'><strong>et</strong></span> <span class='ocrx_word' id='word_1_371' title='bbox 1670 1652 2039 1702; x_wconf 80' lang='lat' dir='ltr'><strong>inexorabilem</strong></span> <span class='ocrx_word' id='word_1_372' title='bbox 2059 1653 2308 1717; x_wconf 76' lang='lat' dir='ltr'><strong>jungeret</strong></span> <span class='ocrx_word' id='word_1_373' title='bbox 2324 1651 2535 1702; x_wconf 76' lang='lat' dir='ltr'><strong>tandem</strong></span> <span class='ocrx_word' id='word_1_374' title='bbox 2551 1667 2683 1702; x_wconf 80' lang='lat' dir='ltr'><strong>eon</strong></span> 
     </span>
     <span class='ocr_line' id='line_1_67' title="bbox 1597 1726 2683 1794; baseline -0.001 -16"><span class='ocrx_word' id='word_1_375' title='bbox 1597 1726 1760 1778; x_wconf 84' lang='lat' dir='ltr'><strong>nubio</strong></span> <span class='ocrx_word' id='word_1_376' title='bbox 1809 1729 1990 1779; x_wconf 89' lang='lat' dir='ltr'><strong>stabili</strong></span> <span class='ocrx_word' id='word_1_377' title='bbox 2029 1730 2210 1779; x_wconf 66' lang='lat' dir='ltr'><strong>Stellae</strong></span> <span class='ocrx_word' id='word_1_378' title='bbox 2260 1728 2466 1790; x_wconf 60' lang='lat' dir='ltr'><strong>Poeta,</strong></span> <span class='ocrx_word' id='word_1_379' title='bbox 2523 1728 2683 1794; x_wconf 79' lang='lat' dir='ltr'><strong>dixit,</strong></span> 
     </span>
     <span class='ocr_line' id='line_1_68' title="bbox 1605 1803 2681 1871; baseline 0.001 -17"><span class='ocrx_word' id='word_1_380' title='bbox 1605 1806 1751 1870; x_wconf 83' lang='lat' dir='ltr'><strong>Cape</strong></span> <span class='ocrx_word' id='word_1_381' title='bbox 1776 1821 1961 1855; x_wconf 84' lang='lat' dir='ltr'><strong>munus</strong></span> <span class='ocrx_word' id='word_1_382' title='bbox 1982 1820 2088 1871; x_wconf 89' lang='lat' dir='ltr'><strong>quo</strong></span> <span class='ocrx_word' id='word_1_383' title='bbox 2112 1805 2387 1871; x_wconf 80' lang='lat' dir='ltr'><strong>non&#39;potui</strong></span> <span class='ocrx_word' id='word_1_384' title='bbox 2413 1803 2546 1854; x_wconf 86' lang='lat' dir='ltr'><strong>dare</strong></span> <span class='ocrx_word' id='word_1_385' title='bbox 2564 1819 2681 1855; x_wconf 75' lang='lat' dir='ltr'><strong>ma-</strong></span> 
     </span>
     <span class='ocr_line' id='line_1_69' title="bbox 1594 1880 2698 1946; baseline -0.001 -16"><span class='ocrx_word' id='word_1_386' title='bbox 1594 1882 1702 1945; x_wconf 85' lang='lat' dir='ltr'><strong>jus.</strong></span> <span class='ocrx_word' id='word_1_387' title='bbox 1752 1881 1943 1946; x_wconf 82' lang='lat' dir='ltr'><strong>Papin.</strong></span> <span class='ocrx_word' id='word_1_388' title='bbox 1995 1883 2130 1946; x_wconf 81' lang='lat' dir='ltr'><strong>sylv.</strong></span> <span class='ocrx_word' id='word_1_389' title='bbox 2150 1885 2197 1931; x_wconf 88' lang='lat'><strong>1.</strong></span> <span class='ocrx_word' id='word_1_390' title='bbox 2281 1880 2512 1931; x_wconf 68' lang='lat' dir='ltr'><strong>Ianthida</strong></span> <span class='ocrx_word' id='word_1_391' title='bbox 2544 1880 2698 1944; x_wconf 67' lang='lat' dir='ltr'><strong>veti]-</strong></span> 
     </span>
     <span class='ocr_line' id='line_1_70' title="bbox 1602 1959 2681 2022; baseline 0.001 -14"><span class='ocrx_word' id='word_1_392' title='bbox 1602 1960 1912 2011; x_wconf 85' lang='lat' dir='ltr'><strong>Diminntiv.</strong></span> <span class='ocrx_word' id='word_1_393' title='bbox 1959 1959 2026 2010; x_wconf 85' lang='lat' dir='ltr'><strong>ab</strong></span> <span class='ocrx_word' id='word_1_394' title='bbox 2070 1977 2159 2022; x_wconf 77' lang='grc' dir='ltr'><strong>ιον,</strong></span> <span class='ocrx_word' id='word_1_395' title='bbox 2203 1967 2263 2010; x_wconf 92' lang='lat' dir='ltr'><strong>ut</strong></span> <span class='ocrx_word' id='word_1_396' title='bbox 2301 1959 2609 2010; x_wconf 73' lang='lat' dir='ltr'><strong>Violentilla</strong></span> <span class='ocrx_word' id='word_1_397' title='bbox 2647 1975 2681 2009; x_wconf 81' lang='lat' dir='ltr'><strong>a</strong></span> 
     </span>
     <span class='ocr_line' id='line_1_71' title="bbox 1602 2038 1760 2088; baseline 0.014 -2"><span class='ocrx_word' id='word_1_398' title='bbox 1602 2038 1760 2088; x_wconf 82' lang='lat' dir='ltr'><strong>viola.</strong></span> 
     </span>
    </p>

    <p class='ocr_par' dir='ltr' id='par_1_26' title="bbox 1665 2113 2326 2177">
     <span class='ocr_line' id='line_1_72' title="bbox 1665 2113 2326 2177; baseline -0.002 -14"><span class='ocrx_word' id='word_1_399' title='bbox 1665 2118 1696 2163; x_wconf 86' lang='grc'><strong>3</strong></span> <span class='ocrx_word' id='word_1_400' title='bbox 1731 2115 1967 2177; x_wconf 80' lang='lat' dir='ltr'><strong>Domina]</strong></span> <span class='ocrx_word' id='word_1_401' title='bbox 2001 2113 2326 2164; x_wconf 72' lang='lat' dir='ltr'><strong>Violentilla.</strong></span> 
     </span>
    </p>

    <p class='ocr_par' dir='ltr' id='par_1_27' title="bbox 1601 2152 2678 2333">
     <span class='ocr_line' id='line_1_73' title="bbox 1667 2152 2678 2254; baseline -0.001 -13"><span class='ocrx_word' id='word_1_402' title='bbox 1667 2196 1698 2241; x_wconf 88' lang='grc'><strong>4</strong></span> <span class='ocrx_word' id='word_1_403' title='bbox 1733 2193 1905 2242; x_wconf 80' lang='lat' dir='ltr'><strong>Pecces</strong></span> <span class='ocrx_word' id='word_1_404' title='bbox 1925 2192 2142 2251; x_wconf 71' lang='lat' dir='ltr'><strong>exilisse,</strong></span> <span class='ocrx_word' id='word_1_405' title='bbox 2177 2192 2307 2254; x_wconf 79' lang='lat' dir='ltr'><strong>vide]</strong></span> <span class='ocrx_word' id='word_1_406' title='bbox 2355 2191 2552 2249; x_wconf 79' lang='lat' dir='ltr'><strong>Amore</strong></span> <span class='ocrx_word' id='word_1_407' title='bbox 2591 2152 2678 2241; x_wconf 78' lang='lat' dir='ltr'><strong>fu-</strong></span> 
     </span>
     <span class='ocr_line' id='line_1_74' title="bbox 1601 2268 2101 2333; baseline 0 -17"><span class='ocrx_word' id='word_1_408' title='bbox 1601 2281 1725 2317; x_wconf 88' lang='lat' dir='ltr'><strong>rens</strong></span> <span class='ocrx_word' id='word_1_409' title='bbox 1748 2276 1805 2317; x_wconf 85' lang='lat' dir='ltr'><strong>et</strong></span> <span class='ocrx_word' id='word_1_410' title='bbox 1823 2268 2101 2333; x_wconf 85' lang='lat' dir='ltr'><strong>zelotypia.</strong></span> 
     </span>
    </p>
   </div>
   <div class='ocr_carea' id='block_1_16' title="bbox 1589 2343 2680 2409">
    <p class='ocr_par' dir='ltr' id='par_1_28' title="bbox 1589 2343 2680 2409">
     <span class='ocr_line' id='line_1_75' title="bbox 1589 2343 2680 2409; baseline -0.001 -15"><span class='ocrx_word' id='word_1_411' title='bbox 1589 2346 1591 2359; x_wconf 74' lang='lat'><em>&#39;</em></span> <span class='ocrx_word' id='word_1_412' title='bbox 1664 2351 1694 2394; x_wconf 92' lang='grc'><strong>6</strong></span> <span class='ocrx_word' id='word_1_413' title='bbox 1733 2345 1923 2409; x_wconf 78' lang='lat' dir='ltr'><strong>cecidi]</strong></span> <span class='ocrx_word' id='word_1_414' title='bbox 1962 2346 2121 2395; x_wconf 84' lang='lat' dir='ltr'><strong>Cesto</strong></span> <span class='ocrx_word' id='word_1_415' title='bbox 2152 2345 2299 2393; x_wconf 87' lang='lat' dir='ltr'><strong>illum</strong></span> <span class='ocrx_word' id='word_1_416' title='bbox 2336 2343 2457 2393; x_wconf 81' lang='lat' dir='ltr'><strong>mihi</strong></span> <span class='ocrx_word' id='word_1_417' title='bbox 2494 2343 2680 2401; x_wconf 62' lang='lat' dir='ltr'><strong>conci-7</strong></span> 
     </span>
    </p>
   </div>
   <div class='ocr_carea' id='block_1_17' title="bbox 1579 2421 2700 4411">
    <p class='ocr_par' dir='ltr' id='par_1_29' title="bbox 1598 2421 2537 2561">
     <span class='ocr_line' id='line_1_76' title="bbox 1598 2421 2316 2486; baseline -0.007 -13"><span class='ocrx_word' id='word_1_418' title='bbox 1598 2421 1803 2473; x_wconf 84' lang='lat' dir='ltr'><strong>liatura.</strong></span> <span class='ocrx_word' id='word_1_419' title='bbox 1841 2421 2021 2486; x_wconf 82' lang='lat' dir='ltr'><strong>Epigr.</strong></span> <span class='ocrx_word' id='word_1_420' title='bbox 2035 2426 2118 2472; x_wconf 84' lang='grc'><strong>13.</strong></span> <span class='ocrx_word' id='word_1_421' title='bbox 2138 2435 2316 2485; x_wconf 83' lang='lat' dir='ltr'><strong>supra.</strong></span> 
     </span>
     <span class='ocr_line' id='line_1_77' title="bbox 1603 2496 2537 2561; baseline -0.003 -13"><span class='ocrx_word' id='word_1_422' title='bbox 1603 2515 1608 2520; x_wconf 67' lang='lat'>‘</span> <span class='ocrx_word' id='word_1_423' title='bbox 1661 2502 1695 2548; x_wconf 80' lang='lat'><strong>6</strong></span> <span class='ocrx_word' id='word_1_424' title='bbox 1734 2500 1894 2561; x_wconf 73' lang='lat' dir='ltr'><strong>Vagus</strong></span> <span class='ocrx_word' id='word_1_425' title='bbox 1911 2503 2023 2547; x_wconf 78' lang='lat' dir='ltr'><strong>unte</strong></span> <span class='ocrx_word' id='word_1_426' title='bbox 2041 2498 2192 2561; x_wconf 79' lang='lat' dir='ltr'><strong>toros]</strong></span> <span class='ocrx_word' id='word_1_427' title='bbox 2228 2496 2537 2546; x_wconf 81' lang='lat' dir='ltr'><strong>Adulteriis.</strong></span> 
     </span>
    </p>

    <p class='ocr_par' dir='ltr' id='par_1_30' title="bbox 1594 2574 2672 2710">
     <span class='ocr_line' id='line_1_78' title="bbox 1663 2574 2672 2639; baseline 0 -14"><span class='ocrx_word' id='word_1_428' title='bbox 1663 2580 1694 2625; x_wconf 89' lang='grc'>8</span> <span class='ocrx_word' id='word_1_429' title='bbox 1732 2575 2021 2639; x_wconf 58' lang='lat' dir='ltr'><strong>Turdi-agi,</strong></span> <span class='ocrx_word' id='word_1_430' title='bbox 2036 2574 2143 2638; x_wconf 56' lang='grc' dir='ltr'><strong>θα]</strong></span> <span class='ocrx_word' id='word_1_431' title='bbox 2166 2576 2289 2624; x_wconf 84' lang='lat' dir='ltr'><strong>Tam</strong></span> <span class='ocrx_word' id='word_1_432' title='bbox 2310 2575 2672 2625; x_wconf 84' lang='lat' dir='ltr'><strong>continentem</strong></span> 
     </span>
     <span class='ocr_line' id='line_1_79' title="bbox 1594 2652 2318 2710; baseline -0.004 -7"><span class='ocrx_word' id='word_1_433' title='bbox 1594 2663 1652 2703; x_wconf 89' lang='lat' dir='ltr'><strong>et</strong></span> <span class='ocrx_word' id='word_1_434' title='bbox 1673 2654 2009 2710; x_wconf 80' lang='lat' dir='ltr'><strong>thalamo.suo</strong></span> <span class='ocrx_word' id='word_1_435' title='bbox 2028 2652 2256 2701; x_wconf 87' lang='lat' dir='ltr'><strong>fidelem.</strong></span> <span class='ocrx_word' id='word_1_436' title='bbox 2315 2675 2318 2682; x_wconf 93' lang='lat'>·</span> 
     </span>
    </p>

    <p class='ocr_par' dir='ltr' id='par_1_31' title="bbox 1593 2728 2700 2938">
     <span class='ocr_line' id='line_1_80' title="bbox 1660 2728 2672 2794; baseline 0.001 -15"><span class='ocrx_word' id='word_1_437' title='bbox 1660 2735 1693 2779; x_wconf 83' lang='lat'>9</span> <span class='ocrx_word' id='word_1_438' title='bbox 1742 2733 1933 2780; x_wconf 71' lang='lat' dir='ltr'><strong>Arcano</strong></span> <span class='ocrx_word' id='word_1_439' title='bbox 1987 2729 2110 2794; x_wconf 82' lang='lat' dir='ltr'><strong>loro]</strong></span> <span class='ocrx_word' id='word_1_440' title='bbox 2171 2729 2403 2779; x_wconf 77' lang='lat' dir='ltr'><strong>&#39;Arcanae</strong></span> <span class='ocrx_word' id='word_1_441' title='bbox 2453 2728 2672 2780; x_wconf 79' lang='lat' dir='ltr'><strong>virtutis</strong></span> 
     </span>
     <span class='ocr_line' id='line_1_81' title="bbox 1596 2800 2700 2874; baseline -0.001 -17"><span class='ocrx_word' id='word_1_442' title='bbox 1596 2808 1844 2858; x_wconf 88' lang='lat' dir='ltr'><strong>baltheo.</strong></span> <span class='ocrx_word' id='word_1_443' title='bbox 1883 2810 1951 2858; x_wconf 87' lang='lat' dir='ltr'><strong>de</strong></span> <span class='ocrx_word' id='word_1_444' title='bbox 1971 2824 2074 2874; x_wconf 91' lang='lat' dir='ltr'><strong>quo</strong></span> <span class='ocrx_word' id='word_1_445' title='bbox 2097 2822 2257 2872; x_wconf 85' lang='lat' dir='ltr'><strong>supra</strong></span> <span class='ocrx_word' id='word_1_446' title='bbox 2278 2807 2674 2871; x_wconf 82' lang='lat' dir='ltr'><strong>Epigrammate</strong></span> <span class='ocrx_word' id='word_1_447' title='bbox 2696 2800 2700 2804; x_wconf 62' lang='grc'><em>“</em></span> 
     </span>
     <span class='ocr_line' id='line_1_82' title="bbox 1593 2890 1694 2938; baseline -0.048 0"><span class='ocrx_word' id='word_1_448' title='bbox 1593 2890 1694 2938; x_wconf 89' lang='grc'><strong>13.</strong></span> 
     </span>
    </p>

    <p class='ocr_par' dir='ltr' id='par_1_32' title="bbox 1589 2960 2673 3255">
     <span class='ocr_line' id='line_1_83' title="bbox 1660 2960 2673 3023; baseline 0.001 -13"><span class='ocrx_word' id='word_1_449' title='bbox 1660 2966 1723 3011; x_wconf 87' lang='grc'><strong>10</strong></span> <span class='ocrx_word' id='word_1_450' title='bbox 1759 2961 1923 3023; x_wconf 73' lang='lat' dir='ltr'><strong>Plaga</strong></span> <span class='ocrx_word' id='word_1_451' title='bbox 1951 2960 2121 3023; x_wconf 72' lang='lat' dir='ltr'><strong>Juvat]</strong></span> <span class='ocrx_word' id='word_1_452' title='bbox 2194 2961 2271 3010; x_wconf 88' lang='lat' dir='ltr'><strong>Ut</strong></span> <span class='ocrx_word' id='word_1_453' title='bbox 2315 2961 2462 3009; x_wconf 84' lang='lat' dir='ltr'><strong>illam</strong></span> <span class='ocrx_word' id='word_1_454' title='bbox 2508 2967 2673 3011; x_wconf 87' lang='lat' dir='ltr'><strong>amet.</strong></span> 
     </span>
     <span class='ocr_line' id='line_1_84' title="bbox 1591 3036 2672 3100; baseline 0.001 -14"><span class='ocrx_word' id='word_1_455' title='bbox 1591 3036 1686 3086; x_wconf 81' lang='lat' dir='ltr'><strong>Sed</strong></span> <span class='ocrx_word' id='word_1_456' title='bbox 1712 3036 1912 3100; x_wconf 64' lang='lat' dir='ltr'><strong>tuffam,</strong></span> <span class='ocrx_word' id='word_1_457' title='bbox 1919 3036 2031 3100; x_wconf 56' lang='grc' dir='ltr'><strong>ξω]</strong></span> <span class='ocrx_word' id='word_1_458' title='bbox 2081 3038 2157 3086; x_wconf 88' lang='lat' dir='ltr'><strong>Ut</strong></span> <span class='ocrx_word' id='word_1_459' title='bbox 2191 3038 2358 3086; x_wconf 81' lang='lat' dir='ltr'><strong>Stella</strong></span> <span class='ocrx_word' id='word_1_460' title='bbox 2390 3037 2672 3087; x_wconf 85' lang='lat' dir='ltr'><strong>Violantil-</strong></span> 
     </span>
     <span class='ocr_line' id='line_1_85' title="bbox 1591 3112 2673 3165; baseline 0.001 -2"><span class='ocrx_word' id='word_1_461' title='bbox 1591 3114 1695 3163; x_wconf 88' lang='lat' dir='ltr'><strong>lam</strong></span> <span class='ocrx_word' id='word_1_462' title='bbox 1711 3122 1778 3163; x_wconf 88' lang='lat' dir='ltr'><strong>et</strong></span> <span class='ocrx_word' id='word_1_463' title='bbox 1797 3115 1933 3163; x_wconf 86' lang='lat' dir='ltr'><strong>hanc</strong></span> <span class='ocrx_word' id='word_1_464' title='bbox 1956 3113 2046 3165; x_wconf 85' lang='lat' dir='ltr'><strong>ille</strong></span> <span class='ocrx_word' id='word_1_465' title='bbox 2071 3112 2295 3163; x_wconf 82' lang='lat' dir='ltr'><strong>vicissim</strong></span> <span class='ocrx_word' id='word_1_466' title='bbox 2318 3121 2500 3163; x_wconf 89' lang='lat' dir='ltr'><strong>mutua</strong></span> <span class='ocrx_word' id='word_1_467' title='bbox 2523 3128 2673 3164; x_wconf 84' lang='lat' dir='ltr'><strong>amo·</strong></span> 
     </span>
     <span class='ocr_line' id='line_1_86' title="bbox 1589 3189 2172 3255; baseline 0 -16"><span class='ocrx_word' id='word_1_468' title='bbox 1589 3190 1658 3239; x_wconf 83' lang='lat' dir='ltr'><strong>ris</strong></span> <span class='ocrx_word' id='word_1_469' title='bbox 1675 3189 1781 3240; x_wconf 87' lang='lat' dir='ltr'><strong>fide</strong></span> <span class='ocrx_word' id='word_1_470' title='bbox 1802 3190 2172 3255; x_wconf 85' lang='lat' dir='ltr'><strong>amplectatur.</strong></span> 
     </span>
    </p>

    <p class='ocr_par' dir='ltr' id='par_1_33' title="bbox 1583 3251 2684 3710">
     <span class='ocr_line' id='line_1_87' title="bbox 1654 3251 2669 3331; baseline 0.001 -16"><span class='ocrx_word' id='word_1_471' title='bbox 1654 3265 1817 3316; x_wconf 73' lang='lat' dir='ltr'><strong>Eme.</strong></span> <span class='ocrx_word' id='word_1_472' title='bbox 1837 3278 1980 3315; x_wconf 83' lang='lat' dir='ltr'><strong>xxn.</strong></span> <span class='ocrx_word' id='word_1_473' title='bbox 2026 3270 2059 3316; x_wconf 93' lang='grc'><strong>2</strong></span> <span class='ocrx_word' id='word_1_474' title='bbox 2094 3265 2336 3317; x_wconf 75' lang='lat' dir='ltr'><strong>Moechum</strong></span> <span class='ocrx_word' id='word_1_475' title='bbox 2367 3251 2521 3330; x_wconf 75' lang='lat' dir='ltr'><strong>modo,</strong></span> <span class='ocrx_word' id='word_1_476' title='bbox 2553 3266 2669 3331; x_wconf 54' lang='grc' dir='ltr'><strong>ξω]</strong></span> 
     </span>
     <span class='ocr_line' id='line_1_88' title="bbox 1592 3341 2684 3406; baseline 0.001 -12"><span class='ocrx_word' id='word_1_477' title='bbox 1592 3341 1698 3394; x_wconf 84' lang='lat' dir='ltr'><strong>Qui</strong></span> <span class='ocrx_word' id='word_1_478' title='bbox 1729 3341 1887 3392; x_wconf 88' lang='lat' dir='ltr'><strong>modo</strong></span> <span class='ocrx_word' id='word_1_479' title='bbox 1925 3342 2157 3393; x_wconf 81' lang='lat' dir='ltr'><strong>moechus</strong></span> <span class='ocrx_word' id='word_1_480' title='bbox 2203 3346 2351 3392; x_wconf 81' lang='lat' dir='ltr'><strong>erat.</strong></span> <span class='ocrx_word' id='word_1_481' title='bbox 2405 3341 2684 3406; x_wconf 74' lang='grc' dir='ltr'><strong>Μοιχεύειν-</strong></span> 
     </span>
     <span class='ocr_line' id='line_1_89' title="bbox 1595 3414 2670 3490; baseline 0.002 -24"><span class='ocrx_word' id='word_1_482' title='bbox 1595 3415 1684 3478; x_wconf 77' lang='grc' dir='ltr'><strong>μὲν</strong></span> <span class='ocrx_word' id='word_1_483' title='bbox 1720 3414 1910 3467; x_wconf 74' lang='grc' dir='ltr'><strong>θέλουσι</strong></span> <span class='ocrx_word' id='word_1_484' title='bbox 1944 3416 2001 3467; x_wconf 69' lang='grc' dir='ltr'><strong>ὃν</strong></span> <span class='ocrx_word' id='word_1_485' title='bbox 2032 3414 2315 3471; x_wconf 74' lang='grc' dir='ltr'><strong>λανθάνουσι</strong></span> <span class='ocrx_word' id='word_1_486' title='bbox 2341 3417 2540 3483; x_wconf 76' lang='grc' dir='ltr'><strong><em>χρόνον,</em></strong></span> <span class='ocrx_word' id='word_1_487' title='bbox 2574 3437 2670 3490; x_wconf 74' lang='grc' dir='ltr'><strong>γα-</strong></span> 
     </span>
     <span class='ocr_line' id='line_1_90' title="bbox 1583 3492 2671 3559; baseline 0.005 -17"><span class='ocrx_word' id='word_1_488' title='bbox 1583 3495 1689 3555; x_wconf 77' lang='grc' dir='ltr'><strong><em>μεῖν</em></strong></span> <span class='ocrx_word' id='word_1_489' title='bbox 1710 3492 1763 3543; x_wconf 81' lang='grc' dir='ltr'><strong>δὲ</strong></span> <span class='ocrx_word' id='word_1_490' title='bbox 1804 3493 1861 3549; x_wconf 63' lang='grc' dir='ltr'><strong>ἃς</strong></span> <span class='ocrx_word' id='word_1_491' title='bbox 1894 3493 2196 3559; x_wconf 69' lang='grc' dir='ltr'><strong><em>ἐμοίχευσαν,</em></strong></span> <span class='ocrx_word' id='word_1_492' title='bbox 2239 3492 2357 3547; x_wconf 71' lang='grc' dir='ltr'><strong>ὅταν</strong></span> <span class='ocrx_word' id='word_1_493' title='bbox 2393 3495 2466 3544; x_wconf 72' lang='grc' dir='ltr'><strong>ἐπ’</strong></span> <span class='ocrx_word' id='word_1_494' title='bbox 2497 3495 2671 3548; x_wconf 63' lang='grc' dir='ltr'><strong>αὐταῖς</strong></span> 
     </span>
     <span class='ocr_line' id='line_1_91' title="bbox 1587 3571 2669 3638; baseline 0.002 -15"><span class='ocrx_word' id='word_1_495' title='bbox 1587 3575 1822 3635; x_wconf 76' lang='grc' dir='ltr'><strong>ληφθῶσι,</strong></span> <span class='ocrx_word' id='word_1_496' title='bbox 1864 3571 2188 3637; x_wconf 82' lang='lat' dir='ltr'><strong>Apollonius</strong></span> <span class='ocrx_word' id='word_1_497' title='bbox 2202 3572 2341 3638; x_wconf 83' lang='lat' dir='ltr'><strong>apud</strong></span> <span class='ocrx_word' id='word_1_498' title='bbox 2374 3573 2669 3626; x_wconf 84' lang='lat' dir='ltr'><strong>Philostra-</strong></span> 
     </span>
     <span class='ocr_line' id='line_1_92' title="bbox 1585 3648 1895 3710; baseline 0 -13"><span class='ocrx_word' id='word_1_499' title='bbox 1585 3655 1715 3710; x_wconf 77' lang='lat' dir='ltr'><strong>tum,</strong></span> <span class='ocrx_word' id='word_1_500' title='bbox 1736 3648 1830 3698; x_wconf 84' lang='lat' dir='ltr'><strong>lib.</strong></span> <span class='ocrx_word' id='word_1_501' title='bbox 1842 3652 1895 3699; x_wconf 89' lang='grc'><strong>8.</strong></span> 
     </span>
    </p>

    <p class='ocr_par' dir='ltr' id='par_1_34' title="bbox 1582 3698 2666 3867">
     <span class='ocr_line' id='line_1_93' title="bbox 1648 3698 2666 3793; baseline 0.003 -18"><span class='ocrx_word' id='word_1_502' title='bbox 1648 3730 1679 3775; x_wconf 89' lang='grc'><strong>3</strong></span> <span class='ocrx_word' id='word_1_503' title='bbox 1710 3727 1819 3783; x_wconf 63' lang='lat' dir='ltr'><strong>Lex</strong></span> <span class='ocrx_word' id='word_1_504' title='bbox 1854 3727 2012 3788; x_wconf 72' lang='lat' dir='ltr'><strong>Julia,</strong></span> <span class='ocrx_word' id='word_1_505' title='bbox 2045 3725 2157 3790; x_wconf 59' lang='lat' dir='ltr'><strong>Sym]</strong></span> <span class='ocrx_word' id='word_1_506' title='bbox 2211 3698 2383 3791; x_wconf 85' lang='lat' dir='ltr'><strong>Supra</strong></span> <span class='ocrx_word' id='word_1_507' title='bbox 2423 3727 2580 3793; x_wconf 79' lang='lat' dir='ltr'><strong>Epig.</strong></span> <span class='ocrx_word' id='word_1_508' title='bbox 2615 3731 2666 3780; x_wconf 89' lang='grc'><strong>7.</strong></span> 
     </span>
     <span class='ocr_line' id='line_1_94' title="bbox 1582 3803 2418 3867; baseline 0 -14"><span class='ocrx_word' id='word_1_509' title='bbox 1582 3817 1718 3855; x_wconf 82' lang='lat' dir='ltr'><strong>vers.</strong></span> <span class='ocrx_word' id='word_1_510' title='bbox 1770 3811 1865 3854; x_wconf 79' lang='lat' dir='ltr'><strong>‚et</strong></span> <span class='ocrx_word' id='word_1_511' title='bbox 1888 3803 2071 3867; x_wconf 85' lang='lat' dir='ltr'><strong>Epigr.</strong></span> <span class='ocrx_word' id='word_1_512' title='bbox 2083 3807 2135 3853; x_wconf 90' lang='grc'><strong>2.</strong></span> <span class='ocrx_word' id='word_1_513' title='bbox 2158 3807 2288 3857; x_wconf 78' lang='lat' dir='ltr'><strong>et4.</strong></span> <span class='ocrx_word' id='word_1_514' title='bbox 2409 3853 2418 3860; x_wconf 77' lang='grc'><strong>,</strong></span> 
     </span>
    </p>

    <p class='ocr_par' dir='ltr' id='par_1_35' title="bbox 1579 3869 2663 4162">
     <span class='ocr_line' id='line_1_95' title="bbox 1645 3869 2663 3948; baseline 0.006 -19"><span class='ocrx_word' id='word_1_515' title='bbox 1645 3884 1678 3929; x_wconf 80' lang='grc'><strong>4</strong></span> <span class='ocrx_word' id='word_1_516' title='bbox 1714 3879 1830 3932; x_wconf 73' lang='lat' dir='ltr'><strong>Noa</strong></span> <span class='ocrx_word' id='word_1_517' title='bbox 1864 3879 2022 3943; x_wconf 74' lang='lat' dir='ltr'><strong>nubis,</strong></span> <span class='ocrx_word' id='word_1_518' title='bbox 2056 3879 2165 3943; x_wconf 63' lang='grc' dir='ltr'><strong>ἄτα]</strong></span> <span class='ocrx_word' id='word_1_519' title='bbox 2217 3869 2393 3946; x_wconf 77' lang='lat' dir='ltr'><strong>Supra</strong></span> <span class='ocrx_word' id='word_1_520' title='bbox 2434 3880 2593 3948; x_wconf 75' lang='lat' dir='ltr'><strong>Epig.</strong></span> <span class='ocrx_word' id='word_1_521' title='bbox 2612 3889 2663 3936; x_wconf 88' lang='grc'><strong>7.</strong></span> 
     </span>
     <span class='ocr_line' id='line_1_96' title="bbox 1580 3955 2660 4025; baseline 0.006 -20"><span class='ocrx_word' id='word_1_522' title='bbox 1580 3970 1720 4006; x_wconf 80' lang='lat' dir='ltr'><strong>vers.</strong></span> <span class='ocrx_word' id='word_1_523' title='bbox 1738 3962 1789 4008; x_wconf 82' lang='lat'><strong>5.</strong></span> <span class='ocrx_word' id='word_1_524' title='bbox 1813 3963 1871 4007; x_wconf 87' lang='lat' dir='ltr'><strong>et</strong></span> <span class='ocrx_word' id='word_1_525' title='bbox 1892 3955 2072 4021; x_wconf 84' lang='lat' dir='ltr'><strong>Epigr.</strong></span> <span class='ocrx_word' id='word_1_526' title='bbox 2092 3960 2172 4007; x_wconf 92' lang='grc'><strong>76.</strong></span> <span class='ocrx_word' id='word_1_527' title='bbox 2196 3957 2285 4009; x_wconf 89' lang='lat' dir='ltr'><strong>lib.</strong></span> <span class='ocrx_word' id='word_1_528' title='bbox 2304 3964 2356 4010; x_wconf 80' lang='grc'><strong>6.</strong></span> <span class='ocrx_word' id='word_1_529' title='bbox 2392 3966 2453 4009; x_wconf 92' lang='lat' dir='ltr'><strong>et</strong></span> <span class='ocrx_word' id='word_1_530' title='bbox 2473 3961 2660 4025; x_wconf 80' lang='lat' dir='ltr'><strong>Epigr.</strong></span> 
     </span>
     <span class='ocr_line' id='line_1_97' title="bbox 1579 4030 2656 4098; baseline 0.006 -18"><span class='ocrx_word' id='word_1_531' title='bbox 1579 4034 1665 4081; x_wconf 89' lang='grc'><strong>76.</strong></span> <span class='ocrx_word' id='word_1_532' title='bbox 1687 4031 1777 4081; x_wconf 90' lang='lat' dir='ltr'><strong>lib.</strong></span> <span class='ocrx_word' id='word_1_533' title='bbox 1800 4037 1849 4082; x_wconf 87' lang='grc' dir='ltr'><strong>ι.</strong></span> <span class='ocrx_word' id='word_1_534' title='bbox 1912 4031 2011 4083; x_wconf 78' lang='lat' dir='ltr'><strong>Sed</strong></span> <span class='ocrx_word' id='word_1_535' title='bbox 2033 4030 2241 4098; x_wconf 72' lang='lat' dir='ltr'><strong>fateris]</strong></span> <span class='ocrx_word' id='word_1_536' title='bbox 2281 4033 2452 4086; x_wconf 85' lang='lat' dir='ltr'><strong>Illum</strong></span> <span class='ocrx_word' id='word_1_537' title='bbox 2492 4034 2656 4086; x_wconf 81' lang='lat' dir='ltr'><strong>fuisse</strong></span> 
     </span>
     <span class='ocr_line' id='line_1_98' title="bbox 1579 4112 1856 4162; baseline 0.004 -1"><span class='ocrx_word' id='word_1_538' title='bbox 1579 4112 1856 4162; x_wconf 82' lang='lat' dir='ltr'><strong>moechum.</strong></span> 
     </span>
    </p>

    <p class='ocr_par' dir='ltr' id='par_1_36' title="bbox 1579 4189 2652 4411">
     <span class='ocr_line' id='line_1_99' title="bbox 1627 4189 2652 4256; baseline 0.006 -17"><span class='ocrx_word' id='word_1_539' title='bbox 1627 4191 1790 4242; x_wconf 74' lang='lat' dir='ltr'><strong>Eme.</strong></span> <span class='ocrx_word' id='word_1_540' title='bbox 1806 4204 1980 4248; x_wconf 83' lang='lat' dir='ltr'><strong>xxm.</strong></span> <span class='ocrx_word' id='word_1_541' title='bbox 2003 4194 2267 4256; x_wconf 66' lang='grc' dir='ltr'><strong>Σῦγχρονοι</strong></span> <span class='ocrx_word' id='word_1_542' title='bbox 2280 4189 2496 4243; x_wconf 82' lang='lat' dir='ltr'><strong>fuerunt</strong></span> <span class='ocrx_word' id='word_1_543' title='bbox 2508 4191 2652 4245; x_wconf 85' lang='lat' dir='ltr'><strong>Mar·</strong></span> 
     </span>
     <span class='ocr_line' id='line_1_100' title="bbox 1579 4266 2649 4335; baseline 0.002 -17"><span class='ocrx_word' id='word_1_544' title='bbox 1579 4266 1720 4322; x_wconf 82' lang='lat' dir='ltr'><strong>tialis</strong></span> <span class='ocrx_word' id='word_1_545' title='bbox 1763 4274 1818 4317; x_wconf 85' lang='lat' dir='ltr'><strong>et</strong></span> <span class='ocrx_word' id='word_1_546' title='bbox 1856 4268 2169 4319; x_wconf 82' lang='lat' dir='ltr'><strong>Juvenalis·</strong></span> <span class='ocrx_word' id='word_1_547' title='bbox 2247 4283 2466 4319; x_wconf 87' lang='lat' dir='ltr'><strong>acumen</strong></span> <span class='ocrx_word' id='word_1_548' title='bbox 2510 4283 2649 4335; x_wconf 76' lang='lat' dir='ltr'><strong>saepe</strong></span> 
     </span>
     <span class='ocr_line' id='line_1_101' title="bbox 1580 4343 2650 4411; baseline 0.002 -16"><span class='ocrx_word' id='word_1_549' title='bbox 1580 4343 1842 4406; x_wconf 82' lang='lat' dir='ltr'><strong>convenit,</strong></span> <span class='ocrx_word' id='word_1_550' title='bbox 1887 4351 1944 4394; x_wconf 88' lang='lat' dir='ltr'><strong>et</strong></span> <span class='ocrx_word' id='word_1_551' title='bbox 1990 4346 2074 4400; x_wconf 72' lang='lat' dir='ltr'><strong>rel</strong></span> <span class='ocrx_word' id='word_1_552' title='bbox 2115 4343 2271 4397; x_wconf 84' lang='lat' dir='ltr'><strong>Philo</strong></span> <span class='ocrx_word' id='word_1_553' title='bbox 2312 4345 2650 4411; x_wconf 78' lang='lat' dir='ltr'><strong>Platonissat,</strong></span> 
     </span>
    </p>
   </div>
   <div class='ocr_carea' id='block_1_18' title="bbox 2957 3384 2975 4541">
    <p class='ocr_par' dir='ltr' id='par_1_37' title="bbox 2957 3384 2975 4541">
     <span class='ocr_line' id='line_1_102' title="bbox 2957 3384 2975 4541; baseline 0 0"><span class='ocrx_word' id='word_1_554' title='bbox 2957 3384 2975 4541; x_wconf 95' lang='lat' dir='ltr'><strong> </strong></span> 
     </span>
    </p>
   </div>
  </div>
 </body>
</html>
