<?xml version="1.0" encoding="UTF-8"?>
<!DOCTYPE html PUBLIC "-//W3C//DTD XHTML 1.0 Transitional//EN"
    "http://www.w3.org/TR/xhtml1/DTD/xhtml1-transitional.dtd">
<html xmlns="http://www.w3.org/1999/xhtml" xml:lang="en" lang="en">
 <head>
  <title>
</title>
<meta http-equiv="Content-Type" content="text/html;charset=utf-8" />
  <meta name='ocr-system' content='tesseract 3.04.00' />
  <meta name='ocr-capabilities' content='ocr_page ocr_carea ocr_par ocr_line ocrx_word'/>
</head>
<body>
  <div class='ocr_page' id='page_1' title='image "./marcivaleriimar09martgoog_0123.png"; bbox 0 0 2985 4937; ppageno 0'>
   <div class='ocr_carea' id='block_1_1' title="bbox 697 439 2110 498">
    <p class='ocr_par' dir='ltr' id='par_1_1' title="bbox 697 439 2110 498">
     <span class='ocr_line' id='line_1_1' title="bbox 697 439 2110 498; baseline 0.008 -11"><span class='ocrx_word' id='word_1_1' title='bbox 697 440 775 489; x_wconf 83' lang='lat' dir='ltr'><strong>M.</strong></span> <span class='ocrx_word' id='word_1_2' title='bbox 823 439 992 490; x_wconf 77' lang='lat' dir='ltr'><strong>VAL.</strong></span> <span class='ocrx_word' id='word_1_3' title='bbox 1040 440 1460 492; x_wconf 71' lang='lat' dir='ltr'>MARTIALIS</span> <span class='ocrx_word' id='word_1_4' title='bbox 1513 444 1755 494; x_wconf 73' lang='lat' dir='ltr'><strong>EPiGR.</strong></span> <span class='ocrx_word' id='word_1_5' title='bbox 1787 446 1949 496; x_wconf 64' lang='lat'><strong>&#39;12180</strong></span> <span class='ocrx_word' id='word_1_6' title='bbox 1998 450 2110 498; x_wconf 92' lang='lat'><strong>111.</strong></span> 
     </span>
    </p>
   </div>
   <div class='ocr_carea' id='block_1_2' title="bbox 310 580 1365 799">
    <p class='ocr_par' dir='ltr' id='par_1_2' title="bbox 310 580 1364 798">
     <span class='ocr_line' id='line_1_2' title="bbox 310 580 1364 649; baseline 0.003 -18"><span class='ocrx_word' id='word_1_7' title='bbox 310 580 681 633; x_wconf 59' lang='lat' dir='ltr'><strong>“ammovere</strong></span> <span class='ocrx_word' id='word_1_8' title='bbox 716 582 909 647; x_wconf 80' lang='lat' dir='ltr'><strong>solent,</strong></span> <span class='ocrx_word' id='word_1_9' title='bbox 935 585 1127 649; x_wconf 78' lang='lat' dir='ltr'><strong>stepius</strong></span> <span class='ocrx_word' id='word_1_10' title='bbox 1171 591 1364 637; x_wconf 88' lang='lat' dir='ltr'><strong>utatur.</strong></span> 
     </span>
     <span class='ocr_line' id='line_1_3' title="bbox 311 658 1365 723; baseline 0.003 -14"><span class='ocrx_word' id='word_1_11' title='bbox 311 659 446 709; x_wconf 77' lang='lat' dir='ltr'><strong>Ram.</strong></span> <span class='ocrx_word' id='word_1_12' title='bbox 454 658 683 723; x_wconf 64' lang='lat' dir='ltr'><strong>Malaia]</strong></span> <span class='ocrx_word' id='word_1_13' title='bbox 717 661 849 712; x_wconf 77' lang='lat' dir='ltr'><strong>Qnae</strong></span> <span class='ocrx_word' id='word_1_14' title='bbox 881 668 1112 711; x_wconf 86' lang='lat' dir='ltr'><strong>ventrem</strong></span> <span class='ocrx_word' id='word_1_15' title='bbox 1136 664 1365 719; x_wconf 82' lang='lat' dir='ltr'><strong>solvunt,</strong></span> 
     </span>
     <span class='ocr_line' id='line_1_4' title="bbox 310 733 1364 799; baseline 0.007 -18"><span class='ocrx_word' id='word_1_16' title='bbox 310 733 440 782; x_wconf 90' lang='lat' dir='ltr'><strong>unde</strong></span> <span class='ocrx_word' id='word_1_17' title='bbox 462 743 517 783; x_wconf 90' lang='lat' dir='ltr'><strong>et</strong></span> <span class='ocrx_word' id='word_1_18' title='bbox 537 749 725 785; x_wconf 88' lang='lat' dir='ltr'><strong>nomen</strong></span> <span class='ocrx_word' id='word_1_19' title='bbox 745 752 776 786; x_wconf 89' lang='lat' dir='ltr'><strong>a</strong></span> <span class='ocrx_word' id='word_1_20' title='bbox 793 735 1046 799; x_wconf 65' lang='grc' dir='ltr'><strong>μαλάσσειν,</strong></span> <span class='ocrx_word' id='word_1_21' title='bbox 1064 738 1159 788; x_wconf 88' lang='lat' dir='ltr'><strong>nisi</strong></span> <span class='ocrx_word' id='word_1_22' title='bbox 1183 737 1364 789; x_wconf 87' lang='lat' dir='ltr'><strong>fortea</strong></span> 
     </span>
    </p>
   </div>
   <div class='ocr_carea' id='block_1_3' title="bbox 268 791 1379 3342">
    <p class='ocr_par' dir='ltr' id='par_1_3' title="bbox 308 791 1364 942">
     <span class='ocr_line' id='line_1_5' title="bbox 308 791 1364 884; baseline 0.009 -25"><span class='ocrx_word' id='word_1_23' title='bbox 308 791 454 861; x_wconf 73' lang='lat' dir='ltr'><strong>rn&#39;m</strong></span> <span class='ocrx_word' id='word_1_24' title='bbox 476 814 639 866; x_wconf 77' lang='lat' dir='ltr'><strong>herba</strong></span> <span class='ocrx_word' id='word_1_25' title='bbox 661 817 934 882; x_wconf 79' lang='lat' dir='ltr'><strong>sylvestri3</strong></span> <span class='ocrx_word' id='word_1_26' title='bbox 958 819 1075 868; x_wconf 88' lang='lat' dir='ltr'><strong>vide</strong></span> <span class='ocrx_word' id='word_1_27' title='bbox 1097 819 1264 884; x_wconf 86' lang='lat' dir='ltr'><strong>epigr.</strong></span> <span class='ocrx_word' id='word_1_28' title='bbox 1278 823 1364 870; x_wconf 79' lang='lat'><strong>48.</strong></span> 
     </span>
     <span class='ocr_line' id='line_1_6' title="bbox 300 890 753 942; baseline 0.018 -3.144"><span class='ocrx_word' id='word_1_29' title='bbox 300 890 394 941; x_wconf 85' lang='lat' dir='ltr'><strong>lib.</strong></span> <span class='ocrx_word' id='word_1_30' title='bbox 416 896 495 942; x_wconf 90' lang='grc'><strong>10.</strong></span> <span class='ocrx_word' id='word_1_31' title='bbox 750 930 753 935; x_wconf 90' lang='grc'>-</span> 
     </span>
    </p>

    <p class='ocr_par' dir='ltr' id='par_1_4' title="bbox 305 969 1363 1180">
     <span class='ocr_line' id='line_1_7' title="bbox 367 969 1363 1038; baseline 0.006 -20"><span class='ocrx_word' id='word_1_32' title='bbox 367 975 399 1019; x_wconf 93' lang='grc'><strong>2</strong></span> <span class='ocrx_word' id='word_1_33' title='bbox 437 969 773 1032; x_wconf 75' lang='lat' dir='ltr'><strong>Namsucs’em,</strong></span> <span class='ocrx_word' id='word_1_34' title='bbox 791 973 897 1038; x_wconf 54' lang='grc' dir='ltr'><strong>ξω]</strong></span> <span class='ocrx_word' id='word_1_35' title='bbox 920 975 1204 1027; x_wconf 89' lang='lat' dir='ltr'><strong>Detortum</strong></span> <span class='ocrx_word' id='word_1_36' title='bbox 1224 973 1363 1024; x_wconf 84' lang='lat' dir='ltr'><strong>forte</strong></span> 
     </span>
     <span class='ocr_line' id='line_1_8' title="bbox 307 1049 1362 1118; baseline 0.005 -22"><span class='ocrx_word' id='word_1_37' title='bbox 307 1049 435 1097; x_wconf 88' lang='lat' dir='ltr'><strong>hoc</strong></span> <span class='ocrx_word' id='word_1_38' title='bbox 421 1063 475 1098; x_wconf 97' lang='grc' dir='ltr'><strong>ιιι</strong></span> <span class='ocrx_word' id='word_1_39' title='bbox 498 1050 896 1115; x_wconf 73' lang='lat' dir='ltr'>Vespasianum,</span> <span class='ocrx_word' id='word_1_40' title='bbox 939 1053 1026 1118; x_wconf 89' lang='lat' dir='ltr'><strong>qui</strong></span> <span class='ocrx_word' id='word_1_41' title='bbox 1066 1058 1183 1101; x_wconf 89' lang='lat' dir='ltr'><strong>erat</strong></span> <span class='ocrx_word' id='word_1_42' title='bbox 1215 1053 1362 1102; x_wconf 83' lang='lat' dir='ltr'><strong>vultu</strong></span> 
     </span>
     <span class='ocr_line' id='line_1_9' title="bbox 305 1126 1156 1180; baseline 0.007 -6"><span class='ocrx_word' id='word_1_43' title='bbox 305 1126 447 1175; x_wconf 80' lang='lat' dir='ltr'><strong>velut</strong></span> <span class='ocrx_word' id='word_1_44' title='bbox 465 1126 700 1176; x_wconf 79' lang='lat' dir='ltr'><strong>nitentis.</strong></span> <span class='ocrx_word' id='word_1_45' title='bbox 733 1128 927 1178; x_wconf 89' lang='lat' dir='ltr'><strong>Sueton</strong></span> <span class='ocrx_word' id='word_1_46' title='bbox 950 1130 984 1179; x_wconf 91' lang='lat' dir='ltr'><strong>l.</strong></span> <span class='ocrx_word' id='word_1_47' title='bbox 1005 1133 1052 1180; x_wconf 89' lang='grc'><strong>8.</strong></span> <span class='ocrx_word' id='word_1_48' title='bbox 1073 1133 1156 1180; x_wconf 91' lang='grc'><strong>20.</strong></span> 
     </span>
    </p>

    <p class='ocr_par' dir='ltr' id='par_1_5' title="bbox 299 1203 1368 1870">
     <span class='ocr_line' id='line_1_10' title="bbox 365 1203 1361 1270; baseline 0.005 -19"><span class='ocrx_word' id='word_1_49' title='bbox 365 1203 527 1252; x_wconf 74' lang='lat' dir='ltr'><strong>Erro.</strong></span> <span class='ocrx_word' id='word_1_50' title='bbox 552 1216 648 1254; x_wconf 86' lang='lat' dir='ltr'><strong>xc.</strong></span> <span class='ocrx_word' id='word_1_51' title='bbox 690 1208 719 1254; x_wconf 93' lang='lat'>1</span> <span class='ocrx_word' id='word_1_52' title='bbox 740 1220 743 1223; x_wconf 49' lang='lat'><em>²</em></span> <span class='ocrx_word' id='word_1_53' title='bbox 761 1204 893 1267; x_wconf 77' lang='lat' dir='ltr'><strong>Vult,</strong></span> <span class='ocrx_word' id='word_1_54' title='bbox 924 1206 1033 1270; x_wconf 58' lang='grc' dir='ltr'><strong>ξω]</strong></span> <span class='ocrx_word' id='word_1_55' title='bbox 1066 1208 1081 1235; x_wconf 90' lang='lat'>‘</span> <span class='ocrx_word' id='word_1_56' title='bbox 1107 1203 1256 1256; x_wconf 88' lang='lat' dir='ltr'><strong>Vult’</strong></span> <span class='ocrx_word' id='word_1_57' title='bbox 1275 1207 1361 1256; x_wconf 86' lang='lat' dir='ltr'><strong>ha·</strong></span> 
     </span>
     <span class='ocr_line' id='line_1_11' title="bbox 304 1277 1365 1348; baseline 0.005 -20"><span class='ocrx_word' id='word_1_58' title='bbox 304 1277 390 1329; x_wconf 89' lang='lat' dir='ltr'><strong>bet</strong></span> <span class='ocrx_word' id='word_1_59' title='bbox 446 1280 746 1331; x_wconf 82' lang='lat' dir='ltr'><strong>obscoenam</strong></span> <span class='ocrx_word' id='word_1_60' title='bbox 797 1281 1250 1348; x_wconf 78' lang='lat' dir='ltr'><strong>significationem,</strong></span> <span class='ocrx_word' id='word_1_61' title='bbox 1305 1290 1365 1333; x_wconf 92' lang='lat' dir='ltr'><strong>ut</strong></span> 
     </span>
     <span class='ocr_line' id='line_1_12' title="bbox 301 1356 1365 1424; baseline 0.005 -18"><span class='ocrx_word' id='word_1_62' title='bbox 301 1357 317 1385; x_wconf 86' lang='lat'>‘</span> <span class='ocrx_word' id='word_1_63' title='bbox 337 1356 567 1420; x_wconf 80' lang='lat' dir='ltr'><strong>possum&#39;</strong></span> <span class='ocrx_word' id='word_1_64' title='bbox 591 1371 676 1421; x_wconf 88' lang='lat' dir='ltr'><strong>ep.</strong></span> <span class='ocrx_word' id='word_1_65' title='bbox 699 1361 782 1409; x_wconf 72' lang='grc'><strong>32.</strong></span> <span class='ocrx_word' id='word_1_66' title='bbox 817 1365 874 1408; x_wconf 90' lang='lat' dir='ltr'><strong>et</strong></span> <span class='ocrx_word' id='word_1_67' title='bbox 911 1364 994 1410; x_wconf 96' lang='grc'><strong>75.</strong></span> <span class='ocrx_word' id='word_1_68' title='bbox 1023 1375 1198 1424; x_wconf 90' lang='lat' dir='ltr'><strong>supra.</strong></span> <span class='ocrx_word' id='word_1_69' title='bbox 1263 1362 1365 1411; x_wconf 88' lang='lat' dir='ltr'><strong>Vel</strong></span> 
     </span>
     <span class='ocr_line' id='line_1_13' title="bbox 301 1434 1368 1500; baseline 0.004 -17"><span class='ocrx_word' id='word_1_70' title='bbox 301 1434 694 1485; x_wconf 69' lang='lat' dir='ltr'><strong>vuit-dare2sui</strong></span> <span class='ocrx_word' id='word_1_71' title='bbox 729 1437 950 1500; x_wconf 79' lang='lat' dir='ltr'><strong>copiam,</strong></span> <span class='ocrx_word' id='word_1_72' title='bbox 987 1437 1079 1487; x_wconf 84' lang='lat' dir='ltr'><strong>sed</strong></span> <span class='ocrx_word' id='word_1_73' title='bbox 1115 1451 1218 1487; x_wconf 91' lang='lat' dir='ltr'><strong>non</strong></span> <span class='ocrx_word' id='word_1_74' title='bbox 1257 1438 1368 1488; x_wconf 90' lang='lat' dir='ltr'><strong>vult</strong></span> 
     </span>
     <span class='ocr_line' id='line_1_14' title="bbox 302 1508 1367 1575; baseline 0.005 -17"><span class='ocrx_word' id='word_1_75' title='bbox 302 1508 424 1560; x_wconf 87' lang='lat' dir='ltr'><strong>dare</strong></span> <span class='ocrx_word' id='word_1_76' title='bbox 462 1511 784 1575; x_wconf 86' lang='lat' dir='ltr'><strong>mercedem,</strong></span> <span class='ocrx_word' id='word_1_77' title='bbox 823 1526 940 1562; x_wconf 91' lang='lat' dir='ltr'><strong>cum</strong></span> <span class='ocrx_word' id='word_1_78' title='bbox 981 1510 1367 1563; x_wconf 83' lang='lat' dir='ltr'><strong>deformis·&#39;non</strong></span> 
     </span>
     <span class='ocr_line' id='line_1_15' title="bbox 300 1590 1366 1655; baseline 0.003 -16"><span class='ocrx_word' id='word_1_79' title='bbox 300 1590 563 1640; x_wconf 64' lang='lat' dir='ltr'><strong>mereatur</strong></span> <span class='ocrx_word' id='word_1_80' title='bbox 582 1591 770 1655; x_wconf 82' lang='lat' dir='ltr'><strong>gratis:</strong></span> <span class='ocrx_word' id='word_1_81' title='bbox 797 1592 913 1642; x_wconf 85' lang='lat' dir='ltr'><strong>vide</strong></span> <span class='ocrx_word' id='word_1_82' title='bbox 930 1606 1014 1655; x_wconf 90' lang='lat' dir='ltr'><strong>ep.</strong></span> <span class='ocrx_word' id='word_1_83' title='bbox 1032 1596 1114 1643; x_wconf 83' lang='grc'><strong>74.</strong></span> <span class='ocrx_word' id='word_1_84' title='bbox 1133 1594 1166 1643; x_wconf 90' lang='lat'><strong>1.</strong></span> <span class='ocrx_word' id='word_1_85' title='bbox 1182 1597 1233 1643; x_wconf 91' lang='grc'><strong>7.</strong></span> <span class='ocrx_word' id='word_1_86' title='bbox 1246 1591 1366 1642; x_wconf 79' lang='lat' dir='ltr'><strong>&#39;vide</strong></span> 
     </span>
     <span class='ocr_line' id='line_1_16' title="bbox 301 1666 1365 1733; baseline 0.002 -17"><span class='ocrx_word' id='word_1_87' title='bbox 301 1666 453 1716; x_wconf 82' lang='lat' dir='ltr'><strong>etlam</strong></span> <span class='ocrx_word' id='word_1_88' title='bbox 487 1668 682 1717; x_wconf 84' lang='lat' dir='ltr'><strong>an-hoc</strong></span> <span class='ocrx_word' id='word_1_89' title='bbox 707 1682 773 1719; x_wconf 86' lang='lat' dir='ltr'><strong>ex</strong></span> <span class='ocrx_word' id='word_1_90' title='bbox 793 1670 1143 1720; x_wconf 72' lang='lat' dir='ltr'><strong>inconstantia</strong></span> <span class='ocrx_word' id='word_1_91' title='bbox 1174 1670 1365 1733; x_wconf 78' lang='lat' dir='ltr'><strong>Gallae,</strong></span> 
     </span>
     <span class='ocr_line' id='line_1_17' title="bbox 302 1744 1365 1811; baseline 0.004 -19"><span class='ocrx_word' id='word_1_92' title='bbox 302 1752 358 1792; x_wconf 88' lang='lat' dir='ltr'><strong>nt</strong></span> <span class='ocrx_word' id='word_1_93' title='bbox 377 1744 553 1808; x_wconf 89' lang='lat' dir='ltr'><strong>epigr.</strong></span> <span class='ocrx_word' id='word_1_94' title='bbox 574 1749 658 1795; x_wconf 85' lang='grc'><strong>25.</strong></span> <span class='ocrx_word' id='word_1_95' title='bbox 681 1746 716 1795; x_wconf 98' lang='lat' dir='ltr'><strong>l.</strong></span> <span class='ocrx_word' id='word_1_96' title='bbox 737 1750 789 1797; x_wconf 93' lang='grc'><strong>2.</strong></span> <span class='ocrx_word' id='word_1_97' title='bbox 831 1744 1070 1797; x_wconf 83' lang='lat' dir='ltr'><strong>Adverte</strong></span> <span class='ocrx_word' id='word_1_98' title='bbox 1092 1752 1147 1796; x_wconf 89' lang='lat' dir='ltr'><strong>et</strong></span> <span class='ocrx_word' id='word_1_99' title='bbox 1169 1745 1365 1811; x_wconf 80' lang='lat' dir='ltr'><strong>Polyp-</strong></span> 
     </span>
     <span class='ocr_line' id='line_1_18' title="bbox 299 1818 725 1870; baseline 0.008 -3"><span class='ocrx_word' id='word_1_100' title='bbox 299 1822 393 1868; x_wconf 83' lang='lat' dir='ltr'><strong>tot.</strong></span> <span class='ocrx_word' id='word_1_101' title='bbox 414 1819 510 1867; x_wconf 79' lang='grc' dir='ltr'><strong>τοῦ</strong></span> <span class='ocrx_word' id='word_1_102' title='bbox 530 1818 725 1870; x_wconf 60' lang='lat' dir='ltr'><strong>‘velit’</strong></span> 
     </span>
    </p>

    <p class='ocr_par' dir='ltr' id='par_1_6' title="bbox 302 1897 1376 3197">
     <span class='ocr_line' id='line_1_19' title="bbox 342 1897 1366 1963; baseline 0.004 -18.076"><span class='ocrx_word' id='word_1_103' title='bbox 342 1897 739 1957; x_wconf 72' lang='lat' dir='ltr'><strong>EnG.xc1.1</strong></span> <span class='ocrx_word' id='word_1_104' title='bbox 785 1898 1027 1962; x_wconf 60' lang='lat' dir='ltr'><strong>Misenus]</strong></span> <span class='ocrx_word' id='word_1_105' title='bbox 1063 1898 1366 1963; x_wconf 88' lang='lat' dir='ltr'><strong>Legendum</strong></span> 
     </span>
     <span class='ocr_line' id='line_1_20' title="bbox 303 1966 1368 2042; baseline 0.002 -18"><span class='ocrx_word' id='word_1_106' title='bbox 303 1981 427 2036; x_wconf 83' lang='lat' dir='ltr'><strong>puto</strong></span> <span class='ocrx_word' id='word_1_107' title='bbox 450 1966 745 2024; x_wconf 51' lang='lat' dir='ltr'><strong>municius.</strong></span> <span class='ocrx_word' id='word_1_108' title='bbox 783 1990 899 2026; x_wconf 86' lang='lat' dir='ltr'><strong>nec</strong></span> <span class='ocrx_word' id='word_1_109' title='bbox 954 1977 1220 2042; x_wconf 88' lang='lat' dir='ltr'><strong>proprium</strong></span> <span class='ocrx_word' id='word_1_110' title='bbox 1275 1976 1368 2026; x_wconf 85' lang='lat' dir='ltr'><strong>sed</strong></span> 
     </span>
     <span class='ocr_line' id='line_1_21' title="bbox 302 2051 1373 2118; baseline 0.004 -18"><span class='ocrx_word' id='word_1_111' title='bbox 302 2059 577 2107; x_wconf 77' lang='lat' dir='ltr'><strong>commune</strong></span> <span class='ocrx_word' id='word_1_112' title='bbox 598 2051 906 2104; x_wconf 88' lang='lat' dir='ltr'><strong>vocabulum</strong></span> <span class='ocrx_word' id='word_1_113' title='bbox 944 2061 1041 2105; x_wconf 89' lang='lat' dir='ltr'><strong>est.</strong></span> <span class='ocrx_word' id='word_1_114' title='bbox 1105 2054 1373 2118; x_wconf 67' lang='lat' dir='ltr'><strong>Missis-ius,</strong></span> 
     </span>
     <span class='ocr_line' id='line_1_22' title="bbox 304 2128 1372 2195; baseline 0.003 -17"><span class='ocrx_word' id='word_1_115' title='bbox 304 2128 803 2192; x_wconf 79' lang='lat' dir='ltr'><strong>qul-exauctoratus</strong></span> <span class='ocrx_word' id='word_1_116' title='bbox 841 2136 945 2192; x_wconf 71' lang='lat' dir='ltr'><strong>est,</strong></span> <span class='ocrx_word' id='word_1_117' title='bbox 964 2130 1052 2195; x_wconf 88' lang='lat' dir='ltr'><strong>qui</strong></span> <span class='ocrx_word' id='word_1_118' title='bbox 1073 2131 1372 2181; x_wconf 74' lang='lat' dir='ltr'><strong>missionem</strong></span> 
     </span>
     <span class='ocr_line' id='line_1_23' title="bbox 303 2207 1373 2276; baseline 0.004 -21"><span class='ocrx_word' id='word_1_119' title='bbox 303 2207 534 2272; x_wconf 81' lang='lat' dir='ltr'><strong>accepit.</strong></span> <span class='ocrx_word' id='word_1_120' title='bbox 566 2240 567 2243; x_wconf 53' lang='lat'><em>=</em></span> <span class='ocrx_word' id='word_1_121' title='bbox 600 2207 818 2259; x_wconf 76' lang='lat' dir='ltr'><strong>Sueton-</strong></span> <span class='ocrx_word' id='word_1_122' title='bbox 851 2211 1095 2261; x_wconf 81' lang='lat' dir='ltr'><strong>Nerone:</strong></span> <span class='ocrx_word' id='word_1_123' title='bbox 1129 2213 1146 2241; x_wconf 78' lang='lat'>⁸</span> <span class='ocrx_word' id='word_1_124' title='bbox 1166 2210 1373 2276; x_wconf 86' lang='lat' dir='ltr'><strong>agnitus</strong></span> 
     </span>
     <span class='ocr_line' id='line_1_24' title="bbox 305 2283 1373 2352; baseline 0.007 -22"><span class='ocrx_word' id='word_1_125' title='bbox 305 2290 387 2334; x_wconf 84' lang='lat' dir='ltr'><strong>est</strong></span> <span class='ocrx_word' id='word_1_126' title='bbox 419 2299 453 2334; x_wconf 85' lang='lat' dir='ltr'><strong>a</strong></span> <span class='ocrx_word' id='word_1_127' title='bbox 495 2283 721 2349; x_wconf 84' lang='lat' dir='ltr'><strong>quodam</strong></span> <span class='ocrx_word' id='word_1_128' title='bbox 752 2286 975 2337; x_wconf 85' lang='lat' dir='ltr'><strong>missicio</strong></span> <span class='ocrx_word' id='word_1_129' title='bbox 1011 2287 1373 2352; x_wconf 83' lang='lat' dir='ltr'><strong>praetoriano.’</strong></span> 
     </span>
     <span class='ocr_line' id='line_1_25' title="bbox 304 2360 1371 2428; baseline 0.003 -18"><span class='ocrx_word' id='word_1_130' title='bbox 304 2361 395 2410; x_wconf 84' lang='lat' dir='ltr'><strong>Uti</strong></span> <span class='ocrx_word' id='word_1_131' title='bbox 416 2360 585 2412; x_wconf 85' lang='lat' dir='ltr'><strong>etiam</strong></span> <span class='ocrx_word' id='word_1_132' title='bbox 606 2363 759 2412; x_wconf 11' lang='lat' dir='ltr'><strong>&#39;’male</strong></span> <span class='ocrx_word' id='word_1_133' title='bbox 784 2362 1196 2428; x_wconf 79' lang='lat' dir='ltr'><strong>intelligebatur,</strong></span> <span class='ocrx_word' id='word_1_134' title='bbox 1228 2364 1371 2413; x_wconf 86' lang='lat' dir='ltr'><strong>ante-</strong></span> 
     </span>
     <span class='ocr_line' id='line_1_26' title="bbox 305 2439 1373 2506; baseline 0.004 -16"><span class='ocrx_word' id='word_1_135' title='bbox 305 2453 456 2505; x_wconf 86' lang='lat' dir='ltr'><strong>quam</strong></span> <span class='ocrx_word' id='word_1_136' title='bbox 474 2439 757 2490; x_wconf 80' lang='lat' dir='ltr'><strong>Salmasius</strong></span> <span class='ocrx_word' id='word_1_137' title='bbox 771 2442 1074 2506; x_wconf 79' lang='lat' dir='ltr'><strong>explicaret.</strong></span> <span class='ocrx_word' id='word_1_138' title='bbox 1090 2442 1373 2494; x_wconf 74' lang='lat' dir='ltr'><strong>Gronovius.</strong></span> 
     </span>
     <span class='ocr_line' id='line_1_27' title="bbox 325 2516 1372 2583; baseline 0 -14"><span class='ocrx_word' id='word_1_139' title='bbox 325 2538 337 2544; x_wconf 59' lang='lat'><strong><em>‘</em></strong></span> <span class='ocrx_word' id='word_1_140' title='bbox 366 2524 399 2569; x_wconf 91' lang='grc'><strong>2</strong></span> <span class='ocrx_word' id='word_1_141' title='bbox 430 2516 671 2569; x_wconf 62' lang='lat' dir='ltr'><strong>&amp;navim</strong></span> <span class='ocrx_word' id='word_1_142' title='bbox 717 2519 931 2583; x_wconf 80' lang='lat' dir='ltr'><strong>Cybeles,</strong></span> <span class='ocrx_word' id='word_1_143' title='bbox 969 2519 1078 2583; x_wconf 56' lang='grc' dir='ltr'><strong>ξω]</strong></span> <span class='ocrx_word' id='word_1_144' title='bbox 1127 2519 1372 2570; x_wconf 84' lang='lat' dir='ltr'><strong>Facetam</strong></span> 
     </span>
     <span class='ocr_line' id='line_1_28' title="bbox 304 2594 1373 2661; baseline 0.003 -18"><span class='ocrx_word' id='word_1_145' title='bbox 304 2594 547 2646; x_wconf 78' lang='lat' dir='ltr'><strong>continet</strong></span> <span class='ocrx_word' id='word_1_146' title='bbox 559 2594 660 2645; x_wconf 82' lang='lat' dir='ltr'><strong>boc</strong></span> <span class='ocrx_word' id='word_1_147' title='bbox 676 2595 992 2659; x_wconf 83' lang='lat' dir='ltr'><strong>epigramma</strong></span> <span class='ocrx_word' id='word_1_148' title='bbox 1007 2596 1373 2661; x_wconf 88' lang='lat' dir='ltr'><strong>narrationem,</strong></span> 
     </span>
     <span class='ocr_line' id='line_1_29' title="bbox 305 2671 1374 2740; baseline 0.005 -19"><span class='ocrx_word' id='word_1_149' title='bbox 305 2672 526 2724; x_wconf 80' lang='lat' dir='ltr'><strong>de·sene</strong></span> <span class='ocrx_word' id='word_1_150' title='bbox 544 2671 766 2735; x_wconf 84' lang='lat' dir='ltr'><strong>Misitio,</strong></span> <span class='ocrx_word' id='word_1_151' title='bbox 797 2674 883 2738; x_wconf 87' lang='lat' dir='ltr'><strong>qni</strong></span> <span class='ocrx_word' id='word_1_152' title='bbox 906 2673 1081 2725; x_wconf 84' lang='lat' dir='ltr'><strong>errore</strong></span> <span class='ocrx_word' id='word_1_153' title='bbox 1102 2674 1323 2740; x_wconf 88' lang='lat' dir='ltr'><strong>quodam</strong></span> <span class='ocrx_word' id='word_1_154' title='bbox 1343 2692 1374 2726; x_wconf 88' lang='lat' dir='ltr'><strong>a</strong></span> 
     </span>
     <span class='ocr_line' id='line_1_30' title="bbox 308 2750 1375 2817; baseline 0.004 -18"><span class='ocrx_word' id='word_1_155' title='bbox 308 2751 538 2815; x_wconf 74' lang='lat' dir='ltr'><strong>Cybeles</strong></span> <span class='ocrx_word' id='word_1_156' title='bbox 563 2751 937 2801; x_wconf 69' lang='lat' dir='ltr'><strong>&#39;sacerdotibus</strong></span> <span class='ocrx_word' id='word_1_157' title='bbox 980 2750 1240 2803; x_wconf 48' lang='lat' dir='ltr'><strong>exsectus*</strong></span> <span class='ocrx_word' id='word_1_158' title='bbox 1275 2759 1375 2817; x_wconf 92' lang='lat' dir='ltr'><strong>est,</strong></span> 
     </span>
     <span class='ocr_line' id='line_1_31' title="bbox 309 2827 1373 2891; baseline 0.003 -15"><span class='ocrx_word' id='word_1_159' title='bbox 309 2827 445 2878; x_wconf 14' lang='lat' dir='ltr'><strong>dum.</strong></span> <span class='ocrx_word' id='word_1_160' title='bbox 478 2833 668 2891; x_wconf 85' lang='lat' dir='ltr'><strong>putant</strong></span> <span class='ocrx_word' id='word_1_161' title='bbox 686 2829 762 2877; x_wconf 69' lang='lat' dir='ltr'><strong>‘se</strong></span> <span class='ocrx_word' id='word_1_162' title='bbox 800 2827 1058 2878; x_wconf 81' lang='lat' dir='ltr'><strong>Achillam</strong></span> <span class='ocrx_word' id='word_1_163' title='bbox 1093 2829 1373 2881; x_wconf 84' lang='lat' dir='ltr'><strong>formosum</strong></span> 
     </span>
     <span class='ocr_line' id='line_1_32' title="bbox 309 2904 1376 2971; baseline 0.005 -19"><span class='ocrx_word' id='word_1_164' title='bbox 309 2911 552 2966; x_wconf 79' lang='lat' dir='ltr'><strong>puerum,</strong></span> <span class='ocrx_word' id='word_1_165' title='bbox 584 2904 673 2969; x_wconf 89' lang='lat' dir='ltr'><strong>qui</strong></span> <span class='ocrx_word' id='word_1_166' title='bbox 707 2917 812 2954; x_wconf 86' lang='lat' dir='ltr'><strong>una</strong></span> <span class='ocrx_word' id='word_1_167' title='bbox 848 2918 965 2955; x_wconf 88' lang='lat' dir='ltr'><strong>cum</strong></span> <span class='ocrx_word' id='word_1_168' title='bbox 1001 2920 1149 2956; x_wconf 41' lang='lat' dir='ltr'><strong>senex</strong></span> <span class='ocrx_word' id='word_1_169' title='bbox 1159 2907 1376 2971; x_wconf 85' lang='lat' dir='ltr'><strong>jacebat</strong></span> 
     </span>
     <span class='ocr_line' id='line_1_33' title="bbox 310 2981 1374 3045; baseline 0.004 -15"><span class='ocrx_word' id='word_1_170' title='bbox 310 2981 363 3030; x_wconf 87' lang='lat' dir='ltr'><strong>in</strong></span> <span class='ocrx_word' id='word_1_171' title='bbox 387 2983 560 3045; x_wconf 64' lang='lat' dir='ltr'><strong>lecto,</strong></span> <span class='ocrx_word' id='word_1_172' title='bbox 583 2981 922 3032; x_wconf 54' lang='lat' dir='ltr'><strong>exscinderel</strong></span> <span class='ocrx_word' id='word_1_173' title='bbox 931 2984 1252 3035; x_wconf 70' lang='lat' dir='ltr'><strong>Roneiresius.</strong></span> <span class='ocrx_word' id='word_1_174' title='bbox 1289 2984 1374 3034; x_wconf 82' lang='lat' dir='ltr'><strong>Se·</strong></span> 
     </span>
     <span class='ocr_line' id='line_1_34' title="bbox 268 3058 1376 3126; baseline 0.001 -17.04"><span class='ocrx_word' id='word_1_175' title='bbox 268 3058 529 3122; x_wconf 61' lang='lat' dir='ltr'><strong>nisan}</strong></span> <span class='ocrx_word' id='word_1_176' title='bbox 538 3058 905 3117; x_wconf 74' lang='lat' dir='ltr'><strong>Sacerdotibus</strong></span> <span class='ocrx_word' id='word_1_177' title='bbox 949 3060 1168 3126; x_wconf 80' lang='lat' dir='ltr'><strong>Cybeles</strong></span> <span class='ocrx_word' id='word_1_178' title='bbox 1212 3063 1376 3111; x_wconf 82' lang='lat' dir='ltr'><strong>evira-</strong></span> 
     </span>
     <span class='ocr_line' id='line_1_35' title="bbox 314 3134 829 3197; baseline -0.002 -13"><span class='ocrx_word' id='word_1_179' title='bbox 314 3134 398 3197; x_wconf 85' lang='lat' dir='ltr'><strong>tis,</strong></span> <span class='ocrx_word' id='word_1_180' title='bbox 419 3134 637 3186; x_wconf 81' lang='lat' dir='ltr'><strong>Gallis..</strong></span> <span class='ocrx_word' id='word_1_181' title='bbox 824 3157 829 3164; x_wconf 91' lang='lat'><strong>·</strong></span> 
     </span>
    </p>

    <p class='ocr_par' dir='ltr' id='par_1_7' title="bbox 316 3169 1379 3342">
     <span class='ocr_line' id='line_1_36' title="bbox 376 3169 1379 3281; baseline 0.003 -19"><span class='ocrx_word' id='word_1_182' title='bbox 376 3217 407 3262; x_wconf 77' lang='lat'><em>8</em></span> <span class='ocrx_word' id='word_1_183' title='bbox 449 3212 707 3275; x_wconf 70' lang='lat' dir='ltr'><strong>Fugitim</strong></span> <span class='ocrx_word' id='word_1_184' title='bbox 745 3169 982 3278; x_wconf 74' lang='lat' dir='ltr'><strong>Achillas]</strong></span> <span class='ocrx_word' id='word_1_185' title='bbox 1026 3215 1130 3266; x_wconf 83' lang='lat' dir='ltr'><strong>Qui</strong></span> <span class='ocrx_word' id='word_1_186' title='bbox 1171 3214 1379 3281; x_wconf 75' lang='lat' dir='ltr'><strong>fugerat</strong></span> 
     </span>
     <span class='ocr_line' id='line_1_37' title="bbox 316 3288 641 3342; baseline 0 -5"><span class='ocrx_word' id='word_1_187' title='bbox 316 3302 347 3337; x_wconf 87' lang='lat' dir='ltr'><strong>a</strong></span> <span class='ocrx_word' id='word_1_188' title='bbox 367 3288 592 3342; x_wconf 80' lang='lat' dir='ltr'><strong>domino.</strong></span> <span class='ocrx_word' id='word_1_189' title='bbox 634 3317 641 3330; x_wconf 50' lang='grc' dir='ltr'><strong>τ</strong></span> 
     </span>
    </p>
   </div>
   <div class='ocr_carea' id='block_1_4' title="bbox 317 3364 1379 3492">
    <p class='ocr_par' dir='ltr' id='par_1_8' title="bbox 317 3364 1379 3492">
     <span class='ocr_line' id='line_1_38' title="bbox 376 3364 1379 3431; baseline 0.005 -16"><span class='ocrx_word' id='word_1_190' title='bbox 376 3371 408 3415; x_wconf 88' lang='grc'><strong>5</strong></span> <span class='ocrx_word' id='word_1_191' title='bbox 456 3365 705 3430; x_wconf 65' lang='lat' dir='ltr'><strong>Stet-iles,</strong></span> <span class='ocrx_word' id='word_1_192' title='bbox 725 3364 834 3431; x_wconf 54' lang='grc' dir='ltr'><strong>ξω]</strong></span> <span class='ocrx_word' id='word_1_193' title='bbox 883 3366 1035 3419; x_wconf 80' lang='lat' dir='ltr'><strong>Galli</strong></span> <span class='ocrx_word' id='word_1_194' title='bbox 1079 3368 1379 3420; x_wconf 77' lang='lat' dir='ltr'><strong>sacerdotes</strong></span> 
     </span>
     <span class='ocr_line' id='line_1_39' title="bbox 317 3443 623 3492; baseline -0.01 1"><span class='ocrx_word' id='word_1_195' title='bbox 317 3443 548 3492; x_wconf 74' lang='lat' dir='ltr'><strong>castrati·</strong></span> <span class='ocrx_word' id='word_1_196' title='bbox 618 3477 623 3480; x_wconf 24' lang='grc' dir='ltr'><em>Α</em></span> 
     </span>
    </p>
   </div>
   <div class='ocr_carea' id='block_1_5' title="bbox 321 3518 1388 4187">
    <p class='ocr_par' dir='ltr' id='par_1_9' title="bbox 321 3518 1379 3647">
     <span class='ocr_line' id='line_1_40' title="bbox 376 3518 1379 3586; baseline 0.004 -16"><span class='ocrx_word' id='word_1_197' title='bbox 376 3524 412 3570; x_wconf 81' lang='grc'><strong>0</strong></span> <span class='ocrx_word' id='word_1_198' title='bbox 443 3520 619 3586; x_wconf 85' lang='lat' dir='ltr'><strong>Dolos]</strong></span> <span class='ocrx_word' id='word_1_199' title='bbox 648 3518 905 3571; x_wconf 81' lang='lat' dir='ltr'><strong>Voluisse</strong></span> <span class='ocrx_word' id='word_1_200' title='bbox 921 3521 1050 3571; x_wconf 87' lang='lat' dir='ltr'><strong>illos</strong></span> <span class='ocrx_word' id='word_1_201' title='bbox 1082 3522 1254 3586; x_wconf 85' lang='lat' dir='ltr'><strong>ipsum</strong></span> <span class='ocrx_word' id='word_1_202' title='bbox 1291 3537 1379 3574; x_wconf 87' lang='lat' dir='ltr'><strong>ex-</strong></span> 
     </span>
     <span class='ocr_line' id='line_1_41' title="bbox 321 3610 611 3647; baseline 0.003 -2"><span class='ocrx_word' id='word_1_203' title='bbox 321 3610 611 3647; x_wconf 85' lang='lat' dir='ltr'><strong>secare..</strong></span> 
     </span>
    </p>

    <p class='ocr_par' dir='ltr' id='par_1_10' title="bbox 322 3635 1382 3896">
     <span class='ocr_line' id='line_1_42' title="bbox 378 3635 1381 3739; baseline 0.005 -15"><span class='ocrx_word' id='word_1_204' title='bbox 378 3680 411 3725; x_wconf 86' lang='grc'><strong>7</strong></span> <span class='ocrx_word' id='word_1_205' title='bbox 446 3635 711 3739; x_wconf 55' lang='lat' dir='ltr'><strong>Mentitur,</strong></span> <span class='ocrx_word' id='word_1_206' title='bbox 752 3673 860 3739; x_wconf 54' lang='grc'><strong>80.]</strong></span> <span class='ocrx_word' id='word_1_207' title='bbox 898 3674 1051 3726; x_wconf 84' lang='lat' dir='ltr'><strong>Dicit</strong></span> <span class='ocrx_word' id='word_1_208' title='bbox 1070 3715 1073 3720; x_wconf 81' lang='grc'><strong>.</strong></span> <span class='ocrx_word' id='word_1_209' title='bbox 1092 3691 1149 3727; x_wconf 90' lang='lat' dir='ltr'><strong>se</strong></span> <span class='ocrx_word' id='word_1_210' title='bbox 1180 3677 1242 3727; x_wconf 82' lang='lat' dir='ltr'><strong>in</strong></span> <span class='ocrx_word' id='word_1_211' title='bbox 1279 3678 1381 3729; x_wconf 88' lang='lat' dir='ltr'><strong>alia</strong></span> 
     </span>
     <span class='ocr_line' id='line_1_43' title="bbox 322 3750 1382 3818; baseline 0.005 -18"><span class='ocrx_word' id='word_1_212' title='bbox 322 3758 469 3814; x_wconf 77' lang='lat' dir='ltr'><strong>parte</strong></span> <span class='ocrx_word' id='word_1_213' title='bbox 486 3750 789 3816; x_wconf 69' lang='lat' dir='ltr'><strong>nentiquam</strong></span> <span class='ocrx_word' id='word_1_214' title='bbox 806 3766 908 3817; x_wconf 86' lang='lat' dir='ltr'><strong>quo</strong></span> <span class='ocrx_word' id='word_1_215' title='bbox 929 3751 1242 3818; x_wconf 85' lang='lat' dir='ltr'><strong>dormiebat,</strong></span> <span class='ocrx_word' id='word_1_216' title='bbox 1261 3755 1382 3805; x_wconf 87' lang='lat' dir='ltr'><strong>dor-</strong></span> 
     </span>
     <span class='ocr_line' id='line_1_44' title="bbox 322 3827 1318 3896; baseline 0.001 -17"><span class='ocrx_word' id='word_1_217' title='bbox 322 3830 587 3891; x_wconf 77' lang='grc' dir='ltr'><strong>ιιιίιιιιιιιιι,</strong></span> <span class='ocrx_word' id='word_1_218' title='bbox 607 3828 661 3877; x_wconf 90' lang='lat' dir='ltr'><strong>in</strong></span> <span class='ocrx_word' id='word_1_219' title='bbox 685 3827 901 3893; x_wconf 63' lang='lat' dir='ltr'><strong>spondae</strong></span> <span class='ocrx_word' id='word_1_220' title='bbox 919 3829 1126 3880; x_wconf 89' lang='lat' dir='ltr'><strong>scilicet</strong></span> <span class='ocrx_word' id='word_1_221' title='bbox 1148 3838 1318 3896; x_wconf 86' lang='lat' dir='ltr'><strong>parte.</strong></span> 
     </span>
    </p>

    <p class='ocr_par' dir='ltr' id='par_1_11' title="bbox 321 3906 1388 4187">
     <span class='ocr_line' id='line_1_45' title="bbox 380 3906 1386 3972; baseline 0.001 -16"><span class='ocrx_word' id='word_1_222' title='bbox 380 3912 414 3956; x_wconf 91' lang='grc'><strong>8</strong></span> <span class='ocrx_word' id='word_1_223' title='bbox 462 3907 667 3957; x_wconf 77' lang='lat' dir='ltr'><strong>Ferrum</strong></span> <span class='ocrx_word' id='word_1_224' title='bbox 702 3906 852 3955; x_wconf 71' lang='lat' dir='ltr'><strong>noxia</strong></span> <span class='ocrx_word' id='word_1_225' title='bbox 894 3907 1057 3956; x_wconf 54' lang='lat' dir='ltr'><strong>turbs*</strong></span> <span class='ocrx_word' id='word_1_226' title='bbox 1075 3908 1226 3972; x_wconf 78' lang='lat' dir='ltr'><strong>rapit]</strong></span> <span class='ocrx_word' id='word_1_227' title='bbox 1279 3909 1386 3959; x_wconf 88' lang='lat' dir='ltr'><strong>Per</strong></span> 
     </span>
     <span class='ocr_line' id='line_1_46' title="bbox 321 3981 1386 4050; baseline 0.001 -17"><span class='ocrx_word' id='word_1_228' title='bbox 321 3981 692 4049; x_wconf 75' lang='lat' dir='ltr'><strong>synecdochen</strong></span> <span class='ocrx_word' id='word_1_229' title='bbox 737 3997 835 4046; x_wconf 92' lang='lat' dir='ltr'><strong>pro</strong></span> <span class='ocrx_word' id='word_1_230' title='bbox 875 3983 1048 4033; x_wconf 85' lang='lat' dir='ltr'><strong>Samia</strong></span> <span class='ocrx_word' id='word_1_231' title='bbox 1071 3990 1248 4048; x_wconf 62' lang='lat' dir='ltr'><strong>testa,</strong></span> <span class='ocrx_word' id='word_1_232' title='bbox 1283 3999 1386 4050; x_wconf 89' lang='lat' dir='ltr'><strong>qua</strong></span> 
     </span>
     <span class='ocr_line' id='line_1_47' title="bbox 323 4059 1388 4127; baseline 0.003 -16"><span class='ocrx_word' id='word_1_233' title='bbox 323 4060 664 4111; x_wconf 83' lang='lat' dir='ltr'><strong>evirabantur</strong></span> <span class='ocrx_word' id='word_1_234' title='bbox 697 4059 858 4111; x_wconf 84' lang='lat' dir='ltr'><strong>Galli.</strong></span> <span class='ocrx_word' id='word_1_235' title='bbox 925 4060 1097 4126; x_wconf 88' lang='lat' dir='ltr'><strong>Supra</strong></span> <span class='ocrx_word' id='word_1_236' title='bbox 1116 4062 1285 4127; x_wconf 85' lang='lat' dir='ltr'><strong>epigr.</strong></span> <span class='ocrx_word' id='word_1_237' title='bbox 1307 4067 1388 4115; x_wconf 90' lang='grc'><strong>80.</strong></span> 
     </span>
     <span class='ocr_line' id='line_1_48' title="bbox 322 4143 586 4187; baseline -0.008 -1"><span class='ocrx_word' id='word_1_238' title='bbox 322 4151 454 4186; x_wconf 79' lang='lat' dir='ltr'><strong>vers.</strong></span> <span class='ocrx_word' id='word_1_239' title='bbox 476 4143 529 4187; x_wconf 88' lang='lat'><strong>4.</strong></span> <span class='ocrx_word' id='word_1_240' title='bbox 581 4178 586 4184; x_wconf 89' lang='lat'><strong>.</strong></span> 
     </span>
    </p>
   </div>
   <div class='ocr_carea' id='block_1_6' title="bbox 329 4187 1389 4342">
    <p class='ocr_par' dir='ltr' id='par_1_12' title="bbox 329 4187 1389 4339">
     <span class='ocr_line' id='line_1_49' title="bbox 382 4187 1389 4281; baseline 0.007 -20"><span class='ocrx_word' id='word_1_241' title='bbox 382 4216 434 4261; x_wconf 83' lang='lat'>9</span> <span class='ocrx_word' id='word_1_242' title='bbox 445 4210 670 4275; x_wconf 69' lang='lat' dir='ltr'><strong>sponde,</strong></span> <span class='ocrx_word' id='word_1_243' title='bbox 680 4212 808 4276; x_wconf 58' lang='grc' dir='ltr'><strong>ξω]</strong></span> <span class='ocrx_word' id='word_1_244' title='bbox 855 4187 1008 4265; x_wconf 82' lang='lat' dir='ltr'><strong>Qua</strong></span> <span class='ocrx_word' id='word_1_245' title='bbox 1021 4214 1228 4266; x_wconf 83' lang='lat' dir='ltr'><strong>dixerat</strong></span> <span class='ocrx_word' id='word_1_246' title='bbox 1257 4231 1389 4281; x_wconf 88' lang='lat' dir='ltr'><strong>puer</strong></span> 
     </span>
     <span class='ocr_line' id='line_1_50' title="bbox 329 4289 814 4342; baseline -0.004 -4"><span class='ocrx_word' id='word_1_247' title='bbox 329 4302 389 4339; x_wconf 86' lang='lat' dir='ltr'><strong>se</strong></span> <span class='ocrx_word' id='word_1_248' title='bbox 412 4289 814 4342; x_wconf 78' lang='lat' dir='ltr'><strong>cubiturum..</strong></span> 
     </span>
    </p>
   </div>
   <div class='ocr_carea' id='block_1_7' title="bbox 390 4328 1393 4434">
    <p class='ocr_par' dir='ltr' id='par_1_13' title="bbox 390 4328 1393 4434">
     <span class='ocr_line' id='line_1_51' title="bbox 390 4328 1393 4434; baseline 0.002 -16"><span class='ocrx_word' id='word_1_249' title='bbox 390 4369 454 4418; x_wconf 88' lang='grc'><strong>10</strong></span> <span class='ocrx_word' id='word_1_250' title='bbox 482 4366 665 4419; x_wconf 69' lang='lat' dir='ltr'><strong>Platea</strong></span> <span class='ocrx_word' id='word_1_251' title='bbox 678 4365 894 4434; x_wconf 70' lang='lat' dir='ltr'><strong>uindice,</strong></span> <span class='ocrx_word' id='word_1_252' title='bbox 911 4368 991 4431; x_wconf 61' lang='grc' dir='ltr'><strong>ξε</strong></span> <span class='ocrx_word' id='word_1_253' title='bbox 996 4366 1019 4431; x_wconf 85' lang='grc'><strong>1</strong></span> <span class='ocrx_word' id='word_1_254' title='bbox 1053 4366 1147 4420; x_wconf 91' lang='lat' dir='ltr'><strong>Ab</strong></span> <span class='ocrx_word' id='word_1_255' title='bbox 1159 4382 1222 4419; x_wconf 86' lang='lat' dir='ltr'><strong>ea</strong></span> <span class='ocrx_word' id='word_1_256' title='bbox 1241 4328 1393 4433; x_wconf 79' lang='lat' dir='ltr'><strong>parte</strong></span> 
     </span>
    </p>
   </div>
   <div class='ocr_carea' id='block_1_8' title="bbox 2324 422 2498 504">
    <p class='ocr_par' dir='ltr' id='par_1_14' title="bbox 2324 422 2498 504">
     <span class='ocr_line' id='line_1_52' title="bbox 2324 422 2498 504; baseline 0.023 -4"><span class='ocrx_word' id='word_1_257' title='bbox 2324 422 2498 504; x_wconf 75' lang='lat'>1189</span> 
     </span>
    </p>
   </div>
   <div class='ocr_carea' id='block_1_9' title="bbox 1433 587 2545 1808">
    <p class='ocr_par' dir='ltr' id='par_1_15' title="bbox 1433 587 2545 1808">
     <span class='ocr_line' id='line_1_53' title="bbox 1433 587 2504 662; baseline 0.01 -25"><span class='ocrx_word' id='word_1_258' title='bbox 1433 587 1561 638; x_wconf 88' lang='lat' dir='ltr'><strong>lecti</strong></span> <span class='ocrx_word' id='word_1_259' title='bbox 1581 603 1683 655; x_wconf 86' lang='lat' dir='ltr'><strong>qua</strong></span> <span class='ocrx_word' id='word_1_260' title='bbox 1703 590 2069 656; x_wconf 76' lang='lat' dir='ltr'><strong>erat&#39;plnteus·</strong></span> <span class='ocrx_word' id='word_1_261' title='bbox 2129 592 2349 646; x_wconf 81' lang='lat' dir='ltr'><strong>Pluteus</strong></span> <span class='ocrx_word' id='word_1_262' title='bbox 2364 597 2504 662; x_wconf 52' lang='lat' dir='ltr'><strong>quid*</strong></span> 
     </span>
     <span class='ocr_line' id='line_1_54' title="bbox 1435 665 2510 738; baseline 0.01 -25"><span class='ocrx_word' id='word_1_263' title='bbox 1435 665 1507 717; x_wconf 89' lang='lat' dir='ltr'><strong>sit</strong></span> <span class='ocrx_word' id='word_1_264' title='bbox 1540 681 1605 714; x_wconf 83' lang='lat' dir='ltr'><strong>ex</strong></span> <span class='ocrx_word' id='word_1_265' title='bbox 1638 666 1890 721; x_wconf 87' lang='lat' dir='ltr'><strong>Salmasio</strong></span> <span class='ocrx_word' id='word_1_266' title='bbox 1924 669 2199 720; x_wconf 77' lang='lat' dir='ltr'><strong>discimus:</strong></span> <span class='ocrx_word' id='word_1_267' title='bbox 2238 672 2326 737; x_wconf 88' lang='lat' dir='ltr'><strong>qui</strong></span> <span class='ocrx_word' id='word_1_268' title='bbox 2347 673 2510 738; x_wconf 86' lang='lat' dir='ltr'><strong>dicit,-</strong></span> 
     </span>
     <span class='ocr_line' id='line_1_55' title="bbox 1435 742 2493 812; baseline 0.009 -23"><span class='ocrx_word' id='word_1_269' title='bbox 1435 742 1572 806; x_wconf 89' lang='lat' dir='ltr'><strong>quod</strong></span> <span class='ocrx_word' id='word_1_270' title='bbox 1591 743 1679 792; x_wconf 89' lang='lat' dir='ltr'><strong>illa</strong></span> <span class='ocrx_word' id='word_1_271' title='bbox 1702 752 1850 808; x_wconf 87' lang='lat' dir='ltr'><strong>parte</strong></span> <span class='ocrx_word' id='word_1_272' title='bbox 1872 746 1994 795; x_wconf 83' lang='lat' dir='ltr'><strong>lecti</strong></span> <span class='ocrx_word' id='word_1_273' title='bbox 2016 746 2102 796; x_wconf 91' lang='lat' dir='ltr'><strong>cui</strong></span> <span class='ocrx_word' id='word_1_274' title='bbox 2124 756 2284 812; x_wconf 89' lang='lat' dir='ltr'><strong>caput</strong></span> <span class='ocrx_word' id='word_1_275' title='bbox 2299 748 2493 800; x_wconf 86' lang='lat' dir='ltr'><strong>incum-</strong></span> 
     </span>
     <span class='ocr_line' id='line_1_56' title="bbox 1435 817 2498 890; baseline 0.008 -23"><span class='ocrx_word' id='word_1_276' title='bbox 1435 817 1615 883; x_wconf 85' lang='lat' dir='ltr'><strong>bebat,</strong></span> <span class='ocrx_word' id='word_1_277' title='bbox 1657 827 1731 870; x_wconf 93' lang='lat' dir='ltr'><strong>et·</strong></span> <span class='ocrx_word' id='word_1_278' title='bbox 1756 834 1857 886; x_wconf 89' lang='lat' dir='ltr'><strong>qua</strong></span> <span class='ocrx_word' id='word_1_279' title='bbox 1898 822 2137 886; x_wconf 87' lang='lat' dir='ltr'><strong>pulvinus</strong></span> <span class='ocrx_word' id='word_1_280' title='bbox 2182 823 2498 890; x_wconf 88' lang='lat' dir='ltr'><strong>ponebatur,</strong></span> 
     </span>
     <span class='ocr_line' id='line_1_57' title="bbox 1435 897 2500 962; baseline 0.008 -18"><span class='ocrx_word' id='word_1_281' title='bbox 1435 897 1745 948; x_wconf 87' lang='lat' dir='ltr'><strong>eminentem</strong></span> <span class='ocrx_word' id='word_1_282' title='bbox 1758 900 1987 962; x_wconf 87' lang='lat' dir='ltr'><strong>pluteum</strong></span> <span class='ocrx_word' id='word_1_283' title='bbox 2004 914 2069 949; x_wconf 83' lang='lat' dir='ltr'><strong>ex</strong></span> <span class='ocrx_word' id='word_1_284' title='bbox 2087 901 2343 951; x_wconf 74' lang='lat' dir='ltr'><strong>asseribus</strong></span> <span class='ocrx_word' id='word_1_285' title='bbox 2360 916 2500 955; x_wconf 90' lang='lat' dir='ltr'><strong>com-</strong></span> 
     </span>
     <span class='ocr_line' id='line_1_58' title="bbox 1435 976 2499 1047; baseline 0.009 -25"><span class='ocrx_word' id='word_1_286' title='bbox 1435 980 1666 1047; x_wconf 73' lang='lat' dir='ltr'><strong>pactum,</strong></span> <span class='ocrx_word' id='word_1_287' title='bbox 1687 976 1816 1038; x_wconf 88' lang='lat' dir='ltr'><strong>erigi</strong></span> <span class='ocrx_word' id='word_1_288' title='bbox 1835 978 2060 1040; x_wconf 88' lang='lat' dir='ltr'><strong>solitum,</strong></span> <span class='ocrx_word' id='word_1_289' title='bbox 2089 977 2226 1044; x_wconf 87' lang='lat' dir='ltr'><strong>quod</strong></span> <span class='ocrx_word' id='word_1_290' title='bbox 2249 977 2499 1032; x_wconf 67' lang='grc' dir='ltr'><strong>ἆνάκλιτων</strong></span> 
     </span>
     <span class='ocr_line' id='line_1_59' title="bbox 1435 1050 2496 1117; baseline 0.009 -20"><span class='ocrx_word' id='word_1_291' title='bbox 1435 1056 1490 1099; x_wconf 92' lang='lat' dir='ltr'><strong>et</strong></span> <span class='ocrx_word' id='word_1_292' title='bbox 1514 1050 1863 1117; x_wconf 76' lang='grc' dir='ltr'><strong>ἀνακλινιήριον</strong></span> <span class='ocrx_word' id='word_1_293' title='bbox 1900 1054 2172 1106; x_wconf 87' lang='lat' dir='ltr'><strong>vocabant.</strong></span> <span class='ocrx_word' id='word_1_294' title='bbox 2241 1055 2316 1108; x_wconf 88' lang='lat' dir='ltr'><strong>Hi</strong></span> <span class='ocrx_word' id='word_1_295' title='bbox 2336 1057 2496 1107; x_wconf 87' lang='lat' dir='ltr'><strong>etiam</strong></span> 
     </span>
     <span class='ocr_line' id='line_1_60' title="bbox 1435 1126 2498 1197; baseline 0.01 -24"><span class='ocrx_word' id='word_1_296' title='bbox 1435 1126 1601 1189; x_wconf 87' lang='lat' dir='ltr'><strong>plutei</strong></span> <span class='ocrx_word' id='word_1_297' title='bbox 1641 1129 1695 1176; x_wconf 89' lang='lat' dir='ltr'><strong>in</strong></span> <span class='ocrx_word' id='word_1_298' title='bbox 1733 1128 1994 1180; x_wconf 82' lang='lat' dir='ltr'><strong>hodiernis</strong></span> <span class='ocrx_word' id='word_1_299' title='bbox 2033 1131 2181 1181; x_wconf 86' lang='lat' dir='ltr'><strong>lectis</strong></span> <span class='ocrx_word' id='word_1_300' title='bbox 2216 1132 2283 1181; x_wconf 86' lang='lat' dir='ltr'><strong>ad</strong></span> <span class='ocrx_word' id='word_1_301' title='bbox 2336 1138 2498 1197; x_wconf 83' lang='lat' dir='ltr'><strong>caput</strong></span> 
     </span>
     <span class='ocr_line' id='line_1_61' title="bbox 1434 1200 2545 1260; baseline 0.011 -11"><span class='ocrx_word' id='word_1_302' title='bbox 1434 1200 1549 1252; x_wconf 85' lang='lat' dir='ltr'><strong>fieri</strong></span> <span class='ocrx_word' id='word_1_303' title='bbox 1590 1205 1775 1257; x_wconf 87' lang='lat' dir='ltr'><strong>solent.</strong></span> <span class='ocrx_word' id='word_1_304' title='bbox 1842 1207 2123 1257; x_wconf 80' lang='lat' dir='ltr'><strong>Cathedrae.</strong></span> <span class='ocrx_word' id='word_1_305' title='bbox 2166 1208 2404 1260; x_wconf 88' lang='lat' dir='ltr'><strong>similiter</strong></span> <span class='ocrx_word' id='word_1_306' title='bbox 2438 1214 2510 1260; x_wconf 86' lang='lat' dir='ltr'><strong>et·</strong></span> <span class='ocrx_word' id='word_1_307' title='bbox 2542 1229 2545 1232; x_wconf 48' lang='lat'><strong>⁴</strong></span> 
     </span>
     <span class='ocr_line' id='line_1_62' title="bbox 1434 1278 2500 1349; baseline 0.007 -22"><span class='ocrx_word' id='word_1_308' title='bbox 1434 1278 1635 1346; x_wconf 89' lang='lat' dir='ltr'><strong>sedilia,</strong></span> <span class='ocrx_word' id='word_1_309' title='bbox 1686 1283 1872 1347; x_wconf 86' lang='lat' dir='ltr'><strong>quibus</strong></span> <span class='ocrx_word' id='word_1_310' title='bbox 1929 1283 2189 1335; x_wconf 87' lang='lat' dir='ltr'><strong>adduntur</strong></span> <span class='ocrx_word' id='word_1_311' title='bbox 2244 1284 2500 1349; x_wconf 84' lang='lat' dir='ltr'><strong>ejusmodi</strong></span> 
     </span>
     <span class='ocr_line' id='line_1_63' title="bbox 1437 1357 2497 1418; baseline 0.008 -14"><span class='ocrx_word' id='word_1_312' title='bbox 1437 1357 1606 1418; x_wconf 88' lang='lat' dir='ltr'><strong>plutei</strong></span> <span class='ocrx_word' id='word_1_313' title='bbox 1667 1360 1965 1412; x_wconf 88' lang='lat' dir='ltr'><strong>reclinando</strong></span> <span class='ocrx_word' id='word_1_314' title='bbox 2015 1358 2245 1412; x_wconf 77' lang='grc' dir='ltr'><strong>ἀνάκλιτα</strong></span> <span class='ocrx_word' id='word_1_315' title='bbox 2293 1362 2497 1413; x_wconf 64' lang='lat' dir='ltr'><strong>Grecis</strong></span> 
     </span>
     <span class='ocr_line' id='line_1_64' title="bbox 1437 1432 2499 1503; baseline 0.01 -23"><span class='ocrx_word' id='word_1_316' title='bbox 1437 1432 1710 1484; x_wconf 86' lang='lat' dir='ltr'><strong>dicuntur:</strong></span> <span class='ocrx_word' id='word_1_317' title='bbox 1731 1436 1882 1486; x_wconf 84' lang='lat' dir='ltr'><strong>hodie</strong></span> <span class='ocrx_word' id='word_1_318' title='bbox 1898 1439 2133 1490; x_wconf 80' lang='lat' dir='ltr'><strong>dossualiu</strong></span> <span class='ocrx_word' id='word_1_319' title='bbox 2147 1440 2499 1503; x_wconf 80' lang='lat' dir='ltr'><strong>veldossnart‘a,</strong></span> 
     </span>
     <span class='ocr_line' id='line_1_65' title="bbox 1438 1509 2508 1580; baseline 0.01 -23"><span class='ocrx_word' id='word_1_320' title='bbox 1438 1509 1573 1574; x_wconf 91' lang='lat' dir='ltr'><strong>quod</strong></span> <span class='ocrx_word' id='word_1_321' title='bbox 1591 1510 1657 1559; x_wconf 90' lang='lat' dir='ltr'><strong>ad</strong></span> <span class='ocrx_word' id='word_1_322' title='bbox 1680 1527 1742 1563; x_wconf 87' lang='lat' dir='ltr'><strong>ea</strong></span> <span class='ocrx_word' id='word_1_323' title='bbox 1762 1511 1968 1564; x_wconf 90' lang='lat' dir='ltr'><strong>dorsum</strong></span> <span class='ocrx_word' id='word_1_324' title='bbox 1990 1517 2307 1580; x_wconf 86' lang='lat' dir='ltr'><strong>applicemus</strong></span> <span class='ocrx_word' id='word_1_325' title='bbox 2330 1526 2386 1567; x_wconf 89' lang='lat' dir='ltr'><strong>et</strong></span> <span class='ocrx_word' id='word_1_326' title='bbox 2407 1517 2508 1567; x_wconf 82' lang='lat' dir='ltr'><strong>ad··</strong></span> 
     </span>
     <span class='ocr_line' id='line_1_66' title="bbox 1438 1586 2501 1656; baseline 0.008 -21"><span class='ocrx_word' id='word_1_327' title='bbox 1438 1586 1706 1638; x_wconf 88' lang='lat' dir='ltr'><strong>clinemus.</strong></span> <span class='ocrx_word' id='word_1_328' title='bbox 1775 1589 1891 1640; x_wconf 88' lang='lat' dir='ltr'><strong>Duo</strong></span> <span class='ocrx_word' id='word_1_329' title='bbox 1942 1591 2070 1642; x_wconf 87' lang='lat' dir='ltr'><strong>lecti</strong></span> <span class='ocrx_word' id='word_1_330' title='bbox 2120 1601 2274 1644; x_wconf 91' lang='lat' dir='ltr'><strong>erant</strong></span> <span class='ocrx_word' id='word_1_331' title='bbox 2316 1595 2501 1656; x_wconf 83' lang='lat' dir='ltr'><strong>latera,</strong></span> 
     </span>
     <span class='ocr_line' id='line_1_67' title="bbox 1436 1665 2499 1730; baseline 0.01 -19"><span class='ocrx_word' id='word_1_332' title='bbox 1436 1666 1627 1726; x_wconf 80' lang='lat' dir='ltr'><strong>spondae</strong></span> <span class='ocrx_word' id='word_1_333' title='bbox 1648 1665 1872 1730; x_wconf 82' lang='lat' dir='ltr'><strong>Latinis,</strong></span> <span class='ocrx_word' id='word_1_334' title='bbox 1892 1666 2097 1727; x_wconf 73' lang='grc' dir='ltr'><strong>ἐνήλατα</strong></span> <span class='ocrx_word' id='word_1_335' title='bbox 2112 1670 2337 1721; x_wconf 73' lang='lat' dir='ltr'><strong>Groecis.</strong></span> <span class='ocrx_word' id='word_1_336' title='bbox 2386 1671 2499 1721; x_wconf 90' lang='lat' dir='ltr'><strong>Ha-</strong></span> 
     </span>
     <span class='ocr_line' id='line_1_68' title="bbox 1439 1743 2500 1808; baseline 0.008 -20"><span class='ocrx_word' id='word_1_337' title='bbox 1439 1753 1564 1789; x_wconf 85' lang='lat' dir='ltr'><strong>rum</strong></span> <span class='ocrx_word' id='word_1_338' title='bbox 1590 1743 1758 1791; x_wconf 89' lang='lat' dir='ltr'><strong>altera</strong></span> <span class='ocrx_word' id='word_1_339' title='bbox 1790 1743 2037 1808; x_wconf 81' lang='lat' dir='ltr'><strong>interior3</strong></span> <span class='ocrx_word' id='word_1_340' title='bbox 2070 1747 2241 1798; x_wconf 86' lang='lat' dir='ltr'><strong>altera</strong></span> <span class='ocrx_word' id='word_1_341' title='bbox 2272 1746 2500 1798; x_wconf 83' lang='lat' dir='ltr'><strong>exterior</strong></span> 
     </span>
    </p>
   </div>
   <div class='ocr_carea' id='block_1_10' title="bbox 1408 1818 2504 1888">
    <p class='ocr_par' dir='ltr' id='par_1_16' title="bbox 1408 1818 2504 1888">
     <span class='ocr_line' id='line_1_69' title="bbox 1408 1818 2504 1888; baseline 0.006 -21"><span class='ocrx_word' id='word_1_342' title='bbox 1408 1818 1611 1869; x_wconf 85' lang='lat' dir='ltr'><strong>dicta:</strong></span> <span class='ocrx_word' id='word_1_343' title='bbox 1647 1820 1866 1870; x_wconf 88' lang='lat' dir='ltr'><strong>interior</strong></span> <span class='ocrx_word' id='word_1_344' title='bbox 1917 1837 2030 1887; x_wconf 85' lang='lat' dir='ltr'><strong>quae</strong></span> <span class='ocrx_word' id='word_1_345' title='bbox 2075 1824 2288 1888; x_wconf 88' lang='lat' dir='ltr'><strong>propius</strong></span> <span class='ocrx_word' id='word_1_346' title='bbox 2333 1824 2504 1888; x_wconf 85' lang='lat' dir='ltr'><strong>parie·&#39;</strong></span> 
     </span>
    </p>
   </div>
   <div class='ocr_carea' id='block_1_11' title="bbox 1439 1899 2578 3277">
    <p class='ocr_par' dir='ltr' id='par_1_17' title="bbox 1439 1899 2518 3031">
     <span class='ocr_line' id='line_1_70' title="bbox 1441 1899 2503 1963; baseline 0.005 -18"><span class='ocrx_word' id='word_1_347' title='bbox 1441 1900 1699 1960; x_wconf 80' lang='lat' dir='ltr'><strong>temerat,</strong></span> <span class='ocrx_word' id='word_1_348' title='bbox 1720 1904 1776 1946; x_wconf 89' lang='lat' dir='ltr'><strong>et</strong></span> <span class='ocrx_word' id='word_1_349' title='bbox 1792 1912 1854 1947; x_wconf 90' lang='lat' dir='ltr'><strong>ea</strong></span> <span class='ocrx_word' id='word_1_350' title='bbox 1876 1899 2122 1949; x_wconf 88' lang='lat' dir='ltr'><strong>eminenti</strong></span> <span class='ocrx_word' id='word_1_351' title='bbox 2143 1900 2300 1950; x_wconf 88' lang='lat' dir='ltr'><strong>etiam</strong></span> <span class='ocrx_word' id='word_1_352' title='bbox 2321 1899 2503 1963; x_wconf 84' lang='lat' dir='ltr'><strong>pluteo</strong></span> 
     </span>
     <span class='ocr_line' id='line_1_71' title="bbox 1439 1973 2503 2043; baseline 0.007 -22"><span class='ocrx_word' id='word_1_353' title='bbox 1439 1973 1657 2038; x_wconf 88' lang='lat' dir='ltr'><strong>munita,</strong></span> <span class='ocrx_word' id='word_1_354' title='bbox 1693 1973 1786 2024; x_wconf 87' lang='lat' dir='ltr'><strong>sed</strong></span> <span class='ocrx_word' id='word_1_355' title='bbox 1816 1989 1916 2024; x_wconf 91' lang='lat' dir='ltr'><strong>uon</strong></span> <span class='ocrx_word' id='word_1_356' title='bbox 1953 1982 2059 2026; x_wconf 89' lang='lat' dir='ltr'><strong>tam</strong></span> <span class='ocrx_word' id='word_1_357' title='bbox 2097 1977 2204 2027; x_wconf 87' lang='lat' dir='ltr'><strong>alto</strong></span> <span class='ocrx_word' id='word_1_358' title='bbox 2235 1992 2388 2043; x_wconf 89' lang='lat' dir='ltr'><strong>qnam</strong></span> <span class='ocrx_word' id='word_1_359' title='bbox 2412 1978 2503 2030; x_wconf 88' lang='lat' dir='ltr'><strong>ille</strong></span> 
     </span>
     <span class='ocr_line' id='line_1_72' title="bbox 1444 2051 2504 2120; baseline 0.007 -21"><span class='ocrx_word' id='word_1_360' title='bbox 1444 2051 1531 2116; x_wconf 91' lang='lat' dir='ltr'><strong>qui</strong></span> <span class='ocrx_word' id='word_1_361' title='bbox 1578 2052 1642 2100; x_wconf 89' lang='lat' dir='ltr'><strong>ad</strong></span> <span class='ocrx_word' id='word_1_362' title='bbox 1690 2052 1818 2102; x_wconf 88' lang='lat' dir='ltr'><strong>lecti</strong></span> <span class='ocrx_word' id='word_1_363' title='bbox 1862 2061 2037 2116; x_wconf 89' lang='lat' dir='ltr'><strong>caput.</strong></span> <span class='ocrx_word' id='word_1_364' title='bbox 2122 2054 2265 2105; x_wconf 88' lang='lat' dir='ltr'><strong>Hinc</strong></span> <span class='ocrx_word' id='word_1_365' title='bbox 2314 2056 2504 2120; x_wconf 69' lang='lat' dir='ltr'><strong>pluteus</strong></span> 
     </span>
     <span class='ocr_line' id='line_1_73' title="bbox 1443 2129 2503 2196; baseline 0.007 -20"><span class='ocrx_word' id='word_1_366' title='bbox 1443 2129 1657 2192; x_wconf 88' lang='lat' dir='ltr'><strong>proprie</strong></span> <span class='ocrx_word' id='word_1_367' title='bbox 1679 2129 1953 2180; x_wconf 88' lang='lat' dir='ltr'><strong>dicebatur</strong></span> <span class='ocrx_word' id='word_1_368' title='bbox 1975 2131 2064 2180; x_wconf 91' lang='lat' dir='ltr'><strong>illa</strong></span> <span class='ocrx_word' id='word_1_369' title='bbox 2096 2129 2315 2181; x_wconf 89' lang='lat' dir='ltr'><strong>interior</strong></span> <span class='ocrx_word' id='word_1_370' title='bbox 2346 2147 2503 2196; x_wconf 88' lang='lat' dir='ltr'><strong>spou-</strong></span> 
     </span>
     <span class='ocr_line' id='line_1_74' title="bbox 1445 2204 2503 2273; baseline 0.006 -20"><span class='ocrx_word' id='word_1_371' title='bbox 1445 2204 1531 2255; x_wconf 87' lang='lat' dir='ltr'><strong>da.</strong></span> <span class='ocrx_word' id='word_1_372' title='bbox 1576 2205 1837 2256; x_wconf 82' lang='lat' dir='ltr'><strong>Isidorus:</strong></span> <span class='ocrx_word' id='word_1_373' title='bbox 1870 2207 1888 2236; x_wconf 83' lang='lat'>‘</span> <span class='ocrx_word' id='word_1_374' title='bbox 1912 2206 2112 2271; x_wconf 88' lang='lat' dir='ltr'><strong>sponda</strong></span> <span class='ocrx_word' id='word_1_375' title='bbox 2127 2209 2361 2258; x_wconf 81' lang='lat' dir='ltr'><strong>exterior</strong></span> <span class='ocrx_word' id='word_1_376' title='bbox 2383 2224 2503 2273; x_wconf 87' lang='lat' dir='ltr'><strong>pars</strong></span> 
     </span>
     <span class='ocr_line' id='line_1_75' title="bbox 1446 2282 2510 2346; baseline 0.004 -15"><span class='ocrx_word' id='word_1_377' title='bbox 1446 2282 1593 2344; x_wconf 90' lang='lat' dir='ltr'><strong>lecti,</strong></span> <span class='ocrx_word' id='word_1_378' title='bbox 1630 2283 1838 2346; x_wconf 84' lang='lat' dir='ltr'><strong>pluteus</strong></span> <span class='ocrx_word' id='word_1_379' title='bbox 1882 2291 2055 2334; x_wconf 90' lang='lat' dir='ltr'><strong>autem</strong></span> <span class='ocrx_word' id='word_1_380' title='bbox 2080 2283 2342 2337; x_wconf 66' lang='lat' dir='ltr'><strong>interior!</strong></span> <span class='ocrx_word' id='word_1_381' title='bbox 2371 2318 2374 2323; x_wconf 90' lang='lat'><em>-</em></span> <span class='ocrx_word' id='word_1_382' title='bbox 2410 2287 2510 2341; x_wconf 72' lang='lat' dir='ltr'><strong>sie·</strong></span> 
     </span>
     <span class='ocr_line' id='line_1_76' title="bbox 1446 2360 2506 2415; baseline 0.005 -6"><span class='ocrx_word' id='word_1_383' title='bbox 1446 2360 1583 2410; x_wconf 88' lang='lat' dir='ltr'><strong>enim</strong></span> <span class='ocrx_word' id='word_1_384' title='bbox 1617 2361 1781 2411; x_wconf 89' lang='lat' dir='ltr'><strong>lectos</strong></span> <span class='ocrx_word' id='word_1_385' title='bbox 1816 2361 1869 2411; x_wconf 92' lang='lat' dir='ltr'><strong>in</strong></span> <span class='ocrx_word' id='word_1_386' title='bbox 1906 2362 2144 2412; x_wconf 87' lang='lat' dir='ltr'><strong>cubiculo</strong></span> <span class='ocrx_word' id='word_1_387' title='bbox 2177 2364 2506 2415; x_wconf 85' lang='lat' dir='ltr'><strong>collocabant</strong></span> 
     </span>
     <span class='ocr_line' id='line_1_77' title="bbox 1447 2438 2505 2504; baseline 0.002 -15"><span class='ocrx_word' id='word_1_388' title='bbox 1447 2446 1670 2502; x_wconf 84' lang='lat' dir='ltr'><strong>veteres,</strong></span> <span class='ocrx_word' id='word_1_389' title='bbox 1703 2445 1763 2489; x_wconf 90' lang='lat' dir='ltr'><strong>ut</strong></span> <span class='ocrx_word' id='word_1_390' title='bbox 1796 2438 1987 2504; x_wconf 84' lang='lat' dir='ltr'><strong>parieti</strong></span> <span class='ocrx_word' id='word_1_391' title='bbox 2024 2439 2236 2504; x_wconf 89' lang='lat' dir='ltr'><strong>propius</strong></span> <span class='ocrx_word' id='word_1_392' title='bbox 2263 2440 2505 2491; x_wconf 85' lang='lat' dir='ltr'><strong>admove-</strong></span> 
     </span>
     <span class='ocr_line' id='line_1_78' title="bbox 1445 2516 2507 2580; baseline 0.002 -14"><span class='ocrx_word' id='word_1_393' title='bbox 1445 2524 1646 2580; x_wconf 89' lang='lat' dir='ltr'><strong>rentur,</strong></span> <span class='ocrx_word' id='word_1_394' title='bbox 1668 2525 1727 2566; x_wconf 88' lang='lat' dir='ltr'><strong>nt</strong></span> <span class='ocrx_word' id='word_1_395' title='bbox 1748 2524 1807 2566; x_wconf 87' lang='lat' dir='ltr'><strong>et</strong></span> <span class='ocrx_word' id='word_1_396' title='bbox 1825 2517 1978 2566; x_wconf 88' lang='lat' dir='ltr'><strong>bodie</strong></span> <span class='ocrx_word' id='word_1_397' title='bbox 1991 2536 2006 2579; x_wconf 70' lang='grc' dir='ltr'><strong><em>ς</em></strong></span> <span class='ocrx_word' id='word_1_398' title='bbox 2040 2516 2107 2566; x_wconf 88' lang='lat' dir='ltr'><strong>ad</strong></span> <span class='ocrx_word' id='word_1_399' title='bbox 2144 2518 2377 2580; x_wconf 86' lang='lat' dir='ltr'><strong>pluteum</strong></span> <span class='ocrx_word' id='word_1_400' title='bbox 2397 2532 2507 2569; x_wconf 88' lang='lat' dir='ltr'><strong>mu·</strong></span> 
     </span>
     <span class='ocr_line' id='line_1_79' title="bbox 1445 2594 2518 2659; baseline 0 -14"><span class='ocrx_word' id='word_1_401' title='bbox 1445 2596 1601 2645; x_wconf 89' lang='lat' dir='ltr'><strong>lieres</strong></span> <span class='ocrx_word' id='word_1_402' title='bbox 1623 2594 1902 2659; x_wconf 89' lang='lat' dir='ltr'><strong>cubabant,</strong></span> <span class='ocrx_word' id='word_1_403' title='bbox 1927 2594 2032 2650; x_wconf 8' lang='lat' dir='ltr'><strong>,viri</strong></span> <span class='ocrx_word' id='word_1_404' title='bbox 2054 2600 2226 2643; x_wconf 89' lang='lat' dir='ltr'><strong>autem</strong></span> <span class='ocrx_word' id='word_1_405' title='bbox 2257 2594 2311 2642; x_wconf 86' lang='lat' dir='ltr'><strong>in</strong></span> <span class='ocrx_word' id='word_1_406' title='bbox 2328 2594 2518 2659; x_wconf 72' lang='lat' dir='ltr'><strong>priore&#39;</strong></span> 
     </span>
     <span class='ocr_line' id='line_1_80' title="bbox 1447 2670 2518 2736; baseline 0 -15"><span class='ocrx_word' id='word_1_407' title='bbox 1447 2672 1667 2736; x_wconf 88' lang='lat' dir='ltr'><strong>sponda,</strong></span> <span class='ocrx_word' id='word_1_408' title='bbox 1719 2687 1835 2736; x_wconf 83' lang='lat' dir='ltr'><strong>quae</strong></span> <span class='ocrx_word' id='word_1_409' title='bbox 1891 2678 1947 2721; x_wconf 89' lang='lat' dir='ltr'><strong>et</strong></span> <span class='ocrx_word' id='word_1_410' title='bbox 1991 2670 2242 2734; x_wconf 85' lang='lat' dir='ltr'><strong>exterior,</strong></span> <span class='ocrx_word' id='word_1_411' title='bbox 2287 2684 2518 2735; x_wconf 63' lang='lat' dir='ltr'><strong>quaeque·</strong></span> 
     </span>
     <span class='ocr_line' id='line_1_81' title="bbox 1446 2745 2508 2812; baseline -0.004 -13"><span class='ocrx_word' id='word_1_412' title='bbox 1446 2749 1663 2800; x_wconf 84' lang='lat' dir='ltr'><strong>carebat</strong></span> <span class='ocrx_word' id='word_1_413' title='bbox 1685 2750 1862 2812; x_wconf 90' lang='lat' dir='ltr'><strong>pluteo</strong></span> <span class='ocrx_word' id='word_1_414' title='bbox 1877 2764 1893 2809; x_wconf 91' lang='lat'>;</span> <span class='ocrx_word' id='word_1_415' title='bbox 1918 2748 2065 2812; x_wconf 80' lang='lat' dir='ltr'><strong>pueri</strong></span> <span class='ocrx_word' id='word_1_416' title='bbox 2081 2747 2285 2812; x_wconf 82' lang='lat' dir='ltr'><strong>quoq&#39;ne</strong></span> <span class='ocrx_word' id='word_1_417' title='bbox 2302 2745 2508 2806; x_wconf 79' lang='lat' dir='ltr'><strong>cinaedi‚</strong></span> 
     </span>
     <span class='ocr_line' id='line_1_82' title="bbox 1447 2824 2515 2888; baseline -0.004 -12"><span class='ocrx_word' id='word_1_418' title='bbox 1447 2842 1568 2876; x_wconf 87' lang='lat' dir='ltr'><strong>nam</strong></span> <span class='ocrx_word' id='word_1_419' title='bbox 1596 2835 1653 2876; x_wconf 87' lang='lat' dir='ltr'><strong>et</strong></span> <span class='ocrx_word' id='word_1_420' title='bbox 1676 2826 1727 2875; x_wconf 85' lang='lat' dir='ltr'><strong>hi</strong></span> <span class='ocrx_word' id='word_1_421' title='bbox 1750 2826 2017 2875; x_wconf 87' lang='lat' dir='ltr'><strong>mulierum</strong></span> <span class='ocrx_word' id='word_1_422' title='bbox 2038 2826 2173 2888; x_wconf 87' lang='lat' dir='ltr'><strong>loco,</strong></span> <span class='ocrx_word' id='word_1_423' title='bbox 2189 2824 2254 2873; x_wconf 88' lang='lat' dir='ltr'><strong>ad</strong></span> <span class='ocrx_word' id='word_1_424' title='bbox 2276 2824 2515 2888; x_wconf 84' lang='lat' dir='ltr'><strong>pluteum·</strong></span> 
     </span>
     <span class='ocr_line' id='line_1_83' title="bbox 1449 2900 2514 2966; baseline -0.005 -12"><span class='ocrx_word' id='word_1_425' title='bbox 1449 2903 1711 2954; x_wconf 88' lang='lat' dir='ltr'><strong>cubabant</strong></span> <span class='ocrx_word' id='word_1_426' title='bbox 1746 2908 1801 2953; x_wconf 93' lang='lat' dir='ltr'><strong>et</strong></span> <span class='ocrx_word' id='word_1_427' title='bbox 1834 2903 1888 2953; x_wconf 91' lang='lat' dir='ltr'><strong>in</strong></span> <span class='ocrx_word' id='word_1_428' title='bbox 1915 2903 2073 2966; x_wconf 54' lang='lat' dir='ltr'><strong>‘parte</strong></span> <span class='ocrx_word' id='word_1_429' title='bbox 2106 2901 2210 2951; x_wconf 91' lang='lat' dir='ltr'><strong>tori</strong></span> <span class='ocrx_word' id='word_1_430' title='bbox 2237 2900 2514 2951; x_wconf 55' lang='lat' dir='ltr'><strong>interiores</strong></span> 
     </span>
     <span class='ocr_line' id='line_1_84' title="bbox 1451 2982 1659 3031; baseline 0 0"><span class='ocrx_word' id='word_1_431' title='bbox 1451 2982 1659 3031; x_wconf 80' lang='lat' dir='ltr'><strong>Salmas.</strong></span> 
     </span>
    </p>

    <p class='ocr_par' dir='ltr' id='par_1_18' title="bbox 1442 3055 2578 3277">
     <span class='ocr_line' id='line_1_85' title="bbox 1461 3055 2507 3121; baseline -0.004 -14"><span class='ocrx_word' id='word_1_432' title='bbox 1461 3088 1465 3092; x_wconf 78' lang='lat'><strong>.</strong></span> <span class='ocrx_word' id='word_1_433' title='bbox 1519 3062 1580 3107; x_wconf 87' lang='lat' dir='ltr'><strong>ll</strong></span> <span class='ocrx_word' id='word_1_434' title='bbox 1623 3058 1818 3120; x_wconf 72' lang='lat' dir='ltr'><strong>Virgine</strong></span> <span class='ocrx_word' id='word_1_435' title='bbox 1839 3056 2047 3121; x_wconf 65' lang='lat' dir='ltr'><strong>cer-vam]</strong></span> <span class='ocrx_word' id='word_1_436' title='bbox 2093 3055 2383 3121; x_wconf 83' lang='lat' dir='ltr'><strong>Iphigenia,</strong></span> <span class='ocrx_word' id='word_1_437' title='bbox 2401 3061 2507 3104; x_wconf 81' lang='lat' dir='ltr'><strong>&#39;cu-</strong></span> 
     </span>
     <span class='ocr_line' id='line_1_86' title="bbox 1442 3129 2578 3200; baseline -0.005 -15"><span class='ocrx_word' id='word_1_438' title='bbox 1442 3136 1531 3200; x_wconf 88' lang='lat' dir='ltr'><strong>jus</strong></span> <span class='ocrx_word' id='word_1_439' title='bbox 1554 3134 1879 3185; x_wconf 80' lang='lat' dir='ltr'><strong>immolandae</strong></span> <span class='ocrx_word' id='word_1_440' title='bbox 1904 3135 2036 3196; x_wconf 88' lang='lat' dir='ltr'><strong>loco,</strong></span> <span class='ocrx_word' id='word_1_441' title='bbox 2073 3133 2265 3195; x_wconf 85' lang='lat' dir='ltr'><strong>Diana,</strong></span> <span class='ocrx_word' id='word_1_442' title='bbox 2285 3131 2394 3196; x_wconf 85' lang='lat' dir='ltr'><strong>ejus</strong></span> <span class='ocrx_word' id='word_1_443' title='bbox 2417 3129 2509 3180; x_wconf 90' lang='lat' dir='ltr'><strong>mi·</strong></span> <span class='ocrx_word' id='word_1_444' title='bbox 2575 3138 2578 3142; x_wconf 57' lang='lat'><strong>⁴</strong></span> 
     </span>
     <span class='ocr_line' id='line_1_87' title="bbox 1453 3210 2153 3277; baseline -0.009 -14"><span class='ocrx_word' id='word_1_445' title='bbox 1453 3219 1614 3277; x_wconf 84' lang='lat' dir='ltr'><strong>serta,</strong></span> <span class='ocrx_word' id='word_1_446' title='bbox 1635 3226 1841 3263; x_wconf 84' lang='lat' dir='ltr'><strong>cervam</strong></span> <span class='ocrx_word' id='word_1_447' title='bbox 1865 3210 2153 3261; x_wconf 87' lang='lat' dir='ltr'><strong>substituit.</strong></span> 
     </span>
    </p>
   </div>
   <div class='ocr_carea' id='block_1_12' title="bbox 1466 3284 2606 3351">
    <p class='ocr_par' dir='ltr' id='par_1_19' title="bbox 1466 3284 2606 3351">
     <span class='ocr_line' id='line_1_88' title="bbox 1466 3284 2606 3351; baseline -0.004 -12"><span class='ocrx_word' id='word_1_448' title='bbox 1466 3307 1469 3310; x_wconf 55' lang='grc'>“</span> <span class='ocrx_word' id='word_1_449' title='bbox 1521 3294 1581 3338; x_wconf 87' lang='grc'><strong>12</strong></span> <span class='ocrx_word' id='word_1_450' title='bbox 1607 3289 2023 3346; x_wconf 63' lang='lat' dir='ltr'><strong>‘cervo-matula,</strong></span> <span class='ocrx_word' id='word_1_451' title='bbox 2054 3284 2160 3350; x_wconf 59' lang='lat' dir='ltr'><strong>&amp;cd</strong></span> <span class='ocrx_word' id='word_1_452' title='bbox 2205 3285 2516 3351; x_wconf 86' lang='lat' dir='ltr'><strong>Opponatur</strong></span> <span class='ocrx_word' id='word_1_453' title='bbox 2603 3335 2606 3342; x_wconf 61' lang='lat'><strong>,</strong></span> 
     </span>
    </p>
   </div>
   <div class='ocr_carea' id='block_1_13' title="bbox 1450 3361 2517 3431">
    <p class='ocr_par' dir='ltr' id='par_1_20' title="bbox 1450 3361 2517 3431">
     <span class='ocr_line' id='line_1_89' title="bbox 1450 3361 2517 3431; baseline -0.004 -17"><span class='ocrx_word' id='word_1_454' title='bbox 1450 3368 1521 3428; x_wconf 77' lang='grc' dir='ltr'><strong>τῷ·</strong></span> <span class='ocrx_word' id='word_1_455' title='bbox 1551 3365 1876 3431; x_wconf 80' lang='lat' dir='ltr'><strong>praecedeuti</strong></span> <span class='ocrx_word' id='word_1_456' title='bbox 1906 3378 2104 3414; x_wconf 71' lang='lat' dir='ltr'><strong>omani.</strong></span> <span class='ocrx_word' id='word_1_457' title='bbox 2143 3364 2185 3402; x_wconf 73' lang='lat'><strong>1‘</strong></span> <span class='ocrx_word' id='word_1_458' title='bbox 2207 3361 2390 3413; x_wconf 82' lang='lat' dir='ltr'><strong>Cervi&#39;</strong></span> <span class='ocrx_word' id='word_1_459' title='bbox 2427 3376 2517 3411; x_wconf 90' lang='lat' dir='ltr'><strong>au·</strong></span> 
     </span>
    </p>
   </div>
   <div class='ocr_carea' id='block_1_14' title="bbox 1453 3438 2600 4049">
    <p class='ocr_par' dir='ltr' id='par_1_21' title="bbox 1453 3438 2594 3728">
     <span class='ocr_line' id='line_1_90' title="bbox 1453 3438 2519 3507; baseline -0.007 -12"><span class='ocrx_word' id='word_1_460' title='bbox 1453 3451 1562 3495; x_wconf 88' lang='lat' dir='ltr'><strong>tem</strong></span> <span class='ocrx_word' id='word_1_461' title='bbox 1602 3444 1732 3494; x_wconf 88' lang='lat' dir='ltr'><strong>dicti</strong></span> <span class='ocrx_word' id='word_1_462' title='bbox 1768 3444 1907 3493; x_wconf 85' lang='lat' dir='ltr'><strong>servi</strong></span> <span class='ocrx_word' id='word_1_463' title='bbox 1943 3456 2164 3507; x_wconf 87' lang='lat' dir='ltr'><strong>nequam</strong></span> <span class='ocrx_word' id='word_1_464' title='bbox 2198 3448 2255 3490; x_wconf 91' lang='lat' dir='ltr'><strong>et</strong></span> <span class='ocrx_word' id='word_1_465' title='bbox 2291 3438 2519 3503; x_wconf 79' lang='lat' dir='ltr'><strong>fugitivi,</strong></span> 
     </span>
     <span class='ocr_line' id='line_1_91' title="bbox 1453 3516 2517 3587; baseline -0.004 -16"><span class='ocrx_word' id='word_1_466' title='bbox 1453 3521 1622 3587; x_wconf 84' lang='lat' dir='ltr'><strong>qualis</strong></span> <span class='ocrx_word' id='word_1_467' title='bbox 1654 3520 1763 3571; x_wconf 84' lang='lat' dir='ltr'><strong>fuit</strong></span> <span class='ocrx_word' id='word_1_468' title='bbox 1794 3519 2160 3570; x_wconf 81' lang='lat' dir='ltr'><strong>hicAchillas.</strong></span> <span class='ocrx_word' id='word_1_469' title='bbox 2222 3516 2359 3566; x_wconf 88' lang='lat' dir='ltr'><strong>Vide</strong></span> <span class='ocrx_word' id='word_1_470' title='bbox 2395 3516 2517 3567; x_wconf 83' lang='lat' dir='ltr'><strong>Pet.</strong></span> 
     </span>
     <span class='ocr_line' id='line_1_92' title="bbox 1455 3590 2594 3655; baseline -0.007 -6"><span class='ocrx_word' id='word_1_471' title='bbox 1455 3598 1709 3650; x_wconf 88' lang='lat' dir='ltr'><strong>Crinitum</strong></span> <span class='ocrx_word' id='word_1_472' title='bbox 1733 3598 1769 3646; x_wconf 87' lang='lat' dir='ltr'><strong>l.</strong></span> <span class='ocrx_word' id='word_1_473' title='bbox 1795 3600 1874 3647; x_wconf 88' lang='grc'><strong>19.</strong></span> <span class='ocrx_word' id='word_1_474' title='bbox 1906 3593 2206 3645; x_wconf 56' lang='lat' dir='ltr'><strong>sie-‘honest</strong></span> <span class='ocrx_word' id='word_1_475' title='bbox 2235 3590 2443 3655; x_wconf 86' lang='lat' dir='ltr'><strong>discipl.</strong></span> <span class='ocrx_word' id='word_1_476' title='bbox 2468 3606 2518 3641; x_wconf 57' lang='lat' dir='ltr'><strong>cs</strong></span> <span class='ocrx_word' id='word_1_477' title='bbox 2589 3603 2594 3611; x_wconf 86' lang='lat'><strong>·</strong></span> 
     </span>
     <span class='ocr_line' id='line_1_93' title="bbox 1454 3674 2299 3728; baseline -0.011 0"><span class='ocrx_word' id='word_1_478' title='bbox 1454 3681 1504 3728; x_wconf 88' lang='grc'><strong>8.</strong></span> <span class='ocrx_word' id='word_1_479' title='bbox 1524 3685 1580 3726; x_wconf 89' lang='lat' dir='ltr'><strong>et</strong></span> <span class='ocrx_word' id='word_1_480' title='bbox 1603 3676 1736 3726; x_wconf 89' lang='lat' dir='ltr'><strong>Lud.</strong></span> <span class='ocrx_word' id='word_1_481' title='bbox 1751 3676 1976 3725; x_wconf 80' lang='lat' dir='ltr'><strong>Coelium</strong></span> <span class='ocrx_word' id='word_1_482' title='bbox 2000 3674 2133 3723; x_wconf 75' lang='grc'><strong>1.]8.</strong></span> <span class='ocrx_word' id='word_1_483' title='bbox 2157 3687 2203 3722; x_wconf 91' lang='lat' dir='ltr'><strong>c.</strong></span> <span class='ocrx_word' id='word_1_484' title='bbox 2220 3675 2299 3720; x_wconf 87' lang='grc'><strong>15.</strong></span> 
     </span>
    </p>

    <p class='ocr_par' dir='ltr' id='par_1_22' title="bbox 1455 3746 2600 4049">
     <span class='ocr_line' id='line_1_94' title="bbox 1455 3746 2518 3807; baseline -0.011 -2"><span class='ocrx_word' id='word_1_485' title='bbox 1455 3769 1461 3780; x_wconf 78' lang='grc'>’</span> <span class='ocrx_word' id='word_1_486' title='bbox 1521 3756 1685 3804; x_wconf 70' lang='lat' dir='ltr'><strong>Erro.</strong></span> <span class='ocrx_word' id='word_1_487' title='bbox 1717 3757 1878 3801; x_wconf 84' lang='lat' dir='ltr'><strong>xcm.</strong></span> <span class='ocrx_word' id='word_1_488' title='bbox 1937 3755 1963 3800; x_wconf 89' lang='lat' dir='ltr'><strong>l</strong></span> <span class='ocrx_word' id='word_1_489' title='bbox 2011 3750 2131 3799; x_wconf 70' lang='lat' dir='ltr'><strong>Cum</strong></span> <span class='ocrx_word' id='word_1_490' title='bbox 2171 3748 2260 3797; x_wconf 79' lang='lat' dir='ltr'><strong>tibi</strong></span> <span class='ocrx_word' id='word_1_491' title='bbox 2302 3746 2518 3807; x_wconf 78' lang='lat' dir='ltr'><strong>trecenti,</strong></span> 
     </span>
     <span class='ocr_line' id='line_1_95' title="bbox 1455 3822 2600 3895; baseline -0.012 -13"><span class='ocrx_word' id='word_1_492' title='bbox 1455 3831 1564 3895; x_wconf 56' lang='grc' dir='ltr'><strong>ξω]</strong></span> <span class='ocrx_word' id='word_1_493' title='bbox 1631 3832 1730 3880; x_wconf 86' lang='lat' dir='ltr'><strong>Est</strong></span> <span class='ocrx_word' id='word_1_494' title='bbox 1772 3827 2037 3878; x_wconf 83' lang='lat' dir='ltr'><strong>invectiva</strong></span> <span class='ocrx_word' id='word_1_495' title='bbox 2091 3826 2143 3874; x_wconf 90' lang='lat' dir='ltr'><strong>in</strong></span> <span class='ocrx_word' id='word_1_496' title='bbox 2190 3822 2526 3882; x_wconf 64' lang='lat' dir='ltr'><strong>Vetustillamj</strong></span> <span class='ocrx_word' id='word_1_497' title='bbox 2593 3833 2600 3840; x_wconf 66' lang='grc'><strong>’</strong></span> 
     </span>
     <span class='ocr_line' id='line_1_96' title="bbox 1457 3898 2526 3973; baseline -0.011 -15"><span class='ocrx_word' id='word_1_498' title='bbox 1457 3906 1735 3973; x_wconf 86' lang='lat' dir='ltr'><strong>quandam,</strong></span> <span class='ocrx_word' id='word_1_499' title='bbox 1755 3920 1865 3965; x_wconf 86' lang='lat' dir='ltr'><strong>seu,</strong></span> <span class='ocrx_word' id='word_1_500' title='bbox 1888 3911 1945 3954; x_wconf 93' lang='lat' dir='ltr'><strong>ut</strong></span> <span class='ocrx_word' id='word_1_501' title='bbox 1968 3903 2054 3952; x_wconf 87' lang='lat' dir='ltr'><strong>alii</strong></span> <span class='ocrx_word' id='word_1_502' title='bbox 2072 3904 2271 3965; x_wconf 84' lang='lat' dir='ltr'><strong>legunt,</strong></span> <span class='ocrx_word' id='word_1_503' title='bbox 2291 3898 2526 3949; x_wconf 86' lang='lat' dir='ltr'><strong>Vetusti-</strong></span> 
     </span>
     <span class='ocr_line' id='line_1_97' title="bbox 1457 3976 2522 4049; baseline -0.01 -14"><span class='ocrx_word' id='word_1_504' title='bbox 1457 3995 1597 4049; x_wconf 89' lang='lat' dir='ltr'><strong>nam,</strong></span> <span class='ocrx_word' id='word_1_505' title='bbox 1618 3986 1763 4049; x_wconf 87' lang='lat' dir='ltr'><strong>cujus</strong></span> <span class='ocrx_word' id='word_1_506' title='bbox 1785 3997 1969 4033; x_wconf 90' lang='lat' dir='ltr'><strong>nomen</strong></span> <span class='ocrx_word' id='word_1_507' title='bbox 2009 3993 2050 4030; x_wconf 70' lang='lat' dir='ltr'><strong>a‘</strong></span> <span class='ocrx_word' id='word_1_508' title='bbox 2074 3984 2340 4030; x_wconf 83' lang='lat' dir='ltr'><strong>vetustate</strong></span> <span class='ocrx_word' id='word_1_509' title='bbox 2362 3976 2522 4026; x_wconf 90' lang='lat' dir='ltr'><strong>dedu-</strong></span> 
     </span>
    </p>
   </div>
   <div class='ocr_carea' id='block_1_15' title="bbox 1424 4052 2606 4125">
    <p class='ocr_par' dir='ltr' id='par_1_23' title="bbox 1424 4052 2606 4125">
     <span class='ocr_line' id='line_1_98' title="bbox 1424 4052 2606 4125; baseline -0.012 -12"><span class='ocrx_word' id='word_1_510' title='bbox 1424 4055 1429 4060; x_wconf 68' lang='grc'><strong>’</strong></span> <span class='ocrx_word' id='word_1_511' title='bbox 1459 4062 1554 4125; x_wconf 88' lang='lat' dir='ltr'><strong>cit,</strong></span> <span class='ocrx_word' id='word_1_512' title='bbox 1588 4073 1703 4125; x_wconf 81' lang='lat' dir='ltr'><strong>quae</strong></span> <span class='ocrx_word' id='word_1_513' title='bbox 1725 4061 1778 4110; x_wconf 92' lang='lat' dir='ltr'><strong>in</strong></span> <span class='ocrx_word' id='word_1_514' title='bbox 1797 4065 2029 4109; x_wconf 84' lang='lat' dir='ltr'><strong>extrema</strong></span> <span class='ocrx_word' id='word_1_515' title='bbox 2066 4060 2338 4107; x_wconf 87' lang='lat' dir='ltr'><strong>senectute</strong></span> <span class='ocrx_word' id='word_1_516' title='bbox 2359 4052 2527 4102; x_wconf 81' lang='lat' dir='ltr'><strong>virum</strong></span> <span class='ocrx_word' id='word_1_517' title='bbox 2599 4065 2606 4070; x_wconf 79' lang='grc'><em>·</em></span> 
     </span>
    </p>
   </div>
   <div class='ocr_carea' id='block_1_16' title="bbox 1461 4132 2531 4341">
    <p class='ocr_par' dir='ltr' id='par_1_24' title="bbox 1461 4132 2531 4341">
     <span class='ocr_line' id='line_1_99' title="bbox 1462 4132 2529 4204; baseline -0.009 -16"><span class='ocrx_word' id='word_1_518' title='bbox 1462 4137 1749 4204; x_wconf 83' lang='lat' dir='ltr'><strong>quaerebat.</strong></span> <span class='ocrx_word' id='word_1_519' title='bbox 1817 4139 2010 4201; x_wconf 88' lang='lat' dir='ltr'><strong>Estque</strong></span> <span class='ocrx_word' id='word_1_520' title='bbox 2030 4140 2195 4185; x_wconf 88' lang='lat' dir='ltr'><strong>totum</strong></span> <span class='ocrx_word' id='word_1_521' title='bbox 2210 4132 2529 4196; x_wconf 83' lang='lat' dir='ltr'><strong>epigramma</strong></span> 
     </span>
     <span class='ocr_line' id='line_1_100' title="bbox 1461 4205 2529 4279; baseline -0.01 -13"><span class='ocrx_word' id='word_1_522' title='bbox 1461 4214 1874 4279; x_wconf 82' lang='lat' dir='ltr'><strong>hyperbolicum,</strong></span> <span class='ocrx_word' id='word_1_523' title='bbox 1898 4221 1955 4263; x_wconf 91' lang='lat' dir='ltr'><strong>ut</strong></span> <span class='ocrx_word' id='word_1_524' title='bbox 1975 4213 2129 4262; x_wconf 87' lang='lat' dir='ltr'><strong>moris</strong></span> <span class='ocrx_word' id='word_1_525' title='bbox 2152 4218 2235 4261; x_wconf 90' lang='lat' dir='ltr'><strong>est</strong></span> <span class='ocrx_word' id='word_1_526' title='bbox 2254 4209 2380 4259; x_wconf 51' lang='lat' dir='ltr'><strong>huic·¹</strong></span> <span class='ocrx_word' id='word_1_527' title='bbox 2395 4205 2529 4258; x_wconf 64' lang='lat' dir='ltr'><strong>Poe·</strong></span> 
     </span>
     <span class='ocr_line' id='line_1_101' title="bbox 1466 4282 2531 4341; baseline -0.009 0"><span class='ocrx_word' id='word_1_528' title='bbox 1466 4298 1558 4341; x_wconf 84' lang='lat' dir='ltr'><strong>tae.</strong></span> <span class='ocrx_word' id='word_1_529' title='bbox 1592 4291 1827 4340; x_wconf 79' lang='lat' dir='ltr'><strong>Ramires.</strong></span> <span class='ocrx_word' id='word_1_530' title='bbox 1896 4289 2026 4338; x_wconf 89' lang='lat' dir='ltr'><strong>Cum</strong></span> <span class='ocrx_word' id='word_1_531' title='bbox 2051 4301 2287 4338; x_wconf 87' lang='lat' dir='ltr'><strong>numeres</strong></span> <span class='ocrx_word' id='word_1_532' title='bbox 2310 4288 2425 4334; x_wconf 76' lang='grc'><strong>800.</strong></span> <span class='ocrx_word' id='word_1_533' title='bbox 2446 4282 2531 4332; x_wconf 85' lang='lat' dir='ltr'><strong>vel</strong></span> 
     </span>
    </p>
   </div>
   <div class='ocr_carea' id='block_1_17' title="bbox 1466 4358 2621 4431">
    <p class='ocr_par' dir='ltr' id='par_1_25' title="bbox 1466 4358 2621 4431">
     <span class='ocr_line' id='line_1_102' title="bbox 1466 4358 2621 4431; baseline -0.01 -11"><span class='ocrx_word' id='word_1_534' title='bbox 1466 4373 1580 4422; x_wconf 84' lang='lat'><strong>150.</strong></span> <span class='ocrx_word' id='word_1_535' title='bbox 1603 4368 1991 4429; x_wconf 79' lang='lat' dir='ltr'><strong>annosaetatis3</strong></span> <span class='ocrx_word' id='word_1_536' title='bbox 2021 4378 2264 4431; x_wconf 77' lang='lat' dir='ltr'><strong>namque</strong></span> <span class='ocrx_word' id='word_1_537' title='bbox 2287 4358 2532 4424; x_wconf 77' lang='lat' dir='ltr'><strong>Romanis</strong></span> <span class='ocrx_word' id='word_1_538' title='bbox 2575 4383 2576 4386; x_wconf 55' lang='lat'><em>=</em></span> <span class='ocrx_word' id='word_1_539' title='bbox 2616 4371 2621 4382; x_wconf 73' lang='lat'><strong><em>⁴</em></strong></span> 
     </span>
    </p>
   </div>
  </div>
 </body>
</html>
