2985 4937
639 414 717 461 ιιι.
756 414 925 462 vat..
975 412 1399 472 maurianis
1452 412 1599 462 ms.
1650 413 1747 462 nn
1794 414 2147 486 ενιπευς).

288 557 434 610 binos
477 558 638 610 simul
659 566 837 609 tauros
852 574 957 624 *per
990 574 1216 625 pugnam
1242 572 1353 609 ase

287 633 609 685 interfectos·
652 636 887 700 gestarit.
923 645 928 649 ’
971 636 1248 686 Turnebus
1294 633 1353 683 τὸ

286 714 302 739 ‘
328 712 482 774 tulit,'
504 712 911 779 interpretatur,
934 711 1220 776 interfecit,
1242 728 1351 761 sus·

284 788 421 847 tulit,
445 802 632 838 eorum
655 789 864 839 cervice
880 789 945 838 ad
970 787 1351 840 conficiendum

284 865 492 914 minime
516 862 670 915 *dura
698 872 753 916 et
789 873 1136 930 repugnante,
1157 865 1250 915 sed
1273 863 1350 914 fa·

282 941 381 992 elle
401 942 783 994 venabulorum
806 942 948 993 ferro
971 944 1182 993 violata.
1244 942 1350 992 Ra-

281 1018 518 1067 miresins
545 1033 669 1069 vero
722 1023 738 1048 ‘
760 1013 906 1071 facili
927 1019 1153 1070 cerviec'
1184 1019 1350 1070 refert

279 1095 341 1145 ad
371 1097 654 1161 juvencos,
689 1112 785 1161 pro
821 1097 997 1147 mobili
1024 1105 1078 1165 et
1101 1097 1351 1160 versatili,

282 1180 343 1223 ut
370 1189 516 1237 aegre
542 1173 836 1238 figerentur
868 1190 900 1224 a
935 1174 1230 1236 bestiariis;
1265 1176 1350 1225 vel

279 1254 294 1280 ‘
319 1253 442 1304 tulit
466 1256 681 1304 cervice
702 1253 883 1314 facili,'
912 1255 964 1303 id
1003 1261 1102 1317 est,
1137 1255 1351 1318 excepit

279 1321 629 1381 ferocientem
693 1331 1040 1385 declinatione
1112 1329 1353 1394 cervicis,

281 1409 578 1472 proclinato
617 1409 671 1457 in
695 1409 969 1459 dexteram
994 1409 1181 1457 latere.
1243 1406 1351 1457 Sed

278 1499 429 1550 quum
488 1500 656 1535 unum
712 1491 914 1535 taurum
936 1522 941 1527 -
972 1485 1046 1535 ita
1099 1484 1350 1549 excipere

277 1561 594 1624 pra-clarum
613 1568 973 1625 argumentum
994 1561 1063 1613 sit
1085 1567 1139 1619 et
1164 1561 1348 1610 virium

275 1636 543 1687 firmarum
579 1643 636 1688 et
672 1638 858 1687 habilis
892 1636 1059 1688 flexus
1097 1638 1352 1703 corporis,

208 1734 213 1747 »
275 1715 370 1764 hoc
389 1715 444 1764 in
469 1713 682 1764 duobus
708 1714 872 1764 tauris
896 1712 1081 1764 eodem
1104 1721 1349 1778 tempore

274 1799 326 1840 et
348 1798 625 1840 momento
647 1789 759 1840 fere
777 1790 1026 1855 praest'itit
1049 1792 1349 1856 Carpopho-

275 1882 391 1928 rus3
423 1875 487 1917 ut
521 1868 726 1931 du’plex
765 1868 880 1931 ejus
914 1868 1081 1931 gloria
1112 1868 1198 1919 sit.
1231 1868 1348 1919 Sca·

275 1945 411 2008 liger.
1276 2004 1289 2007 ,

333 2026 365 2070 4
400 2021 629 2070 Babulus
649 2025 789 2084 atque
809 2021 989 2084 Bison]
1022 2019 1210 2071 Bubali
1227 2029 1347 2072 sunt

274 2099 484 2160 proprie
511 2097 674 2156 tauri,
709 2111 837 2161 quos
860 2096 1043 2156 bufam
1065 2097 1216 2146 hodie
1238 2098 1348 2147 Ita·

274 2172 329 2235 li,
349 2171 615 2223 Germani
637 2171 831 2236 Buffels
848 2172 1102 2223 vocitant.
1138 2174 1236 2223 Est
1258 2174 1347 2222 Bi·

275 2250 538 2301 soncervi
563 2248 749 2312 figura,
768 2250 917 2313 cujus
940 2265 971 2299 a
987 2250 1346 2303 mediafronte

275 2327 410 2376 inter
434 2341 597 2376 aures
624 2340 776 2375 unum
796 2341 955 2376 cornu
981 2329 1157 2378 existit
1177 2331 1347 2379 excel·

275 2419 403 2466 sum,
436 2406 594 2467 cnjus
639 2420 668 2452 e
705 2418 904 2453 summo
932 2405 1061 2454 rami
1102 2413 1345 2471 tanquam

273 2484 427 2545 palmi
452 2480 836 2532 diffunduntur.
906 2482 1131 2532 Eosdem
1155 2483 1347 2533 deseri·

277 2559 352 2609 bit
375 2561 588 2610 Plinius
606 2561 699 2609 lib.
724 2565 774 2610 8.
797 2573 916 2624 cap.
943 2566 1022 2611 15.

336 2643 365 2687 5
406 2640 531 2688 Tela
551 2638 782 2700 cucurrit,
800 2638 909 2701 mu]
956 2637 1344 2699 Subsessorum,

276 2715 362 2778 qui
400 2715 455 2764 in
505 2714 711 2764 insidiis
754 2715 944 2775 latent,
990 2716 1042 2763 in
1085 2716 1344 2765 venatoris

275 2792 567 2841 subsidium
583 2792 674 2841 ubi
699 2806 828 2854 opus
853 2792 937 2841 sit.
1340 2842 1349 2846 ,

336 2874 385 2919 6·
408 2871 482 2918 Et
504 2870 673 2930 lentas,
692 2869 798 2933 ζα]
835 2870 1018 2933 Neque
1035 2868 1170 2917 enim
1192 2868 1348 2920 habet

279 2949 502 3011 populus
525 2948 661 3011 quod
696 2948 783 2997 hic
824 2955 1074 3012 queratur
1097 2949 1164 2998 ‹le
1185 2948 1348 2998 tardi-

280 3029 382 3072 tate
415 3037 748 3085 congressus,
771 3039 886 3087 qnae
908 3024 1034 3072 alias
1055 3024 1128 3072 illi
1163 3025 1348 3073 moles-

279 3107 359 3148 ta:
399 3099 528 3147 vide
555 3100 854 3161 praecedens
879 3102 1045 3163 epigr.
1067 3115 1141 3150 vs.
1165 3105 1216 3151 2.

283 3175 439 3225 Eme.
465 3187 624 3225 xxiv.
658 3175 861 3225 Navale
903 3177 1136 3238 praelium
1159 3176 1345 3240 aTito,

340 3252 495 3301 Suet,
528 3255 578 3299 7.
605 3252 687 3300 vel
720 3266 747 3299 a
779 3252 980 3302 Domit.
1018 3252 1164 3302 Suet.
1203 3259 1252 3303 4.
1292 3253 1346 3302 in

344 3327 754 3392 Amphitheatro
808 3328 1113 3393 exhibitum,
1166 3330 1369 3380 subito*

342 3404 575 3454 immissa
596 3419 690 3467 per
712 3405 864 3455 tubos
890 3421 1044 3473 aqua,
1072 3413 1132 3456 ut
1152 3422 1343 3457 novum

284 3505 292 3511 ·
340 3480 600 3545 hospitem
626 3488 683 3530 et
714 3483 1056 3548 e-longinquo
1090 3483 1345 3533 advenam

345 3564 457 3616 tum
512 3558 729 3621 primum
777 3565 1131 3623 spectatorem
1177 3561 1348 3625 fallat,

346 3634 652 3684 credentem
692 3651 764 3686 sc.
807 3645 1025 3700 pontum
1071 3651 1202 3698 esse,
1245 3639 1344 3689 nisi

346 3726 465 3760 mox
484 3712 722 3761 emissam
752 3713 818 3762 ad
840 3728 1057 3763 munera
1091 3715 1345 3780 gladiato-

346 3785 426 3835 ria
448 3787 641 3837 viderit
664 3803 875 3852 aquam.
1000 3821 1001 3826 =

347 3864 374 3909 1
413 3862 576 3925 Serus,
597 3864 703 3927 ξω]
749 3865 858 3913 Per
898 3865 1102 3932 itineris
1141 3867 1344 3932 longin-

286 3938 538 4000 quitatem
558 3956 572 3990 ε
591 3953 761 4004 Διιιψηι
785 3942 954 4005 epigr.
981 3947 1029 3994 8.

350 4017 380 4060 2
401 4014 558 4077 Sacri,
572 4016 683 4078 ξω]
706 4018 808 4067 Qui
824 4017 938 4081 jam
959 4022 1347 4085 primum:spec-

289 4092 366 4136 tas
375 4087 579 4154 (utpote
596 4093 684 4156 qui
704 4100 825 4142 ante
843 4094 979 4144 hunc
993 4096 1130 4145 diem
1148 4097 1202 4146 in
1220 4099 1347 4148 urbe

291 4177 386 4213 uon
407 4165 577 4232 fuisti)
593 4170 637 4218 N
647 4172 982 4234 aumachiam,
996 4174 1249 4237 Neptuno
1265 4189 1346 4224 sa·

291 4252 447 4306 cram,
470 4243 551 4292 vel
577 4260 608 4293 a
628 4245 769 4295 Divo
791 4247 1015 4297 Caesare
1038 4247 1343 4302 exhibitam.

294 4312 422 4365 Sacri
442 4320 673 4383 muueris]
734 4321 870 4370 Nam
900 4325 1203 4380 venationes
1223 4326 1354 4375 Dia·-

411 4396 587 4460 Delph.
603 4403 652 4447 et
676 4398 794 4451 Ver.
815 4400 946 4450 ctae.

1270 4405 1494 4456 Martini·

2322 400 2493 468 10&

1427 572 1530 620 nai,
1554 556 1868 623 gladiatores
1890 559 2050 610 Marti
2085 567 2144 611 et
2162 561 2390 611 Saturno
2412 575 2495 612 sa·

1428 635 1545 695 cri;
1581 636 1902 686 Naumachia
1933 637 2184 700 Neptuno
2208 637 2366 701 forte,
2396 638 2495 690 nisi

1429 711 1579 761 malis
1603 713 1671 762 ad
1692 713 2048 764 Domitianum
2078 713 2296 779 referre,
2319 715 2400 764 vel
2423 715 2492 767 ad

1428 794 1709 853 utrumque
1730 790 1920 853 potius.
1960 789 2084 840 aaa.

1494 873 1524 918 8
1547 869 1763 919 Navalis
1805 867 1963 934 Enyo]
2009 870 2257 920 Praelinm
2280 873 2486 923 navale.

1427 942 1527 994 Est
1567 952 1740 995 autem
1781 947 1936 1011 Enyo,
1957 947 2194 1012 Bellona,
2230 946 2489 1000 bellorum

1426 1018 1549 1083 dea,
1571 1021 1762 1072 Martis
1786 1037 1950 1072 soror.

1492 1103 1522 1147 ὃ
1541 1098 1674 1148 *Non
1692 1097 1883 1151 credis?
1910 1104 2107 1165 spectes,
2127 1101 2236 1165 qa]
2300 1103 2489 1167 Locus,

1427 1178 1485 1222 ιιι
1515 1175 1808 1240 plurimum,
1830 1177 1883 1226 in
1905 1192 2008 1244 quo
2029 1178 2322 1229 edebantur
2344 1181 2489 1241 Nau·

1426 1250 1665 1314 machiae,
1697 1251 1969 1303 dicebatur
2003 1256 2318 1320 Naumachia,
2351 1265 2491 1308 erat-

1426 1341 1527 1390 que
1548 1326 1601 1376 in
1625 1338 1811 1393 quarta
1834 1331 2034 1381 decima
2070 1333 2210 1383 urhis
2234 1335 2493 1399 Regione,

1426 1416 1543 1466 quae
1573 1404 1995 1458 Trans-tiberina
2023 1415 2123 1459 est.
2204 1411 2384 1461 sedin
2405 1413 2490 1463 his

1428 1479 1765 1532 Naumachiis
1789 1498 1891 1534 non
1913 1484 2138 1535 dabatur
2166 1501 2376 1552 semper
2397 1505 2490 1553 na,-

1426 1555 1557 1606 valis
1621 1559 1791 1623 praelii
1855 1563 2207 1632 spectaculum
2225 1581 2248 1615 z
2319 1566 2491 1617 edidit

1426 1633 1585 1683 etiam
1605 1635 1752 1685 Titus
1778 1636 1832 1685 in
1869 1636 2307 1702 Amphitheatro:
2343 1641 2493 1694 dedit

1426 1710 1589 1760 etiam
1632 1712 1975 1775 Domitianus,
2013 1722 2073 1764 ut
2106 1714 2266 1765 habet
2304 1717 2491 1768 Sueto·

1423 1786 1539 1836 nius
1561 1786 1613 1837 in
1637 1788 1750 1850 ejus
1778 1789 1902 1839 vita.
1968 1790 2053 1839 Ad
2082 1791 2214 1842 hanc
2238 1794 2319 1842 vel
2344 1794 2490 1844 illam

1424 1863 1475 1913 N
1480 1865 1800 1915 naumachiam
1821 1865 1874 1914 in
1894 1864 2291 1932 Amphitheatro
2311 1870 2375 1919 da
2384 1880 2491 1923 tam

1424 1940 1618 1991 debere
1658 1941 1842 1992 referri
1884 1944 2022 1994 istud
2062 1945 2319 1996 Martialis
2355 1949 2491 2013 Epi-

1423 2033 1672 2083 gramma,
1690 2034 1821 2070 unus
1844 2027 1927 2070 est
1958 2022 2185 2072 omnium
2221 2023 2491 2088 Interpre-

1425 2102 1534 2147 tum
1555 2109 1860 2148 consensum
1928 2099 2031 2149 Sed
2050 2115 2193 2150 mens
2217 2102 2491 2166 Epigram-
2591 2140 2594 2143 >

1421 2171 1577 2220 matis
1604 2172 1705 2221 ista
1726 2179 1838 2223 est:
1878 2173 2183 2226 Admiratur
2206 2177 2378 2228 Po'e’ta
2410 2193 2493 2228 ar·

1422 2254 1548 2311 tem,
1569 2262 1690 2313 qua,
1712 2264 1846 2314 aqua
1870 2265 1967 2314 per
2006 2252 2157 2303 tubos
2190 2253 2244 2302 in
2277 2253 2493 2319 Amphi·

1423 2325 1687 2377 theatrum
1711 2325 1960 2389 immissa,
1991 2330 2188 2379 navalis
2210 2345 2386 2394 pugna
2408 2346 2492 2382 re-

1421 2401 1847 2465 praesentabatur
1868 2419 1884 2464 ς
1908 2410 1962 2453 et
1983 2419 2174 2470 rursus,
2191 2422 2326 2472 aqua
2350 2409 2492 2459 subi·
2536 2468 2538 2470 ,

1424 2488 1476 2531 to
1517 2482 1720 2540 emissa,
1744 2480 2132 2546 Amphitheatri
2164 2500 2286 2535 area
2326 2488 2492 2537 sicea-

1422 2557 1597 2610 batur.
1645 2559 1877 2621 Legend.
1897 2567 1980 2609 est
2003 2561 2216 2625 itaque:
2252 2564 2366 2613 Non
2388 2579 2491 2614 cre·

1421 2632 1523 2686 dis?
1541 2639 1737 2696 spectes,
1754 2636 1866 2702 dum
1886 2637 2051 2685 laxent
2074 2653 2263 2701 oequora
2292 2641 2491 2692 Martii.

1422 2709 1575 2761 Quod
1614 2709 1809 2762 librarii
1848 2717 2118 2763 mutarunt
2161 2714 2216 2763 in
2260 2716 2494 2765 Martem.

1421 2785 1877 2849 Amphitheatrum
1921 2795 2038 2838 erat
2076 2788 2128 2838 in
2161 2791 2321 2841 tertia
2343 2791 2511 2842 urbis-

1422 2864 1679 2928 Regione,
1711 2865 1764 2913 in
1807 2865 1945 2929 quod
1971 2881 2067 2929 per
2086 2869 2239 2919 tubos
2261 2871 2490 2922 immissa

1422 2950 1505 2994 est
1527 2957 1679 3007 aqua,
1715 2949 1774 2993 ut
1803 2953 2273 3008 repraesentaretur
2289 2950 2489 3001 navalis

1423 3032 1599 3081 pugna
1618 3034 1631 3068 ε
1657 3034 1791 3084 aqua
1810 3027 1983 3072 autem
2001 3037 2105 3072 non
2120 3032 2328 3087 poterat
2348 3042 2488 3077 com·

1422 3096 1577 3145 mode
1601 3097 1810 3147 immitti
1836 3098 1886 3147 in
1910 3098 2368 3164 Amphitheatrum
2391 3105 2490 3154 nisi

1422 3188 1451 3226 e
1476 3173 1712 3236 lacubus,
1734 3176 1821 3240 qui
1845 3176 1898 3225 in
1924 3176 2015 3225 illa
2033 3178 2287 3242 Regione.
2322 3181 2489 3230 Lacu·

1420 3248 1517 3299 bus
1562 3255 1733 3299 autem
1774 3252 1946 3301 tertiae
1991 3253 2256 3318 Regionis,
2296 3263 2376 3311 utv
2398 3272 2488 3307 nos
2511 3295 2514 3298 ¹

1419 3325 1578 3377 docet
1613 3328 1914 3387 Frontinus,
1948 3332 2304 3396 erogabantur
2336 3350 2492 3399 aqum-

1419 3404 1435 3458 ,‘
1462 3403 1718 3467 Martiae,’.
1736 3405 1957 3457 Anionis
1971 3409 2190 3459 :veteris
2214 3416 2270 3460 et
2288 3411 2445 3462 Juliae
2469 3428 2487 3473 ;

1419 3481 1515 3531 sed
1537 3483 1804 3547 principue
1827 3476 2058 3549 Martiae,
2079 3502 2216 3552 quoe,
2239 3504 2489 3554 aquarum

1419 3560 1992 3628 omniumclarissimae,
2027 3579 2061 3613 a
2087 3553 2306 3628 Martio,
2328 3581 2486 3632 aquo

1420 3649 1606 3686 nomen
1626 3645 1967 3702 aeceperunt,
1989 3640 2041 3690 iu
2059 3642 2239 3693 urbem
2264 3642 2491 3708 produc-.-

1420 3716 1529 3758 tae‘:
1573 3710 1656 3760 de.
1686 3712 1784 3763 hae
1825 3729 1978 3777 aqua
2003 3715 2390 3780 intelligendus-⁴
2408 3724 2492 3769 est

1420 3786 1701 3839 Martialis.
1753 3790 1769 3819 ‘
1798 3789 2049 3855 AEquora'
2074 3791 2227 3855 dixit,
2249 3793 2368 3858 quia
2393 3809 2491 3857 par

1420 3874 1534 3916 erat
1557 3867 1695 3917 unda
1715 3867 1886 3932 fretis,
1905 3877 1963 3918 *et
1982 3869 2206 3934 Euripus
2222 3872 2323 3932 iste
2345 3888 2512 3924 mare&

1421 3944 1717 3995 simulabat.
1768 3946 1932 3998 Quasi
1951 3946 2174 4011 diceret,
2196 3949 2489 4013 Exspeetes

1419 4022 1706 4085 paulisper,
1729 4022 1853 4071 dum
1877 4023 2123 4073 emittant
2160 4040 2320 4090 aquas
2354 4027 2492 4093 illas,

1420 4103 1530 4147 tum
1546 4098 1704 4161 dices,
1725 4099 1926 4149 siccata
1949 4099 2332 4164 Amphitheatri
2348 4119 2489 4168 area,

1423 4174 1439 4201 ‘
1458 4174 1544 4224 hic
1595 4174 1748 4224 modo
1804 4187 2016 4239 pontus,
2045 4178 2199 4229 erat?
2276 4177 2489 4231 Potitus,

1419 4251 1631 4315 Species,
1647 4251 1756 4316 fisa]
1784 4254 2047 4318 Expectes
2067 4256 2355 4307 mododum
2372 4272 2487 4308 eer-

1420 4328 1781 4380 taminifinem
1803 4328 2001 4383 faciant
2031 4346 2242 4398 aequora
2278 4334 2486 4384 emissa.

2240 4415 2269 4459 3
2309 4411 2352 4459 Ζ
