2985 4937
683 429 760 473 M.
808 427 986 474 νΑι..
1029 426 1451 476 ΜΑιιΤιΑωε
1505 409 1748 477 amca.
1795 430 1942 479 mn.
1989 430 2067 477 x.
2120 454 2125 459 -

291 565 579 635 utebantur,
600 578 657 622 nt
677 579 735 622 et
752 573 959 637 Bipsius
976 578 1144 630 notat,
1169 572 1338 636 Epist.

277 654 337 697 .5.
370 650 459 699 lib.
482 653 528 699 1.
565 650 786 715 Epistol.
821 650 1022 701 Quaest.
1054 650 1235 713 Epigr.
1255 654 1338 699 60.

290 723 372 774 lib.
396 729 439 775 Ι.
462 740 597 776 vers.
618 731 667 776 3.
702 727 887 790 Epigr.
908 729 991 775 4⁷.
1013 739 1341 789 supra,vers.

290 807 334 851 5.
348 801 463 852 Juv.
484 803 596 853 Sat.
612 808 659 852 3.
675 818 809 854 vers.
824 807 905 852 71.
941 802 1114 852 Cicer.
1129 802 1178 851 in
1198 803 1340 853 Rull.

277 877 531 929 Pliada).
552 884 603 929 7.
628 881 728 943 Ep.
752 883 797 928 3.

285 973 288 978 ·
347 960 376 1005 7
412 957 659 1020 onemus]
715 958 764 1008 A
789 960 1034 1009 Ravenna
1057 958 1242 1007 transit
1273 955 1339 1006 ad

279 1032 631 1084 &nucinam
665 1035 1053 1085 Tarracinensis
1094 1046 1220 1110 ager
1253 1033 1341 1094 sil-

271 1121 387 1172 -vas‚
420 1110 587 1173 lacus,
615 1119 673 1161 et
699 1112 879 1162 littora
913 1112 1073 1161 habet
1104 1112 1341 1160 amoeuis-

285 1187 416 1236 sima.
441 1188 649 1238 :Anxur
679 1188 800 1238 urbs
827 1189 1341 1251 Volscorum-quon·

283 1262 396 1312 dam
423 1274 583 1328 caput
603 1267 794 1329 gentis.
861 1265 1186 1328 Solidumque]
1222 1265 1340 1314 Non

273 1340 401 1403 rquia
434 1341 597 1391 altum
633 1350 848 1406 propter
885 1343 1081 1393 vicinos
1123 1349 1342 1404 montes,

283 1423 341 1465 ut
373 1416 822 1482 interpretantnr3
847 1421 961 1470 ‘sed
1002 1421 1123 1486 quia
1162 1421 1341 1472 ambu-

281 1494 503 1545 lantibus
538 1498 964 1562 gementibusque
1001 1498 1342 1561 commodum,

269 1571 449 1635 »aliqua
484 1572 700 1636 duritie,
741 1580 800 1623 nt
840 1574 893 1623 in
932 1588 994 1624 eo
1037 1573 1340 1624 luctandum

283 1661 379 1696 non
424 1649 515 1712 sit,
570 1651 998 1715 quemadmodum
1050 1654 1104 1701 in
1154 1654 1340 1702 arenis.

271 1724 475 1775 «Plinius
511 1728 649 1778 libro
685 1734 731 1778 1.
768 1730 934 1793 Epist.
955 1734 1004 1779 3.
1053 1731 1068 1758 ‘
1096 1729 1232 1780 Quid
1254 1730 1343 1778 illa

282 1805 444 1854 mollis
495 1813 554 1855 et
577 1832 584 1836 -
610 1814 785 1856 tamen
837 1807 1006 1857 solida
1057 1806 1341 1870 gestatio?n

283 1879 390 1931 Lib.
427 1886 476 1930 9.
510 1883 615 1946 Ep.
649 1888 697 1933 7.
753 1883 916 1936 ‘Illic
950 1891 1093 1934 recta
1116 1884 1341 1948 gestatio

267 1954 429 2019 longo
450 1958 621 2008 limite
654 1973 812 2022 super
833 1959 983 2009 littus
1008 1959 1343 2012 extenditur!

285 2032 433 2085 Groui.
497 2037 750 2086 Madeutis
808 2037 988 2101 arena]
1062 2037 1341 2089 Alluvione

277 2111 442 2163 maris.

341 2190 372 2234 8
403 2188 804 2252 AEquoreis,6·c.]
836 2190 1153 2254 Epigramm.
1179 2194 1225 2240 1.
1249 2189 1342 2241 lib.

283 2268 327 2312 5.
350 2278 482 2316 vers.
504 2270 558 2316 6.

340 2346 372 2390 9
407 2342 521 2393 Non
543 2344 703 2405 unius,
728 2343 835 2407 ξω]
891 2345 973 2395 Ex
1006 2344 1117 2409 ipso
1151 2342 1342 2396 lectulo

253 2412 266 2430 '⁶
279 2420 577 2484 prospicere
606 2422 732 2472 licet
761 2422 884 2471 hinc
917 2422 1180 2486 paludem,
1202 2422 1343 2472 illinc

281 2511 435 2547 mare.
470 2498 606 2548 Urbi
624 2498 935 2548 circumfusa
954 2507 1008 2548 et
1026 2499 1340 2564 propinqua:

181 2608 184 2613 -
261 2580 386 2624 -tum
412 2576 552 2641 quod
575 2577 694 2625 villa
715 2577 881 2626 littori
901 2576 1212 2625 immineret.

265 2694 270 2700 .
344 2658 402 2703 ll
437 2654 539 2703 Sed
577 2652 766 2716 neque}
800 2653 903 2702 Sed
948 2652 1164 2716 objiciet
1207 2651 1342 2717 quis-

281 2728 414 2790 piam
436 2729 682 2791 fortasse,
703 2744 801 2778 non
821 2743 932 2778 esse
945 2729 1049 2790 hic,
1069 2735 1128 2777 nt
1151 2728 1344 2791 Romae,

283 2805 501 2869 theatra,
551 2807 757 2867 balnea,
814 2808 1028 2870 templa.
1096 2808 1342 2871 Marcelli]

279 2881 557 2943 'Pbeatrum
614 2884 871 2945 Marcelli,
933 2883 1027 2933 filii
1087 2884 1345 2946 Octaviae,

261 3002 270 3007 .
285 2965 464 3014 sororis
478 2963 746 3027 Augusti,
781 2963 846 3013 ab
877 2962 1124 3027 Augusto
1138 2970 1345 3011 extruc-

280 3045 401 3090 tum.
419 3041 878 3104 Pompeiumque]
891 3041 1170 3089 Theatrum
1191 3040 1344 3089 Pom-

263 3129 398 3179 ‚pern

342 3197 404 3244 12
431 3194 661 3259 Triplices
670 3194 890 3259 thermae]
901 3193 1141 3243 Thermae
1154 3191 1345 3257 Agrip-

263 3269 432 3332 pinae,
445 3272 688 3333 Titianae,
712 3271 1046 3334 Neronianae,
1064 3272 1246 3335 Epigr·
1262 3275 1343 3320 36.

281 3345 370 3394 lib.
405 3351 454 3397 3.
484 3355 544 3397 et
572 3347 662 3396 lib.
700 3352 752 3396 2.
786 3347 970 3410 Epigr.
1007 3351 1090 3397 ⁴8.
1140 3346 1345 3396 Radero

280 3423 527 3477 videntur
561 3424 791 3487 triplices
824 3425 971 3473 cellae
1005 3424 1057 3473 in
1091 3423 1345 3473 balneisa

281 3490 449 3549 Poeta
491 3500 708 3564 signari,
747 3500 1014 3562 caldariae,
1050 3500 1343 3564 tepidariae,

277 3573 600 3640 frigidariae3
629 3592 758 3643 quas
774 3592 875 3627 uno
899 3585 956 3628 et
972 3576 1228 3627 communi
1252 3592 1342 3627 no·

284 3655 416 3704 mine
462 3656 692 3706 thermas
740 3662 925 3706 vocat.
926 3663 1040 3722 et
1086 3655 1341 3719 triplices,

265 3738 494 3795 propter
518 3733 657 3784 trina
671 3733 819 3784 labra
842 3741 898 3783 et
919 3733 1107 3784 cellas
1094 3733 1341 3796 inquibus

283 3810 549 3875 natabant,
619 3812 884 3875 lavabant,
956 3824 1181 3873 corpora
1249 3809 1342 3858 ad-

284 3887 644 3950 stringebant.-
674 3888 810 3938 Vide
844 3888 981 3938 Plin.
1017 3887 1256 3951 Epistola
1289 3892 1341 3936 6.

284 3962 371 4012 lib.
406 3970 456 4013 5.
509 3963 659 4027 Fora]
707 3966 878 4015 Vetus
913 3965 1233 4027 RomanumJ
1248 3964 1342 4014 Ju-

281 4038 426 4101 ‘lium,
451 4039 768 4103 Augustum,
810 4040 1211 4101 Transitorium-z
1258 4054 1342 4089 su-

285 4128 396 4178 pra,
420 4118 601 4181 Epigr.
624 4122 705 4167 28.
729 4133 864 4167 vers.
887 4123 938 4167 6.
961 4146 964 4147 ⁷
1033 4142 1040 4149 ·

268 4220 274 4231 ·
345 4196 409 4241 18
447 4193 734 4257 Capitolini]
765 4193 1096 4257 Capitolium.

350 4272 412 4317 14
449 4270 678 4333 Quaeque,
694 4269 801 4332 ξω]
835 4270 1114 4335 Templum
1146 4269 1342 4319 Flaviae

288 4344 429 4407 genti
462 4348 746 4397 cxcitatum
783 4362 813 4395 a
851 4346 1166 4398 Domitiano.
1223 4346 1345 4409 Epi·

2302 411 2474 480 1373

1414 586 1626 637 gramm.
1649 577 1698 622 2.
1721 578 1779 623 et
1798 576 1849 622 4.

1483 655 1543 698 15
1581 650 1807 713 Quirino]
1876 650 2100 700 Romulo
2156 667 2215 700 ac
2239 711 2243 716 .
2278 654 2472 702 Romae.

1416 727 1670 778 Conditor
1690 729 1828 778 enim
1859 729 1944 784 hic
1979 744 2075 794 pro
2099 729 2241 780 Urbe
2265 732 2477 794 ponitur

1415 813 1469 855 et
1490 806 1750 855 Romanis.

1407 911 1442 927 a
1483 888 1547 933 16
1582 885 1701 940 Qaoe
1715 882 1941 946 tuasaut]
1976 883 2211 936 Honores
2229 890 2343 932 tuos
2356 897 2474 933 cum

1416 961 1591 1020 curis3
1627 975 1657 1008 e
1676 958 1900 1010 formula
1922 960 2153 1011 divortii.
2183 962 2364 1023 Epigr.
2391 964 2477 1009 41.

1417 1052 1552 1088 vers.
1578 1042 1626 1087 2.
1653 1051 1826 1100 supra.
1862 1038 1984 1093 Qaae
2004 1052 2123 1101 mea,
2142 1037 2249 1101 ξω]
2284 1037 2474 1086 Villam

1381 1163 1390 1174 ,
1415 1128 1603 1175 meam,
1622 1114 1869 1163 rusticum
1895 1114 2075 1163 otium.

1410 1220 1417 1228 ·
1445 1220 1450 1226 -
1482 1191 1642 1240 Eme.
1662 1203 1763 1239 mi.
1790 1195 1827 1239 ‘l
1863 1189 2155 1256 spadonem]
2186 1191 2400 1240 Mollem
2421 1196 2476 1242 et

1416 1264 1804 1316 effoeminatum.

1409 1381 1414 1388 .
1480 1347 1512 1391 2
1551 1344 1864 1404 Damnatam,
1893 1342 1997 1405 ξω]
2045 1342 2306 1393 Adulterii
2339 1344 2477 1394 enim

1414 1419 1675 1470 damnatae
1701 1421 1916 1470 nonnisi
1937 1426 2128 1482 togatae
2147 1420 2479 1490 inpublicum
2542 1471 2545 1476 ,

1409 1500 1729 1563 prodibantt
1769 1499 2154 1563 Epigrammate
2175 1503 2254 1548 39.
2282 1499 2370 1547 lib.
2394 1503 2442 1547 2.

1480 1578 1640 1625 Erro.
1678 1590 1801 1626 mn.
1854 1569 2026 1639 Hujus
2062 1575 2212 1625 modo
2234 1575 2478 1639 ‘deplora-

1415 1660 1563 1702 verat
1580 1653 1910 1702 immaturum
1926 1650 2106 1701 fatum.
2168 1717 2169 1720 Ἴ

1482 1735 1511 1779 l
1548 1731 1640 1780 Ille
1659 1745 1764 1794 ego,
1784 1728 1890 1792 ξω]
1923 1729 2108 1793 Epigr.
2129 1733 2212 1777 50.
2235 1742 2412 1790 supra.

1481 1812 1515 1856 2
1548 1807 1753 1870 Bra-es]
1794 1806 2088 1869 Praereptae
2112 1812 2279 1855 morte
2302 1806 2477 1854 imma-

1415 1891 1553 1937 tura.

1482 1966 1512 2010 3
1548 1962 1739 2024 Invida,
1780 1947 1889 2025 ξω]
1944 1959 2123 2014 Annos
2170 1966 2347 2009 natum
2398 1964 2480 2010 27.

1421 2038 1710 2102 Trieteridc]
1761 2038 2011 2088 Trieteris
2051 2035 2272 2100 spatium
2327 2034 2480 2084 trium

1416 2128 1664 2164 annorum
1687 2131 1699 2164 ε
1738 2122 1793 2163 et
1814 2114 2005 2164 festum
2030 2111 2241 2162 Baccho
2266 2120 2481 2176 propter

1416 2191 1803 2254 expeditionem
1839 2190 1904 2239 ad
1938 2189 2099 2239 Indos
2134 2190 2354 2239 triennio
2391 2203 2482 2238 ex-

1417 2275 1609 2315 actam.
1659 2267 1795 2316 Vide
1824 2267 2154 2331 Epigramma
2172 2270 2254 2316 38.
2272 2267 2406 2329 libro
2430 2271 2480 2316 6.

1418 2359 1552 2394 vers.
1580 2350 1628 2394 1.

1479 2424 1513 2470 4
1546 2421 1676 2471 Dum
1699 2425 1920 2471 numerat
1941 2421 2141 2484 palmas,
2163 2418 2271 2485 ξω]
2311 2418 2480 2483 Prop-

1418 2503 1501 2549 ter
1525 2499 1855 2549 victoriarum
1877 2500 2192 2549 Circensium
2212 2513 2476 2567 numerum

1417 2584 1594 2640 posset
1617 2577 1847 2640 Scorpus
1869 2576 2037 2625 videri
2059 2589 2236 2625 senex.
2272 2574 2480 2637 Quippe

1417 2653 1507 2702 alii
1543 2666 1712 2716 senes,
1743 2653 1808 2701 ad
1832 2666 2080 2702 summam
2116 2657 2324 2700 aetatem
2361 2666 2481 2714 pro·

1418 2729 1583 2791 vecti,
1607 2734 1686 2777 tot
1720 2730 1913 2793 palmas
1946 2743 2050 2778 non
2085 2742 2324 2791 rapuere,
2355 2735 2482 2790 quot

1409 2806 1620 2869 juvenis
1651 2806 1901 2869 Scorpus:
1939 2805 2017 2854 ita
2045 2804 2274 2853 victoriis
2307 2803 2481 2852 multis

1419 2897 1610 2947 paucos
1629 2883 1728 2931 aevi
1752 2897 1912 2931 annos
1937 2872 2314 2945 compensavit.

1483 2961 1645 3009 Eme.
1681 2971 1793 3009 mv.
1846 2964 1871 3009 1
1912 2956 2141 3021 opertas]
2208 2958 2253 3006 E
2296 2956 2482 3020 quibus

1419 3046 1593 3090 tamen
1615 3039 1886 3104 aperiebat
1913 3041 2045 3089 Olus
2071 3054 2194 3103 quas
2214 3039 2392 3088 vellet.

1483 3121 1516 3166 2
1549 3116 1748 3181 Sicego,
1765 3117 1875 3181 ξω]
1899 3116 2231 3185 Apponendo
2251 3123 2482 3180 opertas,

1418 3193 1510 3243 sed
1536 3208 1746 3256 vacuas,
1774 3208 1900 3259 quas
1924 3193 2130 3257 aperire
2154 3207 2257 3241 non
2280 3193 2427 3241 licet.

1481 3272 1814 3322 E91G.1.v.3
1849 3269 2116 3334 Scriptum]
2150 3257 2309 3318 Vide
2303 3270 2482 3332 Epigr.

1419 3350 1501 3395 89.
1525 3347 1614 3395 lib.
1638 3352 1687 3397 4.
1712 3362 1843 3398 vers.
1872 3352 1923 3397 3.
1989 3347 2304 3409 Sextulasqac
2334 3345 2480 3409 dicit]

1418 3424 1607 3474 Sextas
1649 3424 1814 3474 nnciae
1857 3430 2068 3487 partes;
2129 3414 2360 3473 Budaeus
2413 3423 2480 3472 de

1418 3499 1571 3561 Asse,
1592 3501 1683 3552 lib.
1709 3506 1760 3552 1.
1875 3565 1880 3570 .

1479 3581 1514 3626 4
1548 3577 1837 3639 Palaestras]
1866 3576 1963 3637 Τὴν
1982 3573 2286 3634 κλινοπάλην.

1482 3657 1511 3701 7
1548 3653 1768 3716 Statera]
1804 3656 1936 3707 Quae
1959 3663 2064 3704 tam
2088 3660 2336 3703 accurate
2356 3666 2480 3714 pen-

1413 3737 1498 3778 sat
1518 3729 1891 3796 ponderatque.

1481 3809 1892 3859 Emc.1.v1.ne
1913 3816 2245 3872 patronorum
2264 3792 2484 3855 avaritia

1417 3886 1669 3949 queritur,
1710 3886 1799 3949 qui
1834 3884 2006 3935 officia
2043 3886 2290 3934 clientum
2330 3883 2482 3931 nullis

1416 3961 1683 4011 beneficiis
1706 3969 2060 4026 compensent.

1483 4044 1510 4088 1
1547 4039 1633 4087 Me
1653 4039 1832 4088 servire
1852 4035 2037 4098 diebus]
2090 4037 2343 4085 Functum
2374 4049 2482 4084 mu-

1417 4129 1542 4164 nere
1567 4115 1793 4177 clientis,
1831 4113 2123 4174 salutando,
2157 4111 2483 4187 deducendo,

1416 4191 1731 4259 comitando,
1750 4180 2038 4255 sequendo,
2059 4192 2158 4238 &c.

1482 4274 1515 4317 2
1550 4269 1837 4318 Aventinam
1866 4266 2021 4330 tuam]
2078 4266 2273 4316 Collem
2313 4260 2484 4316 Aven-

1421 4346 1603 4411 tinum,
1626 4346 1676 4396 in
1700 4361 1799 4413 quo
1824 4346 1962 4396 aedcs
1989 4354 2112 4394 tuae.
2170 4410 2177 4413 -
