2985 4937
437 354 612 421 1134

435 532 538 581 est,
578 530 633 575 et
667 524 931 575 correctio
955 522 1161 585 Poe‘toe,
1192 527 1281 592 qui
1326 542 1504 579 errore

433 608 491 651 et
515 601 810 665 ignorantia
832 601 1059 652 sordium
1093 603 1244 668 hujus
1265 605 1506 668 hominis,

435 690 591 740 quum
647 692 765 727 eum
800 692 901 728 non
945 680 1196 744 novisset,
1238 682 1504 732 dominum

431 754 637 804 honoris
659 769 845 805 caussa
864 769 1142 823 regemque
1168 759 1409 811 vocabat.
1429 759 1506 812 At

432 844 557 880 vero
593 838 864 898 postquam
904 833 1038 883 bene
1074 835 1241 899 novit,
1275 850 1369 886 suo
1413 852 1504 887 no·

429 907 568 956 mine
591 907 832 959 vocabat.
898 908 1093 960 Scribit
1129 911 1266 960 enim
1302 912 1505 963 Seneca
1533 936 1554 960 ι

427 983 606 1032 solitos
638 982 801 1033 fuisse
838 985 1062 1049 priscos,
1083 987 1285 1050 quoties
1311 989 1502 1039 bomini

428 1059 609 1122 ignoto
658 1068 1016 1125 occurrerent,
1069 1078 1188 1114 eum
1232 1065 1501 1117 dominnm

428 1142 521 1185 aut
539 1150 712 1200 regem
727 1138 1017 1202 appellare.
1080 1140 1246 1193 Romi.
1287 1143 1500 1195 Merula.

425 1214 500 1263 Te
525 1214 665 1278 prius
687 1215 812 1264 mihi
849 1230 952 1265 nou
988 1222 1168 1268 notum
1205 1234 1302 1284 pro
1334 1221 1501 1271 muni-

310 1308 317 1313 ’
425 1290 530 1341 fico
560 1297 785 1355 patrono
821 1299 879 1343 et
901 1293 1045 1344 claro
1079 1296 1193 1345 viro
1217 1297 1499 1348 honorifice

426 1369 748 1421 salutabam:
787 1377 1065 1436 postquam
1103 1387 1229 1423 vero
1261 1374 1388 1423 mihi
1419 1374 1495 1423 in·

423 1446 676 1510 notueris,
720 1446 1024 1498 familiarius
1067 1455 1120 1499 te
1176 1452 1392 1515 appello
1443 1457 1501 1502 et

422 1537 567 1573 mero
620 1524 829 1574 nomine
880 1526 1071 1576 saluto.
1123 1526 1294 1591 epigr.
1331 1531 1414 1578 68.
1458 1529 1496 1578 l.

422 1603 473 1648 2.

403 1717 409 1723 .
485 1682 518 1727 2
549 1679 666 1728 Jum
703 1679 826 1729 nihi
865 1680 1066 1730 Priscus
1106 1680 1227 1745 eris]
1264 1680 1495 1731 Innuens

417 1768 494 1804 sc.
523 1755 874 1806 honorabilius
894 1771 1084 1809 nomen
1109 1771 1225 1808 eum
1248 1759 1496 1821 amisisse,

419 1838 763 1897 posteaquam
785 1834 1029 1896 cognitus
1052 1832 1170 1883 fuit.

482 1909 647 1961 Eme.
668 1922 824 1960 cxiv.
861 1915 890 1960 1
919 1911 1239 1975 Quaecunque,
1259 1911 1369 1976 ξω]
1398 1914 1492 1965 Ju-

416 1985 610 2036 venilia
648 2001 758 2050 sua,
791 1986 881 2036 ubi
915 1989 1117 2036 venalia
1157 1989 1285 2052 siut,
1318 1988 1492 2041 docet.

418 2063 808 2128 Epigrammata
841 2078 958 2129 quae
998 2064 1121 2114 mihi
1161 2065 1282 2115 olim
1325 2082 1491 2131 puero

414 2140 748 2204 exciderunt,
805 2143 1010 2192 venalia
1065 2151 1189 2194 sunt
1233 2146 1373 2209 apud
1422 2147 1488 2199 Q.

381 2235 389 2243 ·
414 2216 549 2266 Poll.
574 2217 753 2268 Valer.
1002 2263 1005 2268 .

478 2299 510 2344 2
543 2294 833 2359 Apinasque,
865 2295 975 2360 ζα]
1011 2296 1345 2363 Nugamenta
1376 2314 1489 2350 car·

411 2372 623 2421 minum.
691 2371 888 2438 Apinas
929 2381 1104 2425 autem
1129 2382 1187 2425 ut
1221 2383 1277 2427 et
1307 2377 1486 2427 Tricas

410 2449 622 2514 Apuliae
645 2451 897 2516 oppidula
933 2449 1098 2504 fuisse
1135 2454 1277 2518 vilia,
1304 2455 1488 2506 scribit

411 2528 617 2577 Plinius
643 2529 674 2577 l.
694 2533 743 2579 8.
765 2543 813 2579 c.
836 2534 921 2579 11.
946 2546 978 2580 a
1000 2530 1263 2581 Diomede
1289 2538 1486 2582 tantam

408 2619 507 2669 per
526 2604 858 2668 ignominiam
880 2621 1083 2671 eversa,
1117 2614 1174 2657 ut
1198 2611 1251 2657 in
1276 2623 1485 2672 prover·

404 2682 478 2732 bii
531 2683 812 2733 ludibrium
857 2684 1102 2735 abierint.
1172 2687 1304 2736 Cum
1355 2700 1483 2736 vero

409 2759 596 2809 Graece
619 2759 865 2811 dicantur
884 2759 1104 2824 ἀφάνναι,
1136 2763 1276 2812 unde
1310 2769 1369 2812 et
1390 2762 1483 2823 Af·

393 2836 575 2899 fania»,
599 2853 692 2888 cur
709 2853 811 2888 non
835 2839 900 2888 ab
922 2837 1105 2903 ἄφάνης
1126 2841 1391 2903 ducamus,
1422 2847 1483 2889 ut

404 2921 461 2963 et
482 2916 660 2985 Tricas
682 2929 713 2964 a
734 2914 926 2979 τρίχεςὲ

469 2996 500 3042 8
537 2994 670 3043 Male
704 2994 948 3058 selloca-e,
973 2994 1082 3059 ζα]
1116 2993 1360 3044 Modesta
1392 3009 1480 3044 ex-

403 3070 660 3121 tenuatio.
742 3071 1021 3135 Occupato
1065 3071 1201 3121 enim
1243 3078 1297 3121 et
1331 3072 1480 3135 gravi

401 3147 604 3198 lectore
637 3147 879 3212 indignas
912 3148 1140 3211 fatetur3
1180 3162 1278 3198 nec
1302 3155 1476 3198 tamen

401 3223 589 3288 abjicit
610 3225 758 3288 adeo,
796 3232 857 3275 ut
886 3226 989 3290 legi
1027 3227 1179 3290 nolit,
1213 3225 1338 3276 dum
1354 3226 1479 3277 Bib-

401 3301 650 3364 liopolam
673 3302 942 3366 exprimit.

463 3380 496 3426 4
534 3378 603 3426 Et
622 3378 878 3442 invidebis,
909 3378 1014 3443 ξω]
1049 3380 1168 3430 Nec
1197 3380 1335 3431 sines
1369 3381 1477 3431 oci-

399 3468 488 3504 um
511 3453 657 3504 abire
680 3455 791 3503 sine
814 3456 961 3504 malo.

460 3534 496 3579 6
532 3530 719 3594 Perire,
743 3530 851 3596 ξω]
884 3531 1124 3583 Exscribi
1149 3530 1472 3596 enim⁰facit‚

394 3605 698 3675 venditque.

461 3685 626 3737 Eme.
647 3699 775 3738 cxv.
811 3691 839 3735 1
868 3687 974 3737 Hos
1003 3686 1114 3752 tibi,
1149 3685 1255 3751 ξω]
1290 3687 1473 3751 Epita-

395 3761 570 3826 phium
587 3761 820 3813 Antullae
836 3765 1044 3828 puellm,
1060 3765 1337 3814 immaturo
1358 3761 1470 3812 fato

392 3845 578 3902 raptae.
612 3840 1240 3906 Faustine‚'l'elesphorus
1256 3841 1470 3890 Foenius

392 3914 593 3965 vicinus
618 3923 736 3966 tuns
756 3915 923 3983 (forte
945 3918 997 3967 iu
1023 3932 1147 3981 agro
1172 3917 1468 3968 Tiburtino.

378 3983 516 4043 'vide
553 3994 720 4059 epigr.
757 3999 842 4045 67.
883 3996 919 4043 Ι.
956 3993 1036 4059 4.)
1068 3994 1186 4044 Diis
1232 3993 1465 4043 manibus

389 4069 515 4120 filiae
555 4086 662 4121 suae
696 4070 950 4134 Antullae,
985 4072 1263 4121 immatura
1295 4076 1466 4121 morte

388 4152 697 4213 pra‘reptae,
713 4147 1039 4197 consecravit
1060 4147 1195 4197 hunc
1220 4147 1465 4216 agellum,

391 4223 446 4272 in
463 4237 567 4288 quo
586 4224 787 4274 cineres
808 4230 866 4273 et
886 4237 1007 4273 ossa
1021 4223 1145 4275 filiae
1163 4225 1416 4276 condidit.

1131 371 1348 421 NOTAE
1398 373 1492 420 VA
1506 370 1807 423 R10RUM
1859 376 1938 423 m

1647 524 1677 570 8
1713 522 1990 586 Nomenque
2023 522 2255 586 sacravit]
2304 523 2438 576 Quia
2472 524 2641 588 sepul-

1580 597 1705 647 chra
1726 613 1877 648 sacra
1912 607 2083 649 erant.
2147 601 2285 649 Tum
2322 600 2546 649 indicem
2584 615 2644 650 ac

1579 676 1789 726 titulum
1814 677 2092 743 sepulchro
2114 677 2383 728 addebant
2403 680 2476 729 D.
2494 680 2571 730 Μ.
2595 679 2647 729 S.

1578 752 1596 781 ‘
1617 753 1735 802 Diis
1771 753 2016 804 Manibus
2052 754 2292 810 sacrum!
2362 754 2647 807 Addebant

1578 828 1737 879 etiam
1762 844 1949 881 nomen
1973 832 2184 896 sepulti.

1642 909 1674 956 4
1713 906 1926 969 Dignior
1943 908 2046 972 ipse
2065 908 2189 972 legi]
2224 908 2365 959 Illud
2388 911 2405 938 ‘
2425 908 2643 973 dignior'

1577 982 1701 1031 mihi
1740 996 1845 1033 non
1886 984 2097 1047 placet:
2134 986 2302 1048 primo
2340 986 2463 1051 qnia
2487 987 2651 1036 ambi-

1577 1074 1733 1123 guum
1759 1066 1876 1111 est:
1908 1060 2050 1126 dein,
2080 1062 2124 1111 si
2164 1063 2218 1111 in
2260 1063 2511 1126 optimum
2536 1078 2649 1113 sen-

1577 1150 1687 1185 sum
1713 1137 2022 1201 accipiatur,
2044 1139 2168 1188 nihil
2184 1140 2267 1188 hic
2290 1140 2487 1190 dicitur
2508 1141 2646 1191 alind

1575 1226 1729 1276 quam
1787 1228 1939 1264 versu
1991 1224 2262 1280 sequente.
2295 1209 2310 1217 ⁶
2341 1218 2541 1267 Vellem
2596 1218 2648 1266 in
2721 1212 2732 1225 '

1573 1288 1774 1353 scripto
1806 1290 1981 1356 aliquo
2013 1298 2285 1343 exstaret:
2317 1299 2513 1344 msera&
2550 1294 2649 1358 ipse

1571 1366 1688 1427 legi.
1777 1367 1912 1417 Nam
1952 1377 2228 1433 parentum
2266 1385 2463 1419 summa
2512 1379 2648 1434 vota,

1573 1442 1746 1494 efferri
1781 1460 1812 1495 a
1834 1445 2029 1496 liberis.
2092 1445 2256 1511 Dein,
2292 1454 2352 1497 ut
2387 1445 2503 1498 fere
2541 1446 2649 1497 He-

1573 1522 1781 1573 raldus:
1842 1524 1933 1587 Et,
1978 1524 2197 1589 Styg-ias,
2241 1540 2427 1589 tequam
2461 1525 2650 1588 suem,

1568 1600 1703 1663 prior
1721 1601 1816 1651 iret
1832 1604 1897 1653 ad
1917 1602 2124 1652 umbras.
2190 1602 2314 1666 Ipse
2332 1609 2646 1666 optaverat:

1570 1684 1626 1726 et
1661 1677 1865 1741 justum
1909 1686 2028 1748 erat
2064 1690 2169 1729 non
2206 1680 2420 1730 turbato
2461 1680 2646 1731 ordine

1567 1756 1921 1819 mortalitatis,
1962 1757 2187 1822 priorem
2229 1757 2376 1807 mori.
2432 1758 2646 1807 Gronov.
2679 1780 2684 1787 ·

1567 1830 1781 1894 Dignior
1799 1832 1902 1896 ipse
1920 1833 2042 1897 legi]
2085 1832 2323 1884 Turbato
2357 1834 2646 1885 mortalita·

1570 1907 1638 1957 tis
1668 1908 1851 1958 ordine
1886 1917 1941 1960 et
1978 1907 2105 1959 fatis
2128 1910 2261 1960 male
2281 1910 2645 1974 judicantibus

1566 1985 1777 2036 titulum
1801 1986 1924 2037 filiae
1949 1994 2110 2051 pater
2131 1990 2336 2039 tumulo
2361 1989 2649 2053 inscripsit,

1565 2063 1705 2129 quod
1727 2062 1952 2114 officium
1976 2079 2042 2114 ex
2064 2073 2268 2115 naturae
2293 2066 2481 2116 ordine
2504 2068 2644 2132 patri

1567 2140 1873 2205 praestitisse
1888 2140 2047 2191 filiam
2068 2142 2264 2208 oequius
2284 2140 2479 2193 fuerat.

1631 2218 1798 2279 Eme.
1828 2233 1986 2269 cxvi.
2025 2223 2051 2268 1
2075 2220 2329 2282 Quaedam,
2359 2219 2472 2284 qm]
2524 2220 2650 2270 Irri-

1564 2296 1659 2346 det
1700 2297 1981 2346 Procillum
2048 2297 2326 2362 quemdam
2386 2298 2642 2360 invidum,

1564 2387 1721 2438 quum
1745 2374 1887 2424 dicat
1909 2389 1965 2423 se
1990 2374 2113 2438 cupi
2135 2388 2166 2423 a
2181 2375 2354 2439 puella
2380 2375 2643 2426 candidis·

1561 2452 1710 2515 sima,
1749 2454 1840 2503 sed
1880 2467 2056 2503 amare
2095 2453 2250 2505 aliam
2285 2455 2639 2520 nigerrimam,

1561 2529 1761 2580 Audito
1784 2532 1873 2581 illo
1912 2532 2088 2596 priori,
2117 2547 2364 2582 summam
2395 2534 2643 2599 capiebat

1562 2607 1819 2657 Procillus
1845 2609 2152 2670 molestiam,
2187 2610 2348 2668 itaut
2372 2626 2490 2675 prae
2520 2625 2641 2660 mae-

1559 2697 1679 2734 rore
1720 2699 1776 2734 se
1822 2692 1965 2736 esset
2017 2701 2400 2751 suspensurus3
2459 2689 2640 2738 audito

1561 2773 1684 2810 vero
1726 2763 2002 2824 posteriori
2042 2763 2335 2828 respiravit.
2422 2765 2640 2815 Procilli

1556 2837 1804 2888 iuvidiam
1829 2838 2148 2902 ludificatus,
2161 2841 2388 2890 candido
2410 2856 2526 2891 eum
2551 2842 2639 2891 lae-
2671 2897 2674 2900 ,

1560 2923 1721 2980 toque
1756 2917 1946 2967 nuncio
1985 2932 2151 2983 usque
2188 2918 2253 2968 ad
2293 2920 2634 2984 suspendium

1556 2994 1862 3056 conti-istan
1901 2996 2054 3059 nigro
2088 3010 2209 3046 mox
2250 2997 2496 3064 tristique
2520 2995 2635 3047 refl-

1556 3070 1630 3119 cit
1652 3077 1707 3119 et
1727 3086 1759 3120 a
1780 3072 2061 3135 suspendio
2085 3082 2314 3125 revocat.

1618 3151 1650 3197 8
1683 3147 1938 3211 Ligustro]
1972 3149 2204 3213 Ligustn’
2228 3150 2461 3203 floribus.

1617 3229 1650 3274 4
1683 3224 1976 3289 Suspendia]
2015 3227 2157 3277 Hinc
2194 3230 2447 3295 colligere
2494 3231 2635 3296 licei,

1552 3299 1569 3328 ‘
1588 3301 1871 3364 suspendia
1888 3301 1901 3323 '
1920 3317 2036 3353 esse
2056 3304 2365 3355 invidorum.

1594 3381 1756 3431 Erro.
1787 3392 1963 3433 cxvii.
2009 3388 2035 3432 l
2069 3384 2202 3448 Hoc]
2260 3386 2512 3450 Ejusdem
2551 3403 2631 3438 ar-

1550 3457 1784 3519 gumenti
1824 3474 1941 3508 curn
1988 3460 2155 3524 epigr.
2201 3466 2311 3512 115.
2359 3465 2455 3513 Est
2491 3463 2627 3512 enim

1549 3531 1779 3583 Antulla!
1811 3534 2170 3598 Epitaphium,
2207 3552 2415 3603 unaque
2442 3553 2623 3603 pamn-

1549 3615 1696 3672 tum3
1737 3627 1890 3677 quem
1914 3627 2112 3663 morem
2148 3619 2205 3664 et
2236 3615 2391 3665 hodie
2414 3615 2625 3667 familiae

1545 3695 1777 3750 servant,
1799 3695 1857 3739 ut
1874 3703 2147 3739 commune
2166 3691 2514 3742 conditorium
2539 3706 2629 3742 cu-

1547 3770 1684 3822 rent.
1754 3766 1937 3816 Nemus
1971 3772 2153 3817 aimo
2188 3768 2426 3831 cinerum]
2462 3767 2623 3833 Agel-

1544 3842 1651 3891 lum
1672 3856 1790 3892 cum
1815 3844 1934 3893 luco
1955 3843 2046 3909 qni
2076 3844 2342 3907 religionis
2364 3859 2522 3895 cansa
2546 3860 2623 3895 se-

1544 3919 1776 3984 pulchris
1824 3919 2051 3971 additus.
2117 3920 2361 3979 Sacrovir,
2397 3920 2513 3984 &cuj
2556 3920 2621 3970 In

1543 4010 1692 4046 usum
1717 4004 1772 4046 et
1808 3995 2056 4046 honorem
2092 3999 2353 4063 sepulchri
2387 3998 2440 4047 in
2467 4004 2618 4048 oeter·

1540 4086 1664 4122 num
1681 4073 1834 4124 sacri.

1605 4152 1635 4198 8
1672 4150 1785 4199 Cito
1800 4149 1966 4214 rapta]
1985 4150 2269 4203 Decedant
2292 4150 2388 4201 aevi
2403 4150 2618 4215 maturi,

1537 4226 1815 4292 rapiuntur
1834 4227 2115 4280 immaturi.
