2985 4937
671 421 742 468 M.
791 421 965 470 VAL.
1016 421 1444 474 uAR'mALts
1499 422 1743 473 amon.
1793 424 1941 473 mn.
1990 425 2071 475 11.

330 566 359 611 7
392 561 519 612 Haec
559 570 693 628 atat,
737 565 946 630 εἰπε-ιω]
993 566 1073 617 Ex
1112 567 1325 631 singulis

186 714 191 720 ι
264 643 648 706 epigrammatis
682 645 891 710 junctis
926 636 1077 696 simul
1120 647 1328 697 libellus

266 718 340 768 tit.
427 721 528 769 Est
574 722 735 786 igitur
777 724 1077 788 absurdum,
1126 725 1327 789 singula

268 812 355 861 per
393 813 449 849 se
491 800 666 863 magni
707 800 904 863 facere,
956 801 1106 851 simul
1152 810 1327 851 autem

265 876 430 924 omnia
465 876 695 926 collecta
730 876 966 928 fastidire
1004 887 1058 930 et
1082 877 1330 942 abjicere.

258 952 273 977 ⁴
298 952 442 1002 Sinn’
478 959 658 1004 antem
691 954 708 982 ‘
729 952 883 1006 ferre'
934 957 1021 1005 vel
1054 959 1070 985 ⁸
1091 962 1332 1019 gestare,’

262 1026 478 1080 formula
512 1035 602 1080 est
639 1031 974 1083 usitatissima
1005 1033 1144 1099 apud
1186 1040 1327 1083 vete·

264 1122 359 1171 res,
375 1123 471 1172 pro
490 1109 707 1160 charum
730 1111 944 1163 habere.
980 1112 1295 1163 Rama-esim.

322 1190 384 1234 10
421 1185 779 1251 Qrcidprodest,
800 1188 905 1252 ξω]
940 1189 1198 1242 Quorsum
1220 1197 1325 1238 stu·

261 1261 343 1310 dui
386 1263 672 1314 brevitati?
703 1263 902 1315 frustra
943 1264 1122 1315 curavi
1168 1271 1228 1314 ut
1268 1265 1328 1314 li·

264 1338 350 1387 ber
372 1341 549 1390 tenuis
568 1348 729 1405 esset,
745 1356 844 1392 nec
866 1342 1099 1393 umbilici
1117 1341 1210 1410 (de
1226 1354 1328 1408 quo

262 1431 339 1480 cp.
380 1422 466 1469 67.
501 1420 537 1469 l.
568 1417 643 1485 1.)
674 1420 1073 1471 crassitudinem
1111 1421 1328 1470 excede·

261 1501 358 1557 ret,
370 1495 412 1543 si
436 1502 619 1546 tamen
644 1503 702 1546 tu
739 1496 993 1546 delicatus
1027 1503 1083 1547 et
1112 1496 1326 1561 supinus

261 1571 673 1624 lectortridunm
695 1573 772 1623 illi
793 1573 1019 1638 legendo
1034 1573 1281 1623 insumas.

319 1654 387 1700 132
416 1651 703 1715 Nunquam,
738 1650 849 1715 qma]
889 1650 1017 1713 Alii,
1062 1651 1327 1715 Nusquam.

262 1735 315 1778 ut
337 1743 421 1791 ep.
460 1733 513 1778 4.
549 1729 586 1776 l.
629 1732 678 1778 1.
744 1727 977 1789 ‘Nescis‚
1016 1728 1118 1776 heu
1152 1725 1326 1777 nescis

261 1803 473 1854 dominae
497 1802 722 1854 fastidia
745 1804 956 1865 Romoe,’
977 1806 1076 1852 stc.

318 1886 375 1931 15
411 1880 661 1945 Bovillas]
697 1880 967 1945 Oppidum
1011 1879 1068 1929 in
1109 1879 1189 1929 via
1210 1878 1327 1928 Ari·

262 1957 387 2020 cina,
404 1971 509 2007 non
536 1958 696 2021 longe
715 1973 744 2007 a
760 1959 942 2007 Roma.

321 2039 381 2085 16
413 2034 760 2096 Interiungere
794 2033 989 2100 queris]
1019 2033 1161 2083 Male
1196 2033 1327 2097 legi

265 2118 341 2161 tur
361 2113 469 2162 Iter
488 2111 723 2175 jungere.
789 2111 885 2161 Est
923 2110 1059 2161 enim
1092 2108 1327 2170 intedim-

260 2202 380 2251 ειη,
403 2189 547 2252 jugo
569 2187 767 2237 solvere
784 2200 940 2252 equos
962 2199 1053 2236 seu
1073 2185 1226 2235 boves
1249 2199 1330 2234 re-

260 2261 495 2316 fectionis
543 2264 741 2327 gratia:
775 2270 857 2312 est
899 2270 1073 2312 antem
1116 2261 1326 2325 Allego-

260 2342 358 2391 ria:
395 2344 619 2392 brevem
644 2339 831 2389 librum
850 2351 955 2389 non
979 2352 1082 2388 ano
1102 2337 1329 2388 decursu

203 2445 208 2451 -
262 2416 502 2483 perlegis,
547 2416 815 2466 verumvin
851 2415 1040 2484 itinere
1073 2416 1238 2465 haeres
1272 2422 1328 2465 et

263 2510 460 2562 pansam
504 2495 735 2545 oscitans
758 2495 1068 2558 interponis.
1131 2493 1213 2543 Aa
1235 2494 1328 2542 Ca·

261 2573 451 2637 sams]
478 2572 582 2621 *Ad
624 2573 795 2622 lucum
839 2580 893 2623 et
937 2570 1329 2634 templum-Ca·

261 2663 545 2701 moeuarnm
568 2655 721 2698 extra
738 2655 944 2712 portam
962 2646 1206 2712 Appiam.
1236 2647 1330 2696 sed

260 2724 373 2775 vide
392 2726 498 2776 Ph.
525 2723 759 2775 Cluverii
781 2724 1058 2785 Italiam,1.
1083 2728 1133 2773 3.
1158 2738 1207 2772 c.
1229 2728 1282 2774 4.

323 2805 381 2852 17
415 2804 451 2853 Ι
485 2800 757 2866 παησΑτᾶ
791 2799 1135 2866 Epanalepsis
1161 2799 1330 2851 Ironi-

262 2893 335 2941 ca,
350 2894 516 2945 supra
531 2892 667 2929 vers.
685 2882 734 2928 1.

321 2958 482 3008 Erro.
506 2969 613 3007 vu.
647 2960 674 3005 1
712 2954 986 3018 Declamas]
1008 2954 1206 3003 Notum
1230 2953 1332 3003 dis·

264 3037 449 3087 crimen
486 3038 634 3086 inter
654 3033 1059 3097 declamatorem
1085 3039 1141 3081 et
1163 3038 1331 3082 orato·

262 3125 392 3164 rem:
428 3114 631 3164 Orator
666 3121 818 3161 veras
848 3124 1048 3173 causas,
1077 3109 1333 3159 declama-

267 3196 343 3238 tor
380 3190 560 3252 fictas,
601 3187 810 3253 agebat.
883 3188 1013 3237 Tum
1066 3187 1201 3236 belle
1250 3187 1333 3236 hic

267 3264 664 3331 χαρακτηρίζεται
682 3264 898 3328 ardelio,
920 3264 1008 3329 qui
1048 3278 1166 3313 cum
1206 3263 1335 3314 niliil

266 3341 391 3393 bene
406 3350 558 3408 agat,
576 3342 690 3407 agit
707 3342 875 3392 omnia
893 3341 1046 3405 belle,
1061 3341 1115 3391 id
1153 3348 1255 3404 est,
1279 3343 1332 3392 in

267 3421 502 3470 omnibus
524 3419 692 3470 bellus
725 3418 823 3468 sibi
859 3418 1099 3481 videtnr3
1133 3425 1190 3469 et
1221 3419 1334 3468 nul·

268 3497 339 3546 las
374 3504 544 3561 artes,
564 3497 730 3546 nullas
752 3496 1001 3546 scientias
1023 3496 1226 3559 ignotas
1246 3495 1336 3544 ha-

236 3572 372 3635 het,
402 3589 467 3624 ac
523 3573 588 3621 de
631 3572 869 3622 omnibus
911 3572 1160 3637 loquitur,
1195 3570 1335 3621 belle

276 3651 468 3714 potius,
524 3650 578 3699 id
630 3657 729 3710 est,
768 3656 1016 3713 tanquam
1052 3649 1203 3697 honio
1246 3645 1336 3711 qni

270 3726 457 3787 politus
482 3725 648 3775 videri
670 3724 786 3774 vult
807 3725 886 3775 καὶ
918 3725 1150 3788 chaumes,
1183 3738 1336 3790 quam

270 3802 447 3862 perite.
514 3800 669 3850 Tales
705 3800 869 3865 igitar
889 3802 1122 3851 homines
1155 3802 1335 3866 appel·

271 3876 444 3928 labant
476 3876 839 3944 ‘ardeliones,’
871 3879 960 3943 qni
1005 3878 1147 3928 circa
1165 3876 1338 3928 omnia

275 3954 568 4016 volitarent,
599 3961 656 4003 et
679 3954 860 4003 nullibi
880 3952 1066 4018 pedem
1089 3953 1336 4017 figerent.

276 4029 473 4082 Herum.
513 4032 672 4090 Belle,
689 4031 796 4096 ξα]
831 4031 915 4080 Ad
939 4032 1076 4081 hunc
1100 4030 1337 4081 Attalum

275 4114 356 4156 est
394 4109 716 4173 epigramma
754 4109 790 4158 l.
830 4112 879 4158 1.
935 4113 1019 4159 80.
1058 4109 1147 4158 nbi
1195 4108 1337 4158 illius

279 4184 731 4251 πολυπραγμοσύνην
770 4175 955 4251 carpit.
1021 4185 1128 4235 Hic
1151 4185 1339 4236 irridet

280 4263 619 4327 arrogantiam
658 4268 716 4312 et
739 4263 1050 4327 jactantiam
1074 4262 1335 4327 ejusdem:

281 4350 377 4401 qua
398 4340 569 4393 omnia
592 4337 877 4391 affectabat
917 4345 973 4390 et
999 4340 1264 4406 jactabat,
1283 4347 1338 4390 et

2300 410 2472 477 1139

1402 573 1580 619 tamen
1623 568 1749 618 nihil
1787 567 1995 633 agebat.
2062 569 2187 619 Rau.
2226 569 2348 620 vide
2387 584 2472 634 ep.

1403 649 1483 693 10.
1503 647 1535 695 Ι.
1563 651 1608 696 l.

1468 725 1500 770 8
1533 722 1757 787 Ardelio]
1811 719 2183 788 Πυλυπράγμων,
2239 720 2393 786 Angl.
2444 740 2473 771 a

1401 799 1657 865 busybody.
1674 807 1732 851 ut
1748 802 1783 850 1.
1797 806 1843 852 1.
1862 802 2027 866 epigr.
2042 803 2122 851 80.
2135 800 2299 850 multa
2319 815 2474 865 agen-

1402 875 1470 925 do
1490 877 1614 926 nihil
1639 879 1913 943 agens,qni
1932 884 1988 928 ut
2013 878 2254 929 videatur
2277 879 2471 944 aliquid

1402 968 1515 1004 esse
1537 955 1590 1005 in
1614 957 1870 1019 omnibus,
1896 956 2022 1006 nihil
2044 957 2195 1009 estin
2222 957 2471 1021 singulis:

1401 1031 1418 1061 ⁸
1441 1046 1691 1099 nusquam
1725 1032 1864 1084 enim
1887 1041 1989 1096 est,
2014 1033 2100 1098 qui
2122 1033 2315 1099 ubique
2353 1035 2474 1095 est‚'

1401 1109 1603 1158 Seneca
1621 1110 1779 1174 epist.
1802 1115 1855 1160 2.
1922 1109 2030 1160 Alii
2054 1109 2120 1160 ab
2150 1111 2168 1140 ‘
2193 1110 2397 1160 ardore'
2417 1119 2474 1161 et

1402 1186 1603 1249 impetu
1628 1188 1792 1237 muita
1827 1187 2103 1250 tentantis,
2136 1187 2266 1237 nihil
2297 1199 2475 1251 prose-

1402 1264 1646 1330 quentin
1684 1264 1788 1315 Alii
1821 1265 1889 1315 ab
1914 1264 2178 1314 ‘ardeola’
2221 1266 2323 1327 avi,
2357 1278 2472 1330 qnae

1401 1341 1455 1391 in
1487 1343 1664 1393 volatu
1687 1344 1906 1392 multum
1927 1349 2125 1405 movet,
2152 1356 2331 1406 parum
2355 1356 2474 1407 pro-

1400 1426 1597 1482 movet,
1637 1418 1910 1469 diductum
1949 1420 2144 1470 volunt.
2212 1420 2348 1469 Sunt
2384 1420 2474 1483 qui

1401 1496 1711 1547 Ardelioues
1734 1497 2004 1547 mimorum
2023 1511 2183 1560 genus
2201 1495 2364 1546 fuisse
2384 1510 2476 1545 vo-

1398 1574 1532 1624 lunt.
1600 1572 1739 1623 Vide
1755 1573 1924 1637 epigr.
1960 1574 2150 1623 Graeca
2173 1581 2281 1637 κεφ.
2303 1576 2392 1634 μβ.

1426 1668 1431 1673 ·
1466 1649 1633 1700 Eno.
1655 1662 1782 1700 vm.
1802 1655 1826 1699 1
1864 1649 1923 1700 st
1945 1665 2037 1715 qua
2053 1649 2472 1714 videbantur‚q·e.]

1402 1726 1572 1778 Poeta
1589 1740 1683 1792 per
1689 1727 1887 1791 j'ocnm,
1909 1735 1964 1776 et
1989 1733 2047 1777 ut
2063 1734 2234 1776 tentet
2257 1724 2477 1777 lectoris

1400 1818 1521 1855 cum
1561 1804 1843 1870 ingenium,
1880 1810 1989 1853 tum
2032 1804 2334 1864 candorem,
2365 1802 2476 1865 epi-

1402 1888 1744 1947 grammatum
1768 1894 1977 1931 snorum
2013 1881 2162 1944 vitia,
2194 1881 2340 1946 quasi
2363 1893 2394 1929 a
2418 1893 2478 1928 se

1401 1973 1663 2022 amovens,
1684 1958 1737 2008 in
1758 1959 2083 2008 librariorum
2100 1956 2471 2022 negligentiam

1401 2043 1458 2087 et
1474 2051 1704 2087 errorem
1729 2033 1954 2085 confert.

1466 2121 1497 2165 ⁶
1536 2114 1677 2171 Quod
1717 2112 1763 2163 si
1796 2129 1887 2163 non
1910 2114 2067 2175 illam,
2103 2113 2214 2177 ξω]
2246 2110 2401 2164 Quod
2431 2112 2474 2160 si

1401 2206 1570 2242 meam
1593 2192 1750 2254 hanc,
1770 2206 1885 2256 qnoe
1923 2197 2099 2240 tamen
2143 2188 2371 2254 vulgaris
2393 2197 2478 2238 est

1400 2270 1672 2319 authorum
1717 2266 2010 2331 excusatio,
2047 2281 2149 2316 non
2187 2266 2478 2326 admiseris,

1402 2356 1574 2409 neque
1619 2359 1719 2408 ego
1759 2351 1811 2395 te
1852 2358 1949 2407 pro
1993 2342 2214 2393 cordato
2259 2350 2317 2393 et
2354 2358 2475 2393 can·

1404 2421 1530 2474 dido
1583 2423 1782 2473 lectore
1825 2418 2063 2471 habebo:
2126 2419 2263 2485 ‘jam
2303 2434 2479 2471 sumus

1405 2516 1531 2566 ergo
1555 2500 1743 2565 pares?
2125 2489 2128 2494 ¹

1406 2576 1415 2590 ’
1469 2584 1503 2628 6
1543 2578 1785 2639 Ἠικειςο
1824 2582 1874 2626 te
1909 2578 2118 2637 credam,
2159 2576 2267 2640 qm]
2300 2574 2505 2623 Remi·-

1405 2654 1573 2704 resins
1618 2652 1696 2702 sic
1735 2651 1867 2715 legit
1902 2651 2037 2700 hunc
2070 2664 2309 2700 versum:
2346 2651 2482 2697 Num

1402 2739 1464 2780 ‘ne
1479 2745 1567 2792 ego
1590 2735 1641 2777 te
1654 2729 1841 2777 wedam
1855 2726 2014 2775 cordis
2032 2725 2203 2775 habere
2217 2724 2340 2774 nihil
2356 2720 2383 2774 2
2409 2723 2474 2773 Id

1406 2815 1510 2866 est,
1549 2807 1591 2856 si
1636 2805 1830 2855 dixeris
1869 2818 1951 2853 me
1988 2816 2260 2866 peccasse,
2282 2807 2338 2850 te
2361 2813 2479 2850 cor-

1406 2883 1588 2933 datum
1628 2889 1686 2932 et
1726 2880 2016 2945 sapientem
2048 2877 2335 2943 judicabo?
2384 2877 2484 2926 sed

1406 2959 1608 3024 inepte.

1471 3036 1647 3087 ’τῖσαι
1685 3040 1843 3085 tomen
1865 3034 1990 3083 mala
2011 3032 2144 3095 sunt]
2177 3031 2347 3095 Urget
2367 3030 2477 3080 lec·

1406 3121 1511 3177 tor,
1524 3113 1651 3164 sed
1638 3127 1750 3177 ipsa
1771 3111 1999 3162 carmina
2022 3110 2154 3172 mala
2177 3117 2315 3171 sunt,
2340 3107 2487 3173 quod

1407 3206 1510 3241 non
1543 3196 1650 3258 tam
1690 3187 1756 3238 ab
1778 3202 2054 3252 operarum
2091 3200 2287 3243 errore,
2326 3197 2478 3250 quam

1407 3268 1474 3317 ab
1498 3267 1693 3334 autoris
1713 3265 1866 3317 vitio.
1902 3265 2055 3323 Quasi
2070 3279 2176 3327 nos,
2197 3263 2302 3327 θα]
2336 3260 2480 3326 Ape-

1409 3346 1477 3394 rit
1500 3358 1557 3394 se
1587 3342 1777 3405 Poeta,
1800 3348 1854 3391 et
1877 3340 2078 3391 fatetur
2099 3341 2237 3390 mala
2268 3338 2480 3405 quidem

1408 3433 1521 3470 esse
1540 3422 1674 3478 haec,
1697 3419 1790 3469 sed
1812 3425 1868 3468 et
1884 3419 2003 3468 illos
2023 3423 2277 3481 provocat
2293 3421 2349 3465 ut
2372 3427 2480 3464 me·

1408 3496 1563 3558 liora,
1585 3497 1629 3546 ei
1654 3495 1877 3561 possint,
1899 3495 2164 3555 scribant3
2200 3493 2277 3542 sin
2296 3493 2490 3558 miuus,

1408 3573 1487 3624 his
1511 3579 1739 3636 utantur,
1773 3573 1889 3621 haec
1931 3571 2100 3620 anim'o
2142 3571 2374 3634 aeqniore
2397 3583 2481 3617 ac-

1410 3651 1629 3716 cipiant.
1652 3650 1819 3714 epigr.
1838 3651 1919 3699 9².
1944 3648 1977 3697 l.
2001 3652 2048 3698 1.
2074 3646 2199 3711 quin
2221 3653 2278 3695 et
2310 3659 2364 3693 se
2389 3645 2483 3692 mi-

1410 3734 1566 3779 natur
1604 3740 1873 3778 censorem
1912 3739 2016 3775 non
2055 3724 2221 3773 minus
2268 3723 2320 3770 in
2363 3720 2481 3769 illos

1410 3805 1655 3869 rigidum,
1685 3801 1729 3853 si
1748 3801 2072 3866 scripserint.
2137 3799 2298 3851 Quasi
2336 3810 2488 3857 vero,

1411 3883 1586 3949 inquit
1641 3881 1919 3941 Martialis,
1957 3892 2056 3943 ego
2101 3873 2326 3928 diffitear
2364 3889 2481 3923 esse

1411 3958 1500 4007 illa
1525 3963 1745 4021 peccata
1784 3957 1895 4005 sive
1933 3956 2072 4005 mala
2103 3969 2245 4015 mea,
2281 3959 2338 4003 ct
2377 3965 2482 4001 non

1402 4033 1516 4098 joci
1535 4046 1716 4082 caussa
1738 4032 1958 4082 dixerim
1978 4046 2093 4082 esse
2117 4029 2330 4080 librarii.
2376 4029 2481 4079 Sed

1374 4169 1379 4174 ι
1411 4117 1680 4175 utcunque
1726 4123 1809 4159 res
1847 4109 2025 4172 habet,
2075 4105 2185 4157 sive
2223 4120 2341 4156 mea
2376 4105 2486 4168 illa,

1412 4186 1527 4236 sive
1569 4186 1772 4235 librarii
1826 4192 1967 4249 sunt,
2012 4194 2069 4235 tn
2119 4182 2337 4234 meliora
2378 4196 2482 4234 non

1411 4262 1565 4314 facis.
1598 4262 1834 4313 Mmmb.

1480 4340 1644 4389 Erre.
1682 4351 1765 4390 rx.
1812 4344 1836 4389 1
1873 4337 2090 4403 Scripsi}
2134 4339 2263 4390 Non
2300 4335 2484 4402 despe-
