2985 4937
491 428 665 498 1426

621 822 1567 905 EPIGRAMMATUM··
1588 822 1805 898 LIB.
1839 821 2081 897 xm.

565 1031 768 1098 Xenia]
802 1032 1028 1084 ‘Xenia'
1075 1032 1235 1094 dicta,
1277 1031 1416 1098 quod
1456 1033 1559 1083 wis

494 1112 657 1177 ξένοις,
704 1112 758 1162 id
811 1119 913 1172 est,
962 1109 1273 1175 hospitibus,
1310 1124 1408 1159 nec
1454 1123 1556 1158 non

495 1191 677 1241 amicis
710 1179 1104 1253 apponebantur
1135 1185 1559 1238 mittebanturve.

499 1265 635 1316 Haec
657 1280 772 1315 cum
796 1264 1022 1327 pictores
1044 1262 1266 1320 tabellis,
1290 1268 1397 1311 tum
1422 1260 1556 1312 Po&-

497 1349 557 1393 ta
594 1340 920 1392 Carminibus
975 1340 1203 1390 imitatus
1251 1345 1367 1388 est:
1420 1336 1558 1387 infra

499 1420 677 1482 Epigr.
722 1423 771 1468 8.
817 1425 872 1467 et
902 1417 1173 1467 Vitruvius
1202 1414 1335 1465 libro
1378 1418 1429 1464 6.
1473 1428 1559 1468 ca·>

499 1496 612 1561 pite
636 1500 716 1546 lo.
777 1494 943 1546 Tituli
977 1501 1035 1544 et
1067 1495 1309 1543 lemmata
1353 1505 1468 1557 quoe
1504 1493 1559 1540 in

497 1570 895 1635 elegantissimis
921 1627 924 1630 A
948 1570 1232 1620 Xeniorum
1297 1574 1355 1617 et
1412 1567 1558 1631 Apo·

501 1648 829 1712 phoretorum
890 1646 1077 1697 libellis
1122 1643 1390 1708 adscripta
1440 1651 1561 1702 sunt

498 1723 736 1774 distichis
768 1723 1001 1788 singulis,
1035 1737 1101 1772 ea
1139 1721 1401 1772 Martialis
1444 1735 1559 1772 esse

499 1806 559 1851 ut
613 1802 764 1860 scias,
817 1801 882 1850 ad
939 1800 1252 1864 dignitatem
1305 1798 1561 1863 imprimis

499 1878 888 1943 utilitatemque
948 1878 1218 1941 utriusque
1283 1874 1555 1940 pertinet:

500 1969 618 2005 cum
677 1961 886 2004 caeteras
920 1953 1309 2018 inscriptiones,
1339 1967 1459 2018 quoe
1504 1952 1560 2004 in

499 2032 945 2097 Epigrammatum
983 2030 1130 2080 libris
1162 2034 1241 2080 12.
1300 2035 1457 2094 atque
1507 2028 1561 2080 in

500 2105 808 2171 fragmento.
852 2108 920 2157 de
987 2108 1313 2171 Spectaculis
1377 2121 1561 2157 occur·

501 2191 642 2248 runt,
661 2184 986 2235 librariorum
1024 2184 1130 2234 sint
1149 2191 1218 2238 ‚et
1238 2184 1565 2248 criticorum,

503 2275 602 2326 pro
639 2259 857 2312 arbitrio
909 2277 972 2312 ac
1015 2261 1182 2312 lubitu
1237 2261 1440 2327 quidvis
1484 2261 1563 2330 ³¹¹ss

505 2338 907 2403 terpretantium
975 2353 1038 2390 ac
1113 2339 1561 2403 interpolantium.

502 2412 657 2471 Quod
673 2413 734 2464 in
755 2413 937 2465 xeniis
969 2421 1027 2464 et
1061 2413 1417 2480 Apophoretis
1454 2413 1564 2465 fac-

501 2501 633 2558 tum,
655 2509 781 2555 cave
804 2494 1004 2546 credas.
1071 2493 1134 2543 Iu
1148 2493 1566 2558 Epigrammatis,

501 2571 640 2636 qnod
686 2571 824 2634 dico,
890 2571 1083 2620 clamat
1125 2570 1234 2633 ipsa
1288 2570 1564 2620 diversitas

499 2647 894 2712 inscriptionum
930 2648 980 2696 in
1017 2647 1240 2697 diversis
1274 2646 1563 2708 codicibus,

502 2738 604 2789 qua
627 2723 860 2788 scriptis,
883 2738 986 2788 qua
1003 2722 1179 2772 editis.
1217 2721 1417 2772 Horum
1439 2737 1564 2772 vero

503 2800 800 2850 lemmatum
837 2807 1103 2848 auctorem
1134 2813 1189 2848 se
1219 2799 1388 2862 ipsum
1412 2799 1565 2864 profi·

502 2881 642 2926 tetur
695 2875 845 2925 initio
899 2874 1391 2939 Apophoretorum3
1444 2890 1561 2925 cum

502 2951 702 3017 inquit:
738 2951 1064 3011 ‘Lemmata
1105 2950 1149 2999 si
1203 2965 1426 3015 quaeres,
1470 2965 1566 3001 cur

503 3029 610 3091 sint
631 3027 914 3092 adscripta,
932 3025 1132 3076 docebo
1154 3042 1169 3076 z
1189 3027 1283 3090 Ut,
1305 3027 1350 3076 si
1368 3028 1563 3077 malue-

504 3105 595 3167 ris,
611 3105 854 3155 lemmata
877 3104 988 3153 sola
1004 3103 1181 3165 legas?
1248 3101 1401 3153 Adde
1423 3103 1562 3168 quod

503 3180 698 3245 absque
751 3180 813 3239 iis
855 3195 930 3237 ne
961 3181 1229 3233 millesima
1264 3195 1385 3244 pars
1422 3182 1567 3232 disti·

503 3252 712 3305 chorum
734 3263 880 3306 recte
910 3257 1133 3320 intelligi
1160 3258 1343 3322 possit.
1410 3258 1563 3313 Quod

502 3331 588 3393 vel
607 3331 773 3389 solum
797 3341 1003 3396 arguat,
1028 3334 1188 3397 ipsius
1220 3334 1481 3399 Martialis
1504 3351 1566 3386 ea

501 3420 644 3467 esse;
681 3402 1145 3472 non'librariorum,
1165 3410 1352 3476 quibus
1365 3411 1565 3475 Sphinx

500 3482 645 3534 domi
684 3498 787 3534 nou
841 3492 972 3537 erat.
1037 3486 1102 3536 Iu
1140 3478 1564 3552 Epigrammatis,

499 3566 611 3628 tam
646 3562 875 3624 operosis
923 3563 1111 3625 passim
1158 3563 1564 3615 divinationibus

497 3650 771 3707 nonopus.
804 3637 1014 3688 Sci-iver.
1078 3680 1087 3688 .

564 3714 730 3777 Erro.
763 3728 812 3779 ι.
872 3715 1152 3779 Martialis,
1193 3715 1480 3780 imparatus
1532 3733 1565 3769 a

498 3789 740 3854 pecunia,
764 3789 1097 3855 jocabundus
1119 3792 1210 3856 ait,
1239 3807 1294 3841 se
1315 3793 1563 3844 Saturna·

497 3865 684 3915 liorum
709 3866 892 3916 diebus
911 3865 1121 3932 (quibus
1145 3868 1317 3932 pueris
1338 3866 1440 3932 fas,
1469 3864 1564 3920 nuss

499 3940 644 3991 cibus
659 3958 675 4003 ς
699 3942 1214 4007 adolescentioribus,
1228 3945 1342 3995 alea
1357 3945 1565 4012 ludere)

498 4031 615 4068 cum
637 4019 806 4068 Musis
827 4019 1078 4079 lusurum,
1120 4025 1175 4069 e't
1205 4019 1385 4070 blattis
1407 4035 1562 4085 prau-

498 4093 585 4143 dia
601 4101 901 4159 paraturum
921 4112 935 4146 z
962 4110 1178 4164 eamque
1193 4099 1358 4147 aleam
1379 4113 1560 4163 parum

497 4170 708 4234 quidem
728 4173 1005 4235 lucrosam,
1025 4188 1121 4222 nec
1145 4174 1362 4225 multum
1383 4179 1561 4225 tamen

500 4260 614 4296 esse
636 4246 948 4299 damnosam.
982 4248 1221 4299 Rada-ns.

562 4330 589 4376 1
629 4325 708 4376 Ne
727 4331 861 4390 toga,
881 4329 987 4394 ὅτι]
1033 4328 1112 4411 ⁴Ut
1142 4327 1557 4382 babeant-salsa-

1194 437 1409 488 NOTAE
1457 436 1859 488 vammum
1882 467 1887 474 ·
1911 435 1991 484 IN

2172 821 2558 900 XENIA.

1632 1033 1875 1085 mentarii
1937 1039 1993 1083 et
2059 1034 2429 1098 aromatopolae
2489 1032 2709 1095 ineptas

1635 1112 1863 1172 chartas,
1892 1111 2078 1176 quibus
2099 1112 2369 1161 involvant
2394 1109 2697 1173 pisciculos,

1636 1188 1918 1250 scombros,
1959 1196 2012 1238 et
2057 1187 2253 1247 olivas3
2286 1185 2471 1249 Epigr.
2516 1188 2566 1235 2.
2603 1183 2695 1232 lib.

1634 1268 1683 1316 8.
1707 1278 1838 1314 vers.
1860 1268 1909 1314 4.
1933 1271 1989 1314 et
2011 1264 2188 1327 Epigr.
2206 1267 2289 1314 87.
2314 1262 2403 1311 lib.
2421 1268 2472 1312 4.
2494 1274 2631 1310 vers.
2648 1264 2696 1309 8.

1639 1342 1881 1406 Cor-aytis]
1945 1341 2183 1405 Cordylae
2246 1337 2486 1403 pisciculi
2559 1344 2701 1386 sunt.

1634 1416 1754 1468 vid.
1779 1417 1886 1484 lib..
1906 1422 1955 1468 ³.
1993 1418 2175 1482 Epigr.
2196 1420 2247 1466 2.
2303 1414 2577 1464 Paenulam
2601 1426 2698 1476 pro

1606 1495 1838 1544 *cucullo
1883 1496 2073 1560 posuit.
2137 1494 2417 1544 Molestum
2466 1489 2700 1540 tunicam

1638 1579 1791 1622 vocat
1814 1572 1957 1632 alibi,
1972 1570 2110 1637 quod
2127 1570 2346 1620 involuti
2363 1568 2576 1631 chartis,
2594 1561 2702 1617 vel-

1636 1649 1713 1699 uti
1743 1650 1939 1713 tunica,
1960 1648 2222 1699 cineribus
2247 1653 2564 1697 assarentur.

1701 1729 1734 1775 2
1764 1726 1865 1775 Aac
1906 1725 2113 1790 inopem]
2166 1725 2243 1774 Ut
2277 1723 2504 1774 babeant
2538 1722 2700 1772 tineae

1636 1807 1693 1851 et
1732 1802 1915 1854 blattae
1959 1818 2076 1854 cum
2119 1802 2304 1869 quibus
2348 1801 2610 1861 rixentur,
2647 1804 2701 1848 et

1637 1893 1789 1944 quam
1805 1880 2049 1930 arrodant
2071 1894 2261 1939 escam,
2284 1878 2515 1928 chartas.

1703 1959 1733 2005 8
1779 1954 2002 2019 Perdite]
2036 1956 2084 2007 Ο
2131 1957 2315 2019 Musae,
2347 1968 2567 2020 quarum
2600 1967 2696 2003 oes-

1641 2037 1723 2081 tro
1764 2046 1862 2095 ego
1913 2034 2146 2097 percitus
2202 2045 2316 2082 meo
2355 2047 2472 2081 cum
2511 2031 2699 2082 damno

1638 2108 1810 2158 scribo
1833 2108 2095 2172 Carmina,
2115 2108 2325 2172 perdite
2345 2115 2400 2159 et
2425 2108 2518 2157 bas
2552 2108 2698 2157 cbar-

1639 2190 1734 2234 tas.
1766 2185 1989 2235 Niliacus
2026 2185 2256 2250 papyros]
2303 2185 2515 2235 Chartae
2551 2197 2701 2233 usum

1639 2260 1888 2324 praestitit
1933 2261 2053 2311 olim
2109 2274 2356 2324 papyrus,
2403 2259 2600 2323 juncus
2649 2260 2701 2308 in

1638 2336 1958 2400 palustribus
1981 2336 2194 2402 AEgypti
2225 2337 2349 2387 locis
2376 2344 2551 2400 uatus,
2572 2336 2700 2386 divi·

1635 2427 1822 2480 susque
1844 2414 1897 2485 in
1919 2414 2245 2468 tenuissimas
2271 2414 2520 2479 philyras.
2588 2413 2699 2463 Mea

1637 2492 1833 2557 damna]
1862 2491 2024 2543 Jocus
2051 2500 2163 2543 est:
2199 2493 2320 2558 quia
2351 2493 2487 2543 mala
2510 2490 2701 2542 Carmi-

1639 2584 1706 2618 na
1729 2570 1954 2633 perdunt
1974 2570 2135 2620 bonas
2156 2570 2376 2620 chartas.

1703 2651 1736 2696 4
1772 2647 1922 2696 Ebria
1962 2645 2147 2709 bama]
2193 2645 2488 2697 Saturnalia
2528 2659 2701 2696 meuse

1639 2720 1857 2771 brumali
1895 2721 2176 2771 Decembri
2206 2720 2495 2783 celebrata,
2518 2722 2572 2770 in
2594 2722 2699 2787 qui·

1642 2796 1738 2847 bus
1773 2797 1925 2862 genio
1963 2797 2352 2863 indulgebatur.
2419 2797 2582 2864 Sales]
2612 2798 2699 2850 Jo-

1639 2889 1745 2926 cos.

1703 2956 1734 3000 6
1771 2950 1885 3000 Nou
1905 2950 2030 3014 meu]
2078 2951 2191 3015 Ego
2219 2951 2273 3000 in
2306 2951 2385 3000 bis
2414 2952 2699 3003 Saturnali-

1638 3027 1733 3077 bus
1756 3040 1856 3077 uon
1879 3027 2002 3076 ludo
2022 3028 2160 3087 talis,
2184 3027 2303 3077 dein
2325 3029 2565 3079 tesseris:
2601 3042 2697 3085 non

1639 3103 1860 3152 nucibus
1880 3118 1978 3154 nec
2011 3102 2237 3165 fritillis3
2273 3103 2362 3154 sed
2387 3106 2699 3156 carminibus

1639 3187 1697 3230 et
1726 3180 1935 3241 chartis.
2001 3179 2263 3244 Epigram.
2297 3172 2381 3230 δὲ.
2405 3183 2495 3233 lib.
2520 3187 2572 3233 4.
2604 3197 2696 3233 vss.

1641 3259 1719 3305 15.
1748 3259 1822 3306 16.
1848 3256 2180 3318 Magnanimo,
2195 3257 2302 3321 ξω]
2327 3257 2410 3307 An
2433 3259 2596 3309 talum
2610 3275 2695 3324 ap-

1639 3332 1803 3396 pellat
1857 3332 2257 3397 magnanimum,
2299 3334 2439 3398 quod
2485 3337 2614 3386 talis
2645 3342 2701 3384 et

1640 3408 1849 3457 tesseris
1902 3415 2113 3459 strenue
2161 3424 2372 3474 operam
2420 3411 2571 3474 deut,
2608 3427 2697 3462 seu

1640 3483 1813 3548 potius
1846 3498 1972 3548 opes
1991 3486 2214 3548 perdant
2235 3487 2485 3538 luxuriosi
2507 3499 2567 3539 et
2587 3503 2702 3552 pro·

1638 3560 1745 3626 digi
1777 3563 2037 3626 juvenes,
2063 3578 2190 3628 quos
2233 3564 2445 3615 Persius
2491 3566 2606 3617 Sat.
2647 3571 2697 3617 6.

1637 3640 1869 3704 appellat
1898 3645 1914 3668 ⁸
1948 3639 2299 3704 magnanimos
2323 3641 2572 3705 pueros?’
2614 3641 2697 3695 Au

1637 3714 1773 3766 forte
1810 3716 1998 3781 alludit
2025 3716 2091 3766 ad
2116 3717 2239 3767 illud
2266 3718 2591 3784 Philosophi,
2611 3720 2697 3786 qui

1634 3792 1822 3844 fortem
1844 3801 1900 3844 et
1917 3795 2297 3859 magnanimum
2331 3807 2604 3861 comparat
2632 3799 2699 3859 τᾷ

1633 3870 1943 3935 τετραγόνῳί
1987 3873 2058 3921 Et
2092 3871 2179 3922 bic
2214 3873 2488 3923 Nicomed.
2524 3874 2613 3925 lib.
2647 3879 2692 3924 1.

1635 3952 1859 4011 cap-1⁰.
2226 3954 2231 3959 ’

1697 4026 1731 4070 ὃ
1763 4021 1908 4071 Senio
1920 4037 2003 4072 nec
2015 4021 2251 4086 nostrum]
2273 4024 2497 4074 Faustus
2496 4025 2693 4090 Jactus,

1632 4098 1929 4163 qui,ternus
1947 4100 1999 4148 in
2018 4103 2065 4149 3.
2085 4099 2203 4148 talis
2216 4101 2259 4148 si
2278 4098 2551 4163 ceciderit,
2563 4098 2693 4150 fans·

1637 4174 1858 4223 tissimus
1892 4182 1975 4223 est
2012 4182 2069 4224 et
2104 4175 2495 4226 lucrosissimus.
2568 4178 2691 4227 Cane

1632 4251 1846 4315 quassat]
1866 4250 2088 4313 Unione,
2089 4252 2238 4315 jactu
2250 4251 2517 4304 damnoso.
2546 4253 2693 4318 Ebur]

1632 4328 1888 4380 Fritillum
1938 4343 2004 4380 ex
2060 4327 2236 4380 ebore.
2304 4329 2570 4395 Epigram.
2615 4334 2689 4381 14.
