2985 4937
482 382 655 449 1168

478 544 579 595 hoc
592 542 716 594 mihi
734 543 960 605 videtur,
975 541 1063 593 nbi
1079 543 1359 607 apponitur
1374 556 1543 601 cona,

482 621 607 672 nihil
650 620 998 677 distribuitur,
1031 619 1120 668 ubi
1161 619 1400 684 ungimur
1430 626 1543 668 tan·

481 706 591 749 tum
622 699 769 747 velut
798 696 1008 759 mortui,
1046 710 1261 760 quorum
1280 695 1543 745 cadavera

480 792 678 843 ungere
714 777 1034 841 condireque
1054 790 1163 825 mos
1183 781 1316 826 erat.
1382 774 1545 829 Ludit

480 870 606 905 saue
628 855 809 905 eodem
834 853 985 904 modo
1013 852 1289 911 Laeuinus,
1310 851 1443 902 libro
1472 851 1543 901 de

480 930 857 982 Mercenariis:
894 930 980 981 nbi
1007 931 1081 978 ait
1107 929 1321 978 miseros
1343 929 1544 979 littera-

480 1015 642 1072 tores,
668 1014 759 1057 aut
781 1006 907 1056 alios
931 1005 986 1054 id
1019 1019 1198 1069 genus,
1232 1004 1545 1069 quimagna·

483 1092 592 1138 tum
634 1097 834 1134 mensas
860 1081 1121 1145 colebant,
1152 1095 1268 1130 cum
1315 1081 1427 1131 aliis
1461 1096 1546 1131 ac-

480 1161 725 1213 cumbere
768 1160 968 1222 solitos,
1008 1166 1279 1208 coronatos
1322 1172 1446 1208 sane
1489 1167 1545 1207 et

478 1245 747 1301 unguento
782 1236 1075 1297 delibutos3
1111 1235 1203 1285 sed
1227 1236 1416 1300 sapius
1435 1250 1547 1285 ma·

480 1316 535 1364 la
564 1313 703 1364 fame
739 1320 794 1363 et
834 1314 921 1362 siti
957 1313 1210 1378 perditos,
1259 1327 1376 1363 cum
1416 1313 1544 1363 nihil

477 1392 541 1442 iis
557 1390 960 1440 ministraretur.
1025 1390 1203 1442 Quare
1224 1396 1547 1448 mortuorum

481 1469 733 1520 columnis
757 1482 845 1518 eos
863 1481 964 1517 non
982 1482 1095 1517 esse
1119 1465 1400 1529 absimiles,
1415 1481 1545 1532 quas

478 1546 535 1595 iu
553 1544 910 1610 parentalibus
927 1550 1192 1607 unguento
1210 1543 1418 1608 quidem
1432 1558 1548 1609 per-

477 1623 780 1683 funderent,
803 1630 860 1671 et
892 1621 1097 1671 coronis
1128 1610 1409 1681 ornarent3
1440 1620 1547 1685 ipsi

480 1707 657 1752 autem
692 1700 931 1765 dapibus,
979 1714 1092 1764 quae
1130 1699 1281 1748 simul
1319 1714 1548 1763 appone·

478 1778 687 1834 bantur,
704 1790 816 1827 sese
839 1775 1180 1826 oblectarent.
1233 1775 1440 1824 Heruld.

544 1855 708 1904 Eme.
730 1867 857 1903 xnt.
891 1854 953 1902 In
978 1851 1222 1915 Noeviam]
1258 1852 1390 1901 Erat
1408 1851 1547 1902 Poe-

482 1938 538 1982 ta
556 1933 811 1981 invitatus
853 1929 1122 1990 aNaevia3
1155 1927 1366 1994 dapsilis
1400 1942 1549 1979 eoena

482 2007 727 2072 apposita
765 2014 908 2068 erat;
964 2005 1056 2055 sed
1087 2012 1147 2056 ut
1179 2006 1353 2056 omnia
1375 2020 1548 2055 serva·

401 2090 405 2097 '
482 2091 681 2147 rentur,
721 2084 910 2134 Naevia
957 2081 1188 2144 dicebat,
1218 2082 1391 2133 omnia
1427 2097 1546 2133 esse

480 2161 661 2210 cruda.
713 2158 883 2210 Poeta
902 2174 959 2211 se
992 2159 1091 2209 hoc
1115 2165 1276 2222 pacto
1306 2159 1548 2224 jejunum

479 2238 594 2287 fore
614 2238 762 2298 dicit,
790 2244 845 2287 et
865 2251 1126 2302 nunquam
1154 2236 1394 2300 crudum,
1412 2237 1457 2286 si
1479 2237 1547 2286 de

481 2314 613 2364 cibis
635 2314 762 2364 nihil
779 2314 1025 2377 attingat.
1058 2313 1190 2362 Rad.

548 2395 575 2440 1
628 2389 857 2454 Carpere]
944 2390 1164 2439 Scissum
1231 2389 1548 2441 distribuere

482 2470 732 2520 convivis.

510 2552 576 2597 8
623 2548 914 2612 Rumpisque
947 2547 1164 2611 coquum]
1231 2546 1440 2607 Caedis3
1490 2509 1547 2598 et

479 2626 666 2676 alludit
701 2626 824 2675 ad‘
848 2625 1055 2690 carpis!
1135 2626 1397 2689 Tanquam,
1433 2624 1544 2689 ξω]

479 2704 710 2753 Causata
737 2702 1066 2753 obsoniorum
1112 2701 1465 2762 cruditatem,
1483 2707 1545 2752 nt

476 2786 753 2829 serventur
773 2778 838 2829 ad
853 2780 979 2829 alias
990 2793 1168 2829 coenas
1185 2779 1541 2843 explicandas.

545 2859 578 2905 4
615 2856 884 2918 Nunquam,
905 2853 1009 2918 Bm]
1047 2855 1104 2905 Si
1127 2855 1280 2905 modo
1303 2855 1428 2908 nihil
1445 2857 1543 2905 esi·

482 2937 685 2992 tavero,
722 2945 978 2995 nunquam
1006 2946 1073 2979 ex
1108 2932 1438 2982 obsoniorum
1459 2947 1546 2983 co·

479 3007 570 3071 pia
605 3006 797 3055 crudus
825 3007 928 3056 erit
964 3007 1088 3057 mihi
1108 3008 1437 3057 stomachus:
1487 3016 1548 3059 et

478 3083 614 3133 ludit
635 3083 688 3131 in
711 3083 1050 3133 translatione
1082 3083 1173 3132 τοῦ
1197 3084 1349 3134 crudi.
1416 3086 1557 3135 Cru-

480 3160 619 3209 ditas
663 3159 801 3208 enim
846 3173 912 3209 ex
948 3161 1218 3224 epularum
1257 3161 1431 3224 copia,
1463 3163 1547 3212 vel

476 3236 638 3286 nimio
681 3235 799 3284 cibo
822 3236 1026 3300 oritur,
1064 3251 1219 3301 quem<
1252 3240 1552 3290 stomachus

472 3313 582 3363 non
603 3313 866 3363 concoxit.

488 3411 503 3422 -·
545 3392 707 3441 Eme.
732 3403 854 3442 xlv*-
911 3395 938 3442 1
975 3392 1197 3456 Romam,
1238 3391 1363 3458 seq·
1409 3394 1550 3444 Tuc—

480 3466 619 3516 cium
661 3467 796 3518 ridet
839 3475 893 3518 et
931 3471 1238 3534 sportulam.
1324 3470 1549 3521 Tuccius

479 3545 618 3593 enim
641 3547 835 3596 ventris
874 3554 930 3598 et
950 3550 1201 3612 sportnlae
1236 3562 1418 3602 caussa
1437 3549 1545 3597 lon-

481 3622 729 3687 ginquum
763 3623 863 3673 iter
905 3633 1230 3689 susceperat,
1265 3627 1548 3691 Romaeque

469 3699 586 3763 jam
606 3701 892 3765 proximus,
910 3702 976 3752 ad
990 3708 1204 3767 pontem
1227 3716 1389 3766 usque
1409 3702 1548 3751 Mul·

400 3801 405 3809 ·
470 3777 619 3826 >vium
641 3787 966 3829 accesseratt
1015 3780 1070 3829 in
1103 3794 1205 3846 quo
1224 3794 1380 3845 quum
1402 3778 1549 3828 audi-

480 3860 566 3903 ret
607 3857 858 3918 sportulae
910 3857 1243 3919 tenuitatem,
1282 3856 1441 3906 rediit
1472 3856 1546 3906 ab

475 3930 597 3995 ipso
620 3940 780 3995 ponte
797 3934 848 3982 in
874 3932 1200 3996 Hispaniam.
1234 3933 1366 3983 Rod.

541 4013 574 4058 2
608 4009 864 4070 Profectus
894 4024 956 4058 ex
989 4008 1258 4073 Hispania]
1310 4010 1549 4073 cogente

470 4082 616 4134 fame
638 4093 695 4134 et
718 4093 1045 4151 paupertate.

545 4164 577 4209 3
617 4163 862 4225 Occurrit,
884 4163 997 4227 ⁸5⁰0]
1052 4163 1306 4228 Exposita
1347 4171 1427 4214 est
1469 4164 1547 4213 illi

480 4236 709 4285 tenuitas
741 4240 1009 4304 sportnlae,
1044 4242 1338 4306 miseraque
1361 4239 1547 4291 officia

483 4314 597 4375 ejus
621 4315 929 4366 emerendae.

547 4394 581 4438 4
614 4392 769 4443 Ponte
805 4395 952 4445 rediit
990 4395 1203 4458 Mulvio]
1259 4397 1362 4448 Qui
1403 4398 1545 4448 mille

1189 395 1406 446 NoTAE
1452 394 1859 447 vammum
1912 397 1992 446 m

1616 556 1797 606 passus
1819 542 1887 594 ab
1906 542 2040 594 urbe
2062 541 2257 605 disten
2306 542 2478 594 invia
2499 541 2686 599 niani·

1619 633 1722 670 nna.

1681 698 1845 747 Eme.
1868 710 1967 747 xv.
2025 700 2052 747 1
2081 697 2197 748 Plus
2224 696 2374 747 eredit
2395 711 2546 760 nemo,
2578 695 2684 760 sse]
2725 684 2734 689 ’

1618 773 1844 823 Codrum
1880 788 2080 824 coecum
2117 774 2322 836 irridet,
2355 773 2444 838 qui
2484 772 2691 823 amabat

1619 853 1862 915 puellam,
1887 892 1894 897 .
1918 866 2072 915 quam
2126 850 2364 903 audierat
2413 849 2686 903 formosam

1619 942 1751 979 esse.
1787 928 1949 978 Ludit
1970 928 2023 977 in
2042 926 2283 991 ambigua
2303 926 2685 990 significatione

1617 1004 1706 1053 τοῦ
1726 1006 1739 1030 ‘
1762 1004 1977 1055 credit.'
2045 1019 2165 1055 nam
2186 1012 2244 1054 et
2276 1004 2557 1068 signifieat,
2580 1019 2688 1054 mu-

1621 1087 1712 1130 tuo
1735 1080 1860 1135 dare
1894 1080 2187 1145 pecuniam,
2204 1087 2262 1130 et
2293 1079 2452 1130 fidem
2471 1079 2688 1135 haberes

1621 1158 1765 1223 quasi
1798 1157 1961 1221 dicat,
1999 1158 2186 1208 mirum
2226 1163 2308 1229 est
2342 1157 2569 1208 Codrum
2597 1169 2686 1219 pe-

1619 1236 1798 1285 eunias
1842 1237 2079 1299 credere,
2132 1235 2221 1300 qui
2259 1235 2372 1298 ipse
2405 1233 2689 1283 miserrime

1620 1325 1822 1375 pauper
1854 1313 1943 1363 sit.
1981 1325 2119 1376 resp.
2150 1310 2311 1375 poeta
2347 1323 2506 1373 supra
2534 1306 2688 1359 fidem

1621 1389 1852 1440 Codrum
1873 1389 2093 1440 credere
2111 1406 2128 1438 z
2177 1387 2354 1438 credit
2390 1385 2528 1441 euim
2550 1385 2690 1447 illam

1620 1479 1736 1516 esse
1747 1473 1949 1521 castam
1963 1466 2049 1516 vel
2063 1464 2337 1515 formosam
2349 1463 2499 1526 cujus
2517 1475 2688 1511 amore

1619 1557 1791 1595 caecus
1829 1550 1931 1607 est,
1967 1540 2127 1609 idque
2166 1547 2351 1597 contra
2372 1538 2566 1591 famam
2605 1552 2692 1602 po·

1619 1620 1748 1685 puli.

1684 1696 1844 1747 Eme.
1859 1710 1985 1747 τιτι.
2026 1700 2054 1746 1
2089 1696 2198 1746 Dus
2225 1692 2549 1758 gladiatores]
2582 1692 2690 1743 No·

1539 1808 1546 1817 .
1620 1783 1764 1828 tatur
1784 1778 1873 1828 bic
1892 1752 2113 1828 hominis
2130 1774 2419 1827 νεοπλούτου
2438 1772 2691 1838 ἀλαζονεία

1620 1861 1676 1904 et
1695 1854 1875 1905 insana
1897 1854 2199 1917 arrogantia
2217 1869 2234 1915 ς
2281 1852 2371 1918 qui
2391 1867 2513 1902 cum
2536 1857 2691 1902 antea

1618 1930 1777 1981 miser
1813 1938 1965 1981 sutor
2002 1938 2164 1992 esset,
2203 1930 2382 1982 nescio
2420 1944 2525 1994 quo
2569 1943 2690 1978 casu

1620 2008 1816 2072 amplas
1859 2007 2069 2058 divitias
2100 2007 2341 2071 adeptus,
2375 2021 2440 2057 eo
2477 2005 2689 2056 insaniae

1619 2083 1928 2149 devenerat,
1964 2092 2025 2135 ut
2063 2085 2408 2148 gladiatorum
2459 2097 2690 2145 munera,

1620 2176 1736 2226 quaa
1760 2162 1871 2212 sine
1897 2176 2084 2227 magno
2119 2168 2331 2226 sumptu
2365 2161 2456 2211 edi
2477 2176 2582 2213 non
2604 2173 2692 2224 po·

1620 2245 1818 2300 terant,
1838 2240 2031 2303 populo
2066 2239 2237 2302 daret,
2272 2245 2432 2303 atque
2468 2240 2541 2290 ita
2565 2251 2690 2302 opes

1621 2330 1740 2364 suas
1764 2322 2079 2378 ostentaret,
2118 2316 2255 2380 quod
2287 2317 2489 2379 justam
2528 2315 2690 2379 indige

1620 2393 1850 2442 nationis
1878 2408 2116 2443 caussam
2137 2394 2398 2446 ’Juvenali
2423 2397 2584 2446 etiam
2604 2395 2694 2444 tri·

1621 2468 1753 2521 buit.
1787 2471 1914 2521 Her.
1977 2472 2110 2535 Das]
2146 2471 2273 2522 Edis
2308 2470 2689 2536 munus.gladi·.

1622 2548 1879 2610 utorium3
1918 2548 2069 2611 ‚quod
2112 2548 2410 2613 principum
2447 2547 2694 2611 est,divi·

1621 2634 1750 2688 tum,
1771 2625 1928 2690 idque
1939 2625 1995 2674 S.
2020 2625 2273 2676 Consulto
2295 2623 2513 2689 (Annal.
2526 2624 2690 2674 Tacit.

1619 2701 1717 2767 4.),
1739 2709 1796 2752 et
1812 2710 2172 2766 spectatarum
2189 2715 2548 2763 personarum.
2611 2700 2695 2749 ln·

1620 2781 1868 2846 dignatur
1900 2790 2073 2832 antem
2097 2781 2268 2831 Poeta
2295 2781 2393 2830 boc
2419 2781 2689 2830 vilissimos

1617 2857 1850 2907 homines
1872 2858 2012 2908 dare.
2079 2857 2305 2908 Sutor-m
2338 2860 2505 2920 regule
2536 2853 2690 2917 cerdo]

1617 2934 1878 2986 Sutorum‘
1900 2935 2092 2999 Alpha,
2111 2935 2376 3000 princeps.
2445 2934 2689 2998 Anglice:

1619 3010 1752 3072 chief
1762 3027 1819 3060 or
1833 3013 2026 3061 Maste?-
2044 3012 2104 3071 of
2115 3012 2202 3077 thy
2225 3013 2487 3077 Company.
2542 3009 2690 3060 Anti·

1621 3090 1931 3153 phrastieos,
1967 3088 2120 3155 quasi
2156 3103 2190 3138 e
2224 3103 2420 3153 genere
2458 3093 2694 3139 sutorum

1623 3164 1993 3230 abjectissime.

1687 3246 1719 3291 2
1752 3240 1957 3307 Subula]
1989 3242 2254 3294 Sutorinm
2288 3243 2685 3293 instrumentum

1622 3324 1680 3370 et
1703 3318 1947 3372 officium.
2015 3321 2131 3371 Sica
2166 3320 2325 3385 rapit]
2371 3318 2685 3371 Gladiatoris

1625 3400 1831 3465 gladius
1852 3399 2058 3462 brevis3
2087 3399 2146 3450 id
2167 3408 2269 3463 est,
2289 3413 2474 3448 munus
2497 3396 2686 3462 gladia-

1623 3478 1832 3529 terium.

1639 3575 1644 3584 ·
1687 3558 1720 3604 4
1757 3555 1901 3604 Corio
1922 3555 2105 3616 ludere,
2124 3553 2231 3617 fic]
2265 3555 2414 3603 Dare
2435 3550 2685 3617 gladiato-

1622 3644 1707 3679 res
1729 3641 1798 3680 ex
1813 3637 1904 3681 tua
1919 3646 1996 3682 re.
2029 3630 2231 3680 Alludit
2252 3628 2317 3679 ad
2343 3627 2685 3692 proverbium,

1622 3706 1639 3734 ‘
1663 3709 1749 3757 De
1793 3708 1962 3757 alieno
2004 3707 2147 3758 corio
2179 3705 2444 3756 liberalis!
2522 3701 2683 3754 Simul

1620 3785 1792 3835 ludit
1778 3800 1833 3835 ιιι
1854 3786 2092 3835 terminis
2114 3783 2342 3847 sutoriis,
2357 3781 2585 3842 ‘subula,
2599 3792 2682 3828 co-

1621 3862 1771 3922 rium,
1794 3862 2075 3926 pellicula!

1685 3944 1719 3989 6
1757 3937 2196 4001 Inpellicula‚&c.]
2233 3937 2380 3987 Intra
2402 3930 2611 3984 artificu
2627 3935 2681 3980 et

1621 4013 1932 4066 conditionis
1971 4021 2076 4063 tuae
2123 4014 2389 4063 terminos.
2454 4004 2684 4072 Respicit

1618 4091 1915 4156 Apologum
1953 4088 2027 4139 de
2074 4090 2215 4139 asino
2259 4089 2509 4146 Cumano,
2547 4081 2690 4146 peue

1620 4167 1783 4217 leonis
1805 4165 2007 4218 induto.

1637 4242 2181 4294 Eom.xv11.1n
2221 4235 2493 4298 Sabidium]
2551 4233 2682 4282 Nan.

1620 4321 1914 4371 ratiuncula
1975 4318 2201 4382 quadam
2245 4317 2425 4366 faceta
2481 4304 2676 4364 Sabidii

1621 4397 1895 4461 cujusdam
1933 4396 2036 4447 oris
2076 4394 2365 4446 foeditatem
2407 4397 2571 4451 notat,
2596 4383 2674 4435 cui
