2985 4937
755 326 832 404 ΜΓ.
882 358 1053 410 vAn.
1107 336 1531 409 maurinus
1583 359 1831 412 nmen.
1886 364 2027 413 nia.
2073 367 2124 412 1.

336 500 498 557 turam
522 497 761 561 leonum,
781 501 870 570 qui
894 499 1135 565 unguium
1160 516 1406 554 mucrone

334 571 385 620 in
410 575 607 637 pedum
632 578 784 642 quasi
804 580 1017 642 vaginas
1041 580 1313 630 recondito
1335 580 1412 630 in·

331 651 542 713 cedunt,
594 668 665 704 ne
731 655 983 706 hebetent
1028 655 1415 721 refringantve.·

290 746 293 747 ⁷
333 729 467 780 Plin.
491 737 574 781 15.
600 736 653 781 8.
688 733 894 783 Solinus
918 749 1036 797 cap.
1056 738 1139 784 30.
1207 735 1410 798 Magais

326 807 610 873 cervicibus]
647 810 726 859 Ut
750 811 934 872 tauris,
955 812 1143 874 cervis,
1165 812 1321 877 apris.

389 889 421 934 4
456 884 569 935 Nec
585 891 795 950 gaudet,
831 889 940 952 Esca]
984 890 1194 954 Spernit
1235 892 1408 954 aquila

327 972 558 1027 muscas,
575 964 666 1014 leo
689 965 1284 1029 leporem,·Domitianus
1303 968 1411 1016 Da·

329 1052 430 1101 cos,
452 1041 554 1105 qui*
571 1041 680 1092 hac
704 1049 1026 1106 tempestate
1048 1044 1406 1094 a‘Domitiano

327 1124 604 1180 coeperaut
626 1117 873 1170 deficere.

389 1199 418 1244 6
464 1196 788 1262 Vastos,§·c.]
820 1198 1025 1249 Leonis.

386 1278 420 1323 6
454 1275 634 1326 Dacus
647 1276 788 1341 puer]
823 1278 1004 1328 Hostis
1026 1292 1175 1342 puer.
1245 1278 1406 1330 Quasi

326 1350 488 1416 dicat,
527 1354 583 1403 in
632 1354 806 1404 hostes
843 1355 1042 1406 debiles
1085 1356 1264 1406 Caesar
1299 1371 1405 1406 non

326 1428 492 1478 saevit.

389 1503 560 1554 Eme.
586 1519 751 1557 xxiv.
797 1511 823 1557 1
852 1507 1040 1558 Invitas
1063 1509 1266 1575 nullum]
1296 1509 1411 1559 Sub

325 1593 556 1642 persona
572 1583 775 1644 Cottae,
798 1585 977 1634 molles
995 1593 1048 1635 et
1066 1584 1405 1637 effoeminatos

325 1657 401 1706 sui
428 1660 695 1724 temporis
711 1660 943 1711 homiues
970 1668 1137 1725 taxat,
1159 1664 1249 1728 qui
1269 1664 1404 1714 bene

325 1742 535 1785 vasatos
555 1750 588 1784 e
613 1736 812 1787 balneis
831 1736 896 1787 ad
911 1739 1167 1802 convivia,
1182 1755 1211 1789 e
1230 1741 1406 1790 couvi-

326 1810 418 1860 viis
445 1813 516 1862 ad
555 1814 753 1864 lectum
791 1813 1105 1879 educebant,
1138 1815 1406 1883 fiebatque

329 1893 666 1940 strenuorum
698 1891 1061 1955 hujuscemodi
1095 1893 1327 1955 militum¹
1352 1895 1404 1943 in

327 1962 532 2016 balneis
569 1965 823 2018 delectus.
861 1968 1096 2023 Ramires.
1137 1970 1260 2020 Cam
1295 1987 1404 2036 quo,

329 2047 429 2112 ξι]
455 2050 635 2102 Quem
648 2049 699 2099 in
713 2047 910 2098 balneis
924 2049 1266 2101 mutoniatum
1283 2064 1409 2100 con-

331 2128 587 2188 spexeris,

392 2207 425 2253 4
463 2205 681 2264 Nudum,
713 2202 820 2267 ξω]
853 2203 973 2254 Νοη
993 2203 1127 2253 bene
1147 2209 1409 2255 vasatum.¹

332 2278 367 2326 l.
390 2283 440 2330 3.
465 2281 639 2345 epigr.
653 2286 735 2330 50.
758 2287 816 2330 et
832 2284 914 2330 73.
934 2288 989 2330 et
1009 2283 1043 2331 l.
1060 2286 1108 2331 7.
1132 2282 1300 2345 epigr.
1319 2285 1402 2331 54.

394 2358 570 2408 Eme.
600 2371 735 2408 XXV.
795 2362 821 2408 1
853 2358 1064 2422 Aspicis,
1097 2358 1201 2422 ssa]
1236 2360 1405 2408 Notat

332 2431 428 2485 hoc
446 2435 831 2499 epigrammate
849 2435 1108 2486 Martialis
1132 2435 1402 2486 nonnullos

332 2512 406 2561 sui
450 2513 700 2577 temporis
744 2509 1002 2577 ἆλάζονας,
1039 2514 1215 2578 quales
1254 2520 1404 2562 erant

332 2590 564 2652 plurimi,
603 2590 989 2655 qui⁸sordibus,
1016 2590 1296 2653 incomptis
1319 2604 1403 2639 ca·

333 2666 493 2731 pillis,
515 2668 689 2716 vultus
724 2681 790 2736 ¹ac
828 2665 1019 2715 frontis
1040 2668 1403 2717 severitateet

334 2744 574 2801 tristitia,
597 2757 658 2794 ac
678 2743 954 2793 verborum
979 2744 1282 2808 asperitate,
1300 2758 1403 2793 non

336 2820 490 2869 modo
514 2820 830 2883 philosophi,
861 2820 955 2869 sed
977 2820 1402 2885 philosophorum

337 2898 651 2947 sanctissimi
677 2897 838 2947 videri
864 2897 1128 2959 volebant,
1158 2912 1276 2947 cum
1316 2911 1404 2946 eo-

340 2989 451 3025 rum
490 2977 598 3025 vita
638 2975 873 3039 interior,
914 2976 1052 3025 omni
1086 2973 1412 3040 flagitiorum*

339 3065 398 3101 ac
422 3052 672 3117 nequitiae
698 3065 894 3115 genere
914 3058 1051 3101 esset
1074 3052 1262 3115 saepius
1285 3066 1405 3101 con-

340 3131 750 3180 taminatissima.
821 3131 938 3181 Hoc
961 3146 1122 3194 genus
1143 3129 1404 3181 hominum

341 3207 577 3258 traduxit
611 3207 881 3258 Juvenalis
905 3208 1018 3258 Sat.
1042 3211 1124 3257 11.
1191 3207 1404 3271 Incomp-

342 3285 422 3349 tis,
443 3284 551 3349 asc-J
589 3284 741 3333 Illum
774 3286 1045 3345 hirsutum,
1081 3285 1262 3348 ‘cujus
1286 3285 1407 3338 His·

339 3361 459 3425 pida
497 3362 730 3411 membra
771 3362 983 3427 quidem
1023 3369 1079 3412 et
1118 3362 1261 3425 durae
1308 3376 1406 3425 per

290 3437 291 3440 ’
340 3438 549 3489 brachia
603 3445 730 3488 setae
786 3439 1115 3489 Promittant
1168 3453 1404 3488 severum

339 3520 597 3570 animum!
1138 3574 1141 3576 ‚

402 3602 433 3647 2
484 3598 655 3660 Cujus,
693 3597 801 3662 Esou]
859 3597 1020 3661 CuJus
1078 3598 1406 3665 gravitatem,

340 3689 452 3739 quae
478 3676 532 3724 in
571 3674 866 3738 superciliis
908 3681 1150 3737 apparet,
1170 3680 1225 3722 et
1250 3680 1305 3723 tu
1330 3674 1405 3738 ip-

339 3763 413 3812 se,
437 3766 468 3800 o
493 3752 752 3814 Deciane,
776 3752 866 3815 qui
901 3750 1108 3800 Stoicus
1149 3764 1225 3811 eS,
1263 3764 1406 3799 reve-

339 3828 521 3877 rearis,
595 3827 756 3877 Triste
775 3827 1104 3891 supercilium]
1128 3826 1406 3891 Σκύθρωπον

339 3903 467 3966 ὄντα,
489 3903 571 3955 καὶ
590 3905 676 3956 τὰς
696 3906 833 3971 ὀφρῦς
861 3904 1036 3967 ἔχοντα
1053 3904 1202 3955 ἐπάνω
1221 3907 1308 3965 τῆς
1327 3924 1404 3956 κο-

339 3983 501 4045 ρυφῆς.
1078 4041 1083 4047 Ι

401 4061 430 4106 3
471 4059 661 4121 Curios,
691 4059 795 4123 ἅμα]
830 4059 1216 4109 continentiam
1259 4059 1405 4110 Curii

341 4141 395 4182 et
417 4134 632 4199 rigidam
656 4138 711 4186 F.
735 4137 936 4188 Camilli
958 4135 1402 4197 fortitudinem,id

343 4216 438 4271 est,
460 4213 548 4275 qui
572 4212 754 4262 laudat
784 4213 1005 4277 priscam
1028 4214 1401 4264 continentiam

344 4292 394 4334 et
412 4287 787 4338 austeritatem.

354 4379 355 4384 ¹
404 4368 435 4413 4
471 4364 636 4415 Nolito
655 4365 836 4429 fronti,
861 4365 966 4430 ξω]
1005 4372 1018 4395 ‘
1045 4366 1225 4416 Fronti
1263 4366 1401 4415 nulla

2365 351 2535 417 1101

1481 502 1653 556 tides?
1707 506 1889 569 Nupsit
1903 505 2032 572 heri]
2066 507 2349 559 Muliebris
2370 524 2552 572 passus

1483 589 1586 632 est.
1671 582 1688 611 ⁴
1725 583 1876 632 Inter
1925 585 2225 635 Socraticos
2282 587 2550 638 notissima

1480 655 1621 706 fossa
1643 657 1910 709 cinaedos!
1974 661 2074 710 Vel
2095 661 2252 710 etiam
2276 662 2473 727 nupsit,
2490 669 2551 714 ut

1484 732 1629 783 Nero
1649 733 1968 799 Pythagorae
1993 736 2215 788 cuidam.
2281 738 2554 807 Sulpicnz·

1481 810 1665 860 histor.
1697 826 1878 862 sacrae.
1917 812 2018 876 ipsi
2054 813 2267 876 Sporus.
2331 815 2550 865 Sueton.

1483 901 1602 951 cap.
1642 891 1725 937 28.
1775 889 1904 938 Ner.
1950 888 2221 939 Gracchus
2262 890 2542 942 Cornicini.

1480 965 1672 1017 Juven.
1696 966 1809 1017 Sat.
1832 971 1883 1020 2.

1548 1042 1711 1092 Eme.
1732 1057 1889 1095 xxvi.
1923 1049 1950 1095 1
1978 1045 2084 1094 Ede
2098 1046 2343 1112 taos,&c.]
2394 1047 2546 1100 Quod

1482 1118 1710 1181 probent
1732 1121 1908 1171 Graeci
1932 1136 1993 1171 ac
2024 1122 2215 1175 Lat-ini.
2285 1125 2390 1174 Ede
2420 1122 2549 1190 taos]

1487 1195 1745 1246 Hortatur
1777 1198 2102 1262 Faustinum,
2124 1199 2187 1247 ad
2212 1215 2361 1264 quem
2383 1203 2548 1252 multa

1483 1280 1603 1324 sunt
1625 1273 1762 1325 infra
1786 1276 2178 1340 epigrammata,
2199 1285 2256 1328 ut
2272 1294 2365 1328 sua
2387 1280 2549 1344 scrip·

1483 1355 1540 1399 ta
1566 1350 1768 1412 publici,
1800 1354 2011 1403 taudem
2044 1355 2183 1418 juris
2207 1354 2390 1418 faciat,
2415 1373 2548 1421 prae·

1480 1427 1744 1492 miumque
1781 1429 2044 1495 laborum,
2077 1432 2308 1483 nominis·
2332 1434 2554 1484 celebri-

1483 1510 1643 1553 tatem
1668 1513 1965 1569 exspectet.

1546 1584 1579 1630 4
1616 1581 1811 1645 Nostri]
1856 1583 2047 1634 Latini.
2099 1587 2332 1652 Cecrops
2373 1593 2556 1639 autem

1480 1655 1805 1711 Athenarum
1819 1661 2077 1712 conditor:
2101 1663 2339 1714 Pandion
2350 1664 2548 1716 instan-

1480 1742 1658 1786 rator:
1694 1753 1843 1788 arces
1865 1739 1917 1788 in
1944 1741 2110 1790 tutela
2126 1741 2359 1790 Palladis
2381 1741 2546 1793 Athe·

1480 1827 1660 1863 narum
1685 1815 1942 1879 praesidis.
1961 1852 1966 1857 -
1987 1817 2396 1882 Proetereantque]
2418 1820 2466 1869 N
2474 1833 2556 1868 on.

1481 1898 1819 1956 praetereant,
1835 1892 1889 1943 id
1909 1903 2012 1958 est,
2029 1908 2180 1944 omne
2205 1895 2367 1944 laudis
2386 1911 2558 1960 punc·-

1481 1975 1591 2018 tnm
1622 1969 1697 2020 illi
1721 1970 1973 2021 tribuant.
2041 1972 2357 2037 Metaphora
2391 1988 2422 2022 a
2442 1971 2548 2022 suf-

1477 2043 1655 2110 fragiis
1679 2062 1792 2112 quae
1831 2047 1888 2097 in
1914 2047 2115 2098 tabulas
2140 2064 2319 2099 cereas
2355 2047 2555 2099 refere··

1478 2121 1671 2173 bantur
1703 2130 1797 2188 per
1836 2133 2057 2188 puncta:
2093 2140 2124 2175 e
2165 2125 2349 2190 quibus
2386 2126 2548 2190 pluri·

1477 2213 1678 2249 morum
1717 2214 1875 2251 censu
1899 2201 2251 2264 magistratus
2297 2203 2499 2253 ‘creari
2514 2201 2556 2263 ς’.

1477 2279 1799 2343 pauciorum,
1832 2294 1862 2328 a
1900 2280 2093 2344 populo
2122 2281 2137 2308 ‘
2158 2281 2346 2343 agitari
2366 2280 2402 2330 :’
2434 2282 2549 2331 nul-

1477 2356 1666 2418 lorum,
1697 2352 2022 2421 ‘praeteriri’
2056 2356 2369 2407 candidatus
2406 2357 2549 2407 (ilce-

1476 2433 1652 2484 batur.
1723 2433 1910 2485 Horat.
1935 2433 2000 2483 ad
2032 2433 2278 2497 Pisonen
2312 2435 2327 2462 ‘
2350 2435 2548 2485 Centu-

1479 2512 1569 2562 riae
1613 2512 1871 2562 seniorum
1915 2512 2158 2576 agitant,'.
2189 2515 2289 2562 ἃς.
2374 2512 2541 2577 Senes]

1481 2590 1586 2641 Qui
1612 2588 1903 2639 maturioris
1912 2588 2131 2652 judicii:
2169 2590 2252 2637 vel
2269 2588 2454 2638 alludit
2474 2590 2542 2639 ad

1454 2657 1752 2716 *Centurias
1776 2666 2055 2723 seniorum,
2079 2670 2139 2714 ut
2158 2664 2325 2715 modo.

1543 2749 1577 2794 6
1614 2745 1763 2809 Teque
1777 2747 1937 2809 piget,
1957 2746 2065 2810 ξω]
2099 2746 2223 2796 Noli
2260 2752 2314 2797 te
2348 2746 2543 2798 dulcis·

1478 2824 1607 2873 simo
1622 2824 1907 2874 studiorum
1922 2823 2095 2873 fructu
2114 2823 2447 2888 defraudare,
2462 2840 2552 2875 no·

1477 2902 1628 2950 minis
1651 2901 1855 2951 scilicet
1879 2901 2290 2966 immortalitate,
2310 2910 2366 2953 et
2391 2902 2545 2953 famae

1478 2978 1533 3027 in
1558 2978 1689 3026 vivis
1706 2977 2011 3040 dulcedine.

1544 3058 1576 3104 ¹7
1620 3055 1736 3104 Post
1760 3060 1807 3104 te
1822 3055 2036 3117 victurae,
2068 3055 2174 3121 ξω]
2225 3056 2427 3120 Ingenii
2470 3055 2548 3106 tui

1478 3130 1657 3194 foetus»,
1681 3138 1732 3180 te
1758 3132 1929 3196 potius
1949 3133 2002 3181 in
2022 3132 2175 3194 vivis,
2197 3139 2252 3181 et
2268 3135 2384 3195 ipse
2400 3132 2548 3181 vivus

1477 3208 1817 3272 ingrediatur,
1845 3223 1992 3274 quam
2019 3208 2316 3271 posthumus
2340 3207 2547 3257 edatur.
2647 3252 2654 3256 ,

1546 3289 1578 3335 8
1614 3284 1921 3350 Οἰηεή,ᾂ·σ.]
1971 3285 2137 3334 Vivus
2173 3285 2347 3348 itaque
2371 3282 2548 3334 fruere

1478 3360 1632 3412 famae
1670 3362 1977 3412 dulcedine:
2015 3376 2174 3426 supra
2208 3363 2375 3424 epigr.
2399 3366 2448 3411 2.
2491 3368 2548 3412 et

1479 3438 1649 3502 epigr.
1672 3443 1749 3488 13.
1785 3440 1815 3489 l.
1841 3445 1890 3488 5.
1962 3438 2131 3487 Gloria
2165 3435 2295 3500 sera]
2330 3436 2437 3487 Alii
2476 3439 2554 3488 le-.

1481 3526 1629 3582 gunt,
1666 3533 1798 3579 rara,
1837 3518 2009 3580 tarda,
2044 3518 2204 3581 nulla,
2248 3519 2339 3567 sed
2376 3526 2546 3569 totum

1478 3610 1693 3651 acumen
1731 3604 1811 3645 est
1853 3596 1907 3644 in
1952 3595 2182 3645 dictione
2220 3610 2342 3644 sera.
2408 3597 2555 3646 Nam;

1479 3687 1596 3736 quae
1619 3678 1857 3737 optamus
1880 3672 2033 3740 alicui
2072 3680 2196 3737 post
2216 3679 2432 3737 mortem
2456 3687 2549 3737 op-

1481 3752 1607 3799 tima
1630 3757 1685 3799 et
1721 3749 2163 3813 praestantissima,
2200 3763 2263 3797 ea
2288 3755 2461 3798 tamen
2487 3756 2548 3800 ut

1479 3841 1598 3877 sero
1631 3827 1942 3890 contingant
1986 3839 2275 3889 precamur.
2338 3824 2425 3875 Sic
2448 3819 2565 3875 im?

1477 3905 1851 3954 mortalitatem
1872 3918 2038 3953 seram
2074 3901 2308 3965 Augusto
2331 3913 2550 3967 exopta·

1480 3980 1571 4030 bat
1595 3980 1875 4031 Horatius:
1909 3980 2095 4029 ‘Serus
2115 3978 2167 4027 in
2192 3979 2372 4029 caelum
2398 3978 2548 4030 rede-

1477 4071 1553 4117 as,
1575 4056 1767 4122 diuque
1789 4058 1965 4107 Laetus
1981 4056 2191 4107 intersis
2209 4056 2404 4121 populo
2423 4057 2548 4109 Qui·
2607 4107 2611 4111 ,

1477 4135 1726 4196 rini,’&c.
1759 4135 1961 4185 Heruld.

1545 4213 1703 4261 Ema-
1724 4225 1913 4260 xxvn.
1935 4211 2018 4261 Aa
2033 4209 2375 4273 Sextilianum]
2407 4209 2547 4261 Vide

1478 4288 1644 4351 epigr.
1667 4292 1745 4337 12.
1767 4302 1938 4351 supra.

1547 4369 1570 4414 1
1602 4364 1979 4430 Quantum,&c.]
2013 4364 2370 4429 Synecdoche.
2389 4379 2552 4430 quan-o.
