2985 4937
730 402 807 449 M.
854 402 1027 450 VAL.
1071 400 1522 459 MAR'HAMS.
1551 401 1793 453 EPlGsss
1844 402 1984 448 mn.
2033 402 2130 456 IV.

325 543 575 597 Herculis
622 543 833 607 scripsit
872 543 1398 609 contraAmazonas,

324 625 459 689 quod
495 622 817 673 Amazonida
838 622 1115 687 inscripsit.

383 704 418 749 8
451 701 656 749 Marus
695 700 1011 763 Amazonide]
1081 701 1251 751 Credo
1291 716 1392 765 ego

325 776 481 825 alium
522 767 662 824 hunc
701 774 858 828 fuisse
909 778 1144 828 Marsum
1189 779 1255 828 ab
1300 779 1391 829 illo

322 854 929 917 Epigrammatographo,
966 854 1111 918 cujus
1159 855 1393 906 meminit

322 928 546 992 Epistol.
569 933 618 978 1.
642 935 698 978 et
720 929 811 978 lib.
830 934 882 983 7.
904 931 1085 995 Epigr.
1111 934 1192 982 29.
1214 939 1271 982 et
1305 936 1392 984 99.

321 1013 376 1054 et
395 1005 487 1056 lib.
501 1010 553 1056 8.
579 1007 759 1070 Epigr.
778 1012 861 1058 56.

383 1087 416 1132 9
455 1084 826 1147 Quemcumque]
861 1083 1102 1136 Antehac
1144 1085 1392 1149 legebant

318 1175 627 1224 qua-cunque,
653 1161 821 1210 minus
846 1160 995 1212 bene.
1062 1162 1258 1212 Sensus
1277 1168 1389 1212 est:

319 1236 701 1302 Quemcunque
723 1238 912 1287 librum
954 1238 1019 1288 de
1052 1239 1180 1289 meis
1203 1240 1253 1287 in
1285 1254 1390 1289 ma-

323 1328 419 1363 nus
459 1314 762 1378 sumpseris,
804 1322 937 1378 puta
975 1315 1140 1365 solum
1179 1331 1291 1365 esse
1333 1324 1391 1366 et

320 1392 463 1441 velut
481 1388 689 1441 unicum
711 1409 726 1453 ;
762 1393 903 1441 illum
927 1393 1066 1458 lege,
1089 1401 1145 1444 et
1166 1395 1242 1444 sic
1272 1394 1386 1445 abs-

319 1482 421 1534 que
463 1468 940 1528 fastidio-evolves,
965 1479 1021 1521 et
1055 1485 1273 1522 acumen
1301 1488 1386 1522 ca·

318 1548 452 1610 pies,
474 1553 532 1596 et
547 1561 632 1596 me
654 1548 830 1610 magni
845 1545 1026 1597 facies.
1063 1549 1189 1599 aad.

380 1626 551 1675 Emo-
582 1638 730 1675 xxx.
767 1624 1018 1675 Celebrat
1039 1626 1264 1675 Baianos
1284 1625 1386 1690 pls-

316 1716 406 1752 ces
428 1702 740 1753 Domitiano
761 1717 938 1752 sacros
959 1719 975 1751 ι
1011 1709 1064 1751 et
1086 1711 1263 1752 monet
1285 1704 1383 1764 pis-

315 1787 653 1840 catorem,ut
689 1778 871 1842 procul
895 1779 959 1829 ab
997 1793 1060 1828 eo
1097 1780 1212 1829 lacu
1236 1793 1382 1830 rece-

312 1856 441 1917 dat3
476 1863 744 1919 terretque
780 1870 898 1907 euru
933 1855 1060 1904 ficta
1093 1857 1384 1906 narratiun-

316 1932 434 1982 cula
455 1931 735 1996 cujusdam
768 1930 905 1994 Afri,
934 1934 1052 1997 -qui,
1080 1933 1202 1983 dum
1236 1935 1384 1984 hamo

314 2010 366 2060 in
384 2025 448 2060 eo
470 2011 592 2059 lacu
613 2025 765 2060 ausus
781 2018 922 2063 esset
941 2011 1144 2074 piscari,
1164 2017 1385 2075 repente

312 2095 503 2152 captus
524 2088 693 2137 oculis
716 2085 835 2139 fuit.
868 2088 1110 2138 Ramires.

380 2170 412 2215 2
439 2166 656 2226 Nocens,
671 2180 841 2226 sacras,
859 2163 963 2229 εἷα]
984 2163 1203 2227 Impius,
1227 2162 1384 2213 sacri-

313 2243 501 2306 legus3
537 2255 762 2305 namque
783 2241 867 2290 hie
887 2241 1022 2290 sacri
1051 2248 1175 2290 sunt
1197 2241 1384 2304 pisces,

312 2316 620 2370 Domitiano
647 2320 761 2368 Deo
792 2317 1044 2380 dedicati,
1066 2334 1194 2383 quos
1218 2333 1383 2383 neque

313 2394 565 2459 piscatori
589 2394 671 2445 fas
688 2395 898 2447 hamato
931 2395 1128 2447 ambire
1149 2410 1384 2457 munere,

314 2487 485 2539 neque
508 2486 636 2524 coco
659 2474 714 2523 in
739 2473 831 2536 jus
857 2487 1064 2526 vocare.
1133 2473 1237 2523 Sed
1263 2473 1384 2523 alibi

315 2554 441 2604 item
459 2554 599 2604 sacri
617 2550 943 2602 habebantur
959 2551 1169 2617 quidam
1196 2552 1382 2615 pisces.

317 2632 550 2696 Oppian.
589 2637 645 2679 et
685 2629 808 2679 Ath.
842 2629 947 2679 lib.
986 2634 1036 2679 ⁷.
1069 2629 1258 2679 AElian.
1293 2627 1383 2678 lib.

318 2713 395 2759 12.
433 2709 660 2759 Animal.
679 2721 797 2772 cap.
818 2712 866 2758 2.
915 2709 1041 2757 Var.
1060 2708 1127 2757 de
1153 2709 1228 2757 Re
1253 2708 1382 2758 Rus-

314 2785 434 2835 tica.
1118 2823 1122 2828 ,

376 2867 410 2911 4
443 2861 727 2925 Dominum]
774 2847 1154 2910 Domitianum.

368 2946 409 2988 ⁷5
446 2939 609 3001 Illam,
640 2953 730 3001 qua
765 2937 907 2999 nihil,
940 2938 1049 3001 aa]
1082 2935 1385 2992 Domitiani.

315 3018 503 3067 Utrum
528 3023 702 3064 autem
730 3029 911 3063 verum
930 3013 1031 3062 hoc
1053 3014 1144 3071 sit,
1165 3011 1293 3063 fides
1314 3013 1385 3061 sit

317 3109 478 3159 penes
496 3092 738 3142 Poetam.
774 3091 912 3142 Vide
935 3092 971 3140 l.
997 3094 1077 3140 10.
1100 3090 1280 3154 Epigr.
1301 3093 1383 3140 30.

316 3182 371 3222 et
392 3171 670 3221 AElianum.

376 3254 411 3297 6
443 3248 525 3298 Aa
548 3245 795 3310 magistri]
831 3244 1006 3294 Simile
1039 3241 1203 3294 refert
1228 3242 1385 3292 AElia·

314 3340 410 3375 nus
431 3324 523 3374 lib.
543 3328 593 3373 8.
617 3323 842 3372 Animal.
864 3337 984 3385 cap.
1006 3325 1061 3372 4.

376 3407 408 3452 7
450 3401 621 3451 Vocem
641 3400 854 3464 quisque,
886 3397 995 3461 εμπ]
1048 3398 1169 3448 Non
1192 3397 1385 3448 habere

313 3487 517 3529 meatus
552 3483 608 3525 et
651 3475 909 3525 foramina
942 3474 1170 3535 auditus,
1206 3473 1385 3530 audire

312 3563 484 3605 tamen
524 3551 763 3604 scribunt
807 3549 1026 3599 Aristot.
1063 3549 1155 3601 lib.
1188 3553 1237 3599 4.
1261 3548 1387 3599 Ani-

312 3632 433 3680 mal.
459 3637 517 3680 et
540 3629 683 3679 Plin.
708 3627 797 3678 lib.
823 3632 902 3679 10.
924 3641 1043 3690 cap.
1067 3629 1150 3675 70.

354 3712 408 3758 ,8
444 3707 556 3756 Hoc
601 3707 849 3768 quondam,
902 3703 1011 3767 ξω]
1060 3702 1195 3753 Afer
1250 3704 1385 3768 quis·

311 3782 469 3847 piam,
508 3796 661 3831 ausus
702 3781 787 3830 hic
833 3779 1042 3844 piscari,
1079 3787 1298 3843 repente
1318 3794 1385 3829 ex

310 3859 566 3921 sacrilego
599 3856 861 3921 piscatore
897 3855 1067 3906 factus
1105 3862 1188 3906 est
1213 3871 1384 3914 coecus

312 3937 599 3986 mendicus.
666 3935 979 3985 Miraculum
998 3935 1094 3984 hoc
1118 3936 1225 3984 olet
1249 3934 1385 3985 Ροδ-

306 4023 439 4062 ¹tam.
495 4013 648 4078 Libys
668 4013 864 4076 impius]
897 4011 1126 4061 Videtur
1149 4012 1245 4061 hoc
1265 4026 1382 4063 con·

312 4088 510 4138 firmari
544 4091 614 4149 τῷ
645 4087 888 4138 ‘Sacris'
941 4095 998 4139 et
1045 4088 1385 4139 ‘dedicatos.’

312 4168 416 4216 Sed
462 4181 558 4216 nec
605 4166 952 4229 spernendum
989 4165 1258 4230 improbus:
1302 4173 1386 4218 est

310 4244 450 4293 enim
509 4243 764 4292 scelerate
815 4250 871 4292 et
928 4241 1150 4307 profane
1194 4242 1383 4293 audax.

314 4320 390 4370 Ut
407 4327 554 4369 recte
573 4320 889 4384 appellatur,
904 4321 991 4384 qui
1005 4334 1208 4372 manum
1226 4320 1384 4372 sacris

317 4396 581 4450 admovet.
616 4396 904 4448 Gronovius.

1464 186 1487 213 θ

2355 386 2531 455 1208

1533 551 1566 596 9
1598 547 1733 599 Dum
1745 542 1958 610 predam
1971 547 2164 609 calamo,
2184 546 2292 610 aa]
2323 548 2411 598 De
2429 549 2527 599 hoc

1460 636 1660 685 ¹genere
1680 622 1905 684 dicendi,
1927 622 2046 671 vide
2069 639 2183 688 quae
2199 623 2420 674 diximus
2439 625 2529 677 lib-

1466 707 1515 755 1.
1540 705 1723 767 Epigr.
1745 708 1825 754 56.
2005 738 2009 747 »

1533 784 1594 830 13
1628 780 1867 844 Rogotor]
1902 779 2181 843 Προσαίτης,
2211 783 2514 837 mendicus..

1532 861 1593 907 15
1628 856 1949 922 Simplicibus,
1990 858 2100 921 ἅμ]
2133 859 2182 908 N
2187 874 2255 909 on
2290 859 2529 923 hamatis,

1465 947 1568 983 non
1587 935 1879 989 medicatis.

1452 1048 1460 1055 .
1536 1015 1597 1060 16
1630 1012 1912 1076 Dedicatos]
1968 1014 2043 1063 Ut
2084 1028 2218 1064 vers.
2263 1018 2313 1064 3.
2352 1025 2531 1077 supra.

1466 1088 1819 1154 ‘Dedicatos,’
1851 1091 1905 1140 id
1937 1100 2040 1152 est,
2072 1097 2402 1143 consecratos
2422 1091 2530 1140 Do

1466 1164 1696 1214 mitiano.

1528 1242 1687 1294 Erro.
1707 1255 1868 1292 xxxi.
1904 1248 1930 1291 1
1960 1244 2096 1300 Quod
2118 1243 2271 1307 cupis,
2288 1242 2397 1307 aisa]
2423 1243 2524 1292 Re-

1444 1320 1692 1384 ⁸spondet
1728 1321 2080 1386 Hippodamo,
2118 1322 2208 1387 qui
2235 1322 2465 1386 petierat
2496 1337 2529 1370 a

1462 1397 1730 1459 Martiale,
1766 1405 1824 1448 ut
1864 1414 2047 1449 nomen
2071 1415 2213 1450 suum
2236 1401 2444 1464 scriptis
2468 1402 2528 1453 il·

1462 1474 1734 1536 lustraret,
1777 1475 1990 1538 quodid
2027 1476 2126 1526 sibi
2154 1476 2364 1527 honoris
2391 1476 2527 1526 arbi-

1448 1555 1713 1603 araretur.
1750 1551 1894 1600 Ram.

1526 1629 1557 1673 3
1597 1627 1672 1675 Ne
1689 1626 1893 1688 valeam]
1925 1627 2012 1677 De
2034 1627 2113 1675 his
2132 1626 2384 1690 formulis,
2403 1629 2419 1657 ‘
2439 1600 2523 1683 Ne

1461 1701 1697 1765 valeam,’
1720 1710 1772 1750 et
1814 1702 2187 1766 ‘Dispereamss
2224 1703 2421 1755 dictum
2445 1720 2527 1753 su-

1460 1794 1559 1843 pra
1577 1780 1664 1831 lib.
1690 1784 1739 1830 1.
1767 1780 1949 1845 Epigr.
1966 1785 2054 1831 40.
2072 1788 2129 1831 et
2150 1782 2329 1846 Epigr.
2353 1788 2403 1832 ὅ.
2435 1782 2528 1838 lib.

1456 1859 1509 1905 2.
1539 1870 1674 1907 vers·
1699 1860 1746 1907 1.

1523 1938 1554 1980 6
1598 1932 1775 1991 Averso
1784 1932 1925 1995 fonte
1939 1933 2175 1998 sororum]
2210 1933 2361 1985 Quod
2384 1947 2529 1984 aver·

1460 2016 1644 2057 santur
1667 2010 1855 2072 Musae,
1870 2025 2037 2074 neque
2057 2010 2210 2060 facile
2233 2012 2286 2062 in
2321 2027 2527 2063 versum

1459 2085 1742 2137 admittant
1778 2096 1997 2150 propter
2042 2098 2373 2138 contumaces
2418 2091 2528 2152 ejus

1457 2163 1700 2225 syllabas.
1766 2164 1868 2213 Vel
1892 2165 2082 2228 potius,
2122 2174 2180 2214 ut
2204 2164 2528 2216 Musamber-

1448 2240 1566 2288 tius
1590 2240 1719 2302 vult,
1738 2239 1836 2290 hoc
1869 2254 2055 2289 nomen
2077 2242 2244 2290 Musis
2266 2242 2529 2306 ingratum

1460 2329 1595 2379 esse,
1630 2315 1769 2380 quod
1806 2318 1993 2381 pugnis
2039 2333 2101 2367 ac
2157 2317 2297 2368 bello
2338 2332 2530 2369 conve-

1445 2391 1689 2450 ‚nientius
1744 2406 1935 2443 nomen
1990 2392 2333 2458 Hippodami,
2375 2410 2530 2460 quam

1454 2466 1689 2533 Apollini
1731 2477 1787 2519 et
1823 2471 2017 2532 Musis;
2075 2472 2185 2521 sive
2222 2473 2389 2524 Musis
2422 2487 2529 2524 non

1457 2561 1666 2611 semper
1686 2553 1892 2612 gratum
1929 2547 1983 2596 id
2021 2554 2402 2614 acceptumque
2436 2565 2528 2599 nn-

1458 2638 1595 2687 men,
1617 2623 1710 2673 sed
1750 2631 1876 2674 tunc
1917 2622 2056 2674 forte
2091 2639 2248 2689 quum
2272 2640 2418 2678 arma
2438 2642 2525 2677 ca—

1446 2708 1609 2751 nunt.
1677 2701 1817 2764 Ergo
1841 2715 1936 2750 nec
1973 2701 2228 2763 Martiali,
2262 2703 2349 2766 qui
2386 2710 2527 2756 totus
2625 2727 2628 2730 ¹

1459 2778 1510 2826 in
1533 2778 1682 2842 nugis
1712 2786 1768 2827 et
1799 2777 1935 2842 jocis
1975 2785 2031 2827 et
2068 2778 2291 2828 Veneris
2326 2781 2531 2842 praelio,

1460 2855 1547 2904 vix
1567 2861 1656 2904 aut
1689 2869 1755 2903 ne
1781 2854 1868 2903 vix
1902 2853 2112 2917 quidem
2151 2863 2358 2916 gratum
2402 2856 2532 2905 illud

1458 2948 1664 2983 nomen.
1697 2934 1768 2982 Et
1784 2947 1880 2995 pro
1897 2948 2061 2982 averso
2070 2933 2529 2994 sonte‚Scriverius

1446 3012 1563 3076 Jeg.
1583 3012 1937 3071 aversasronte.
2004 3012 2133 3060 Tum
2158 3015 2171 3040 ‘
2187 3012 2497 3075 Impositum
2516 3012 2531 3033 ’

1459 3088 1618 3149 dicit3
1671 3089 1804 3137 alter
1844 3089 1982 3138 enim
2026 3096 2298 3152 parentum
2336 3103 2529 3140 nomen

1457 3163 1645 3215 infanti
1683 3164 2003 3229 imponebat.
2073 3166 2398 3229 Quandoque
2437 3166 2528 3214 ho-

1456 3242 1594 3292 noris
1614 3242 1787 3306 gratia
1809 3244 1967 3291 alicui
1988 3256 2057 3292 ex
2092 3242 2270 3292 amicis
2307 3243 2530 3296 nominis

1453 3318 1756 3383 imponendi
1821 3318 2056 3382 dignatio
2124 3318 2530 3372 concedebatur.

1456 3397 1665 3447 Her-ald.
1729 3447 1734 3453 ,
2457 3451 2458 3454 ¹

1519 3477 1550 3522 7
1589 3474 1729 3529 Quod
1768 3488 1852 3523 nec
1888 3472 2229 3536 Polyhymnia,
2268 3471 2379 3535 aa]
2412 3473 2532 3525 Ele-

1453 3548 1605 3612 giaeo
1621 3563 1775 3599 versu
1796 3548 1975 3598 dicere
1999 3548 2085 3596 vix
2108 3554 2214 3611 est,
2231 3548 2314 3597 cui
2333 3556 2531 3611 praeest

1456 3624 1822 3688 Melpomene:
1847 3639 1943 3675 nec
1952 3624 2264 3689 Lyrico,qui
2278 3623 2530 3688 estPoly-

1453 3702 1701 3765 hymniae:
1741 3715 1838 3750 nec
1857 3700 2088 3750 Heroico
2110 3701 2193 3750 vel
2222 3699 2523 3761 Dithyram-

1453 3779 1593 3843 bico,
1633 3793 1736 3842 quo
1769 3778 1856 3843 pia
1902 3778 2154 3841 Calliope„
2193 3777 2427 3826 Deorum
2459 3782 2532 3832 ‚et

1457 3857 1691 3907 Heroum
1717 3856 1893 3905 laudes
1917 3856 2074 3905 canit.
2120 3851 2528 3904 Musambertius

1453 3935 1731 3988 contendit
1763 3949 1866 3984 uon
1904 3942 2009 3982 tam
2044 3938 2261 3997 propter
2299 3931 2526 3994 syllabas

1456 4018 1814 4072 contumaceS,
1878 4025 2027 4075 quam
2095 4007 2527 4073 significationem

1456 4086 1738 4136 abhorrere
1759 4100 1943 4148 nomen
1959 4085 2267 4149 Damasippi
2288 4099 2317 4133 a
2334 4084 2529 4134 mollio-

1456 4162 1599 4214 ribus
1621 4162 1806 4225 Musis,
1831 4162 2017 4226 quibus
2036 4178 2152 4212 cum
2171 4175 2419 4226 equorum
2441 4160 2529 4210 do-

1456 4240 1645 4289 mitore
1669 4237 1814 4288 nihil.

1524 4319 1558 4364 9
1597 4315 1824 4377 Gratum,
1867 4313 1975 4377 ξω]
2010 4314 2216 4376 Mitius,
2259 4320 2316 4364 et
2352 4313 2528 4364 versui

1460 4394 1654 4458 aptius.
1719 4392 1942 4457 adopta]
1972 4391 2195 4442 Assume
2217 4405 2312 4456 pro
2331 4398 2437 4441 tuo.
2469 4429 2493 4452 Δ,
