2985 4937
739 454 818 513 Μ.
866 454 1513 504 vAl...MAR'r1A1118
1559 456 1820 505 nmen.
1852 457 1997 505 121⁸.
2044 459 2141 506 vl.

272 656 277 663 ι
337 611 436 647 auo
458 597 554 648 tibi
593 597 742 651 nebit
767 601 957 664 pollice
978 601 1133 651 niveo
1153 600 1269 666 (qui
1301 600 1409 649 lon-

335 674 645 738 gaevitatem
672 675 903 741 figurat)
939 677 1027 728 fila
1066 692 1243 739 aurea,
1292 691 1406 740 quaa

332 769 590 807 summam
667 756 992 820 portendunt
1063 757 1409 806 felicitatem:

330 844 561 896 namque
601 846 671 882 ex
710 833 985 898 disciplina
1027 834 1406 885 Hetruscorum

331 907 474 956 aries
496 908 708 960 insolito
729 912 904 960 colore
927 911 1158 975 indutus,
1179 912 1289 975 regi
1323 912 1407 960 vel

331 983 652 1047 Imperatori
696 987 924 1036 omnium
966 1003 1135 1038 rerum
1178 988 1409 1052 largitio·

331 1074 457 1110 nem
480 1063 849 1124 portendebat.
903 1065 1038 1114 Vide
1055 1080 1169 1131 quoe
1189 1065 1257 1116 ad
1276 1080 1407 1116 vers.

330 1140 454 1187 229.
475 1138 693 1202 Thyest.
714 1139 947 1191 Senecae.

400 1219 435 1264 6
501 1216 716 1281 Phryxi,
767 1216 876 1280 Bra]
941 1218 1122 1268 Velius
1175 1232 1410 1283 aureum,

331 1292 492 1355 quale
515 1302 632 1343 erat
655 1293 830 1343 arietis
858 1294 993 1344 iilius
1028 1308 1130 1360 quo
1163 1295 1406 1359 Phryxua

327 1379 529 1429 vectus,
544 1386 581 1420 e
596 1372 801 1422 Boeotia
830 1372 883 1421 in
919 1373 1141 1423 Colchos
1159 1372 1405 1423 transfre-

328 1446 487 1497 tavit.
513 1448 682 1512 delta]
717 1447 822 1499 Titi
854 1448 979 1511 tilia,
1013 1449 1188 1513 neptis
1222 1449 1403 1499 Domi·

328 1523 491 1573 tiani.·
551 1525 649 1577 Illa
672 1541 796 1591 ergo
809 1526 1100 1577 Domitiani
1121 1525 1284 1577 filium
1298 1542 1401 1576 non

327 1608 548 1665 poterat
588 1616 711 1664 non,
746 1609 932 1666 utpote
972 1603 1268 1667 sanguinem
1311 1618 1401 1666 pa·

324 1678 459 1741 troi,
477 1693 682 1730 amaret
711 1680 819 1730 aive
844 1681 1053 1742 amavit,
1085 1681 1194 1731 sive
1213 1679 1405 1743 oderit,

325 1755 431 1804 hoc
453 1755 624 1805 Poeta
644 1771 710 1804 ex
750 1755 944 1807 decoro
975 1756 1140 1821 fingit.
1207 1757 1400 1807 Sensus

326 1845 457 1894 ergo
480 1839 563 1881 est
582 1848 598 1881 ε
629 1832 774 1883 Julia
794 1833 940 1898 quasi
961 1835 1099 1895 Dea,
1113 1833 1400 1883 Parcarum

324 1908 450 1958 loco
474 1908 568 1958 tibi
593 1911 829 1959 nascenti
870 1917 1098 1974 natoque
1117 1909 1265 1961 nebit
1289 1909 1403 1960 feli·

324 1985 413 2034 cia
431 1985 555 2035 vitm
577 1987 800 2037 stamina
833 1994 885 2036 et
907 2002 1066 2037 aurea
1083 1985 1194 2048 fila,
1213 1994 1402 2037 totum-

326 2075 433 2125 que
476 2063 642 2112 vellus
682 2078 911 2128 aureum,
955 2063 1008 2113 id
1060 2072 1163 2126 eat,
1210 2077 1405 2114 meram

324 2137 661 2190 felicitatem.

326 2258 333 2263 .
394 2217 560 2266 Eme.
613 2232 692 2266 ιν.
760 2218 963 2272 Laudat
1029 2217 1408 2280 Domitianum,

324 2294 469 2357 quod
489 2295 658 2359 legem
674 2294 708 2345 J
714 2295 866 2345 uliam
881 2293 947 2346 de
965 2296 1158 2359 stupris
1172 2312 1187 2356 ;
1208 2304 1263 2345 et
1286 2297 1406 2346 Sca-

328 2371 518 2420 tiniam
560 2372 627 2421 de
672 2372 1014 2436 impudicitia,
1055 2380 1112 2421 et
1156 2373 1406 2422 adulteria

327 2448 619 2512 puniendis*
640 2450 922 2512 revocarit,
958 2457 1116 2515 atque
1148 2449 1407 2500 histrioni·

324 2525 427 2575 bus
449 2540 659 2577 scenam
683 2526 1047 2587 interdixerit3
1081 2539 1269 2589 pueros
1293 2541 1404 2576 eas-

320 2601 455 2651 trari
476 2602 860 2667 amangonibua
883 2602 1125 2663 vetuerit,
1146 2605 1243 2652 ὅτε.
1267 2617 1402 2665 prae·

324 2676 540 2743 ferique
561 2677 694 2728 hanc
728 2679 947 2728 Caesarin
977 2679 1182 2729 laudem
1218 2687 1273 2730 et
1294 2679 1404 2730 fac·

327 2756 696 2817 tum,caeteris
718 2755 951 2805 omnibus
984 2768 1076 2805 seu
1109 2756 1402 2819 triumphis,

326 2845 419 2880 neu
445 2833 670 2896 templis·
691 2862 697 2866 >

323 2940 349 2956 ·.
390 2913 416 2959 1
464 2909 643 2958 Censor
674 2908 915 2972 maxime]
968 2911 1248 2960 Censuram
1300 2911 1401 2961 sibi

325 2986 608 3050 assumpsit
637 2987 935 3035 maximam.
964 2986 1110 3048 Suet.
1142 3005 1188 3037 c.
1210 2993 1260 3037 8.
1286 3001 1404 3052 per-

322 3069 555 3130 petuam.
578 3062 707 3112 Dio.
741 3062 1139 3178 Principumque]
1174 3064 1406 3130 Impera·

325 3146 428 3188 tor·

322 3243 330 3270 ;
388 3219 423 3265 2
449 3185 755 3281 ffiumplios]
792 3219 872 3267 Ex
905 3173 1072 3270 Dacia
1111 3234 1184 3269 sc.
1225 3220 1398 3271 Cattis

322 3300 380 3343 et
408 3293 678 3344 Sarmatis.
704 3295 882 3359 Epigr.
908 3299 959 3346 2.
1000 3297 1090 3348 lib.
1109 3301 1161 3348 2.
1195 3312 1331 3348 vera.
1354 3303 1404 3351 6.

334 3376 390 3419 et
411 3370 599 3433 Epigr.
624 3376 705 3422 19.
727 3371 820 3421 lib.
843 3378 893 3422 5.
919 3387 1055 3423 vera.
1076 3378 1124 3424 8.

316 3493 327 3509 ,
387 3449 420 3494 3
446 3446 533 3495 Tot
557 3448 837 3512 meent-ia]
860 3449 963 3499 Tot
985 3447 1141 3513 nova',
1163 3457 1219 3501 et
1242 3451 1310 3501 ab
1329 3452 1405 3501 in-

322 3526 476 3585 tegro
508 3536 576 3572 ex
611 3521 965 3576 fundamentis
1005 3536 1205 3591 erecta,
1239 3536 1296 3579 et
1328 3535 1409 3579 tot

320 3607 512 3657 renata
549 3614 661 3650 seu
678 3603 955 3654 restituta:
983 3604 1198 3656 8ιιιιιοιι.
1222 3620 1335 3670 cap.
1354 3611 1405 3657 5.

321 3677 550 3746 Eutrop.
573 3677 667 3732 lib.
690 3682 741 3728 7.
761 3679 996 3733 Cassiod.
1021 3682 1212 3731 Chron.

321 3782 329 3791 ·
387 3759 421 3803 4
448 3754 548 3812 Tot
562 3755 875 3818 spectacula]
885 3757 1033 3808 Suet.
1057 3773 1172 3823 cap.
1186 3765 1236 3810 4.
1270 3760 1407 3810 Vide

326 3829 509 3893 Epigr.
535 3834 616 3882 19.
640 3829 732 3880 lib.
764 3836 815 3879 5.
828 3831 964 3886 ibid.
992 3833 1114 3888 Tot
1129 3835 1406 3900 Deos,⁸50.]

327 3907 511 3957 Novos
554 3908 717 3968 Deos,
755 3907 1004 3971 seipsum,
1043 3916 1266 3973 patrem,
1299 3910 1403 3960 fra·

324 3988 479 4045 trem,
516 3991 576 4032 et
595 3983 814 4045 Julium,
839 4000 958 4035 cum
991 3988 1237 4052 antiquis,
1266 3989 1404 4040 Jove

327 4060 566 4124 custode,
611 4062 863 4126 Hercule,
908 4065 1138 4114 Fortuna
1190 4066 1406 4130 reduce,

327 4137 605 4202 Jano,&c.
631 4139 891 4203 Xiphilin.
929 4147 986 4191 et
1015 4142 1233 4193 Sueton.
1267 4143 1403 4193 Vide

324 4215 651 4282 Epigramm.
671 4220 752 4266 19.
772 4217 864 4268 lib.
885 4222 935 4267 5.

387 4299 417 4343 5
469 4295 660 4347 Pudice
702 4292 801 4358 est]
851 4294 988 4346 Vide
1025 4309 1144 4361 quae
1200 4296 1269 4346 ad
1301 4297 1402 4360 Ep.

326 4372 373 4425 2.
395 4385 567 4437 supra.

2376 443 2547 509 1253

1553 599 1711 651 Eme.
1747 616 1811 657 V.
1841 605 1871 652 3
1897 601 1991 651 Nil
2024 602 2142 651 mihi
2177 603 2448 666 reapondee]
2471 601 2548 653 ‘Id

1484 684 1586 737 eat,
1624 677 1786 727 tacite
1824 692 2010 741 negas:
2045 692 2159 726 nam
2181 678 2443 728 silentium
2469 687 2550 729 tu-

1484 767 1572 802 ιιιιι
1607 753 1824 802 honesta
1859 753 2134 815 denegatio
2167 760 2263 803 est.
2312 753 2548 818 Tacitum,

1481 828 1589 892 &cll
1610 830 1853 880 Tacendo
1885 828 2077 881 videris
2112 829 2292 880 dicere
2328 844 2412 879 me
2443 844 2549 880 ιιοιι

1482 905 1822 957 redditurum.

1548 988 1580 1033 4
1605 984 1739 1046 Ideo,
1770 982 1879 1047 ξω]
1916 984 1990 1033 Ut
2026 998 2125 1032 non
2161 984 2397 1047 reddam,
2421 999 2547 1049 rogo

1486 1062 1652 1125 gratia
1674 1069 1731 1111 et
1755 1060 1909 1125 dono,
1920 1076 2021 1110 non
2046 1069 2241 1112 mutuo.

1480 1180 1483 1185 .
1550 1139 1706 1188 Erro.
1743 1153 1821 1187 vr.
1853 1139 2102 1203 Scoptice
2141 1146 2356 1189 excusat
2389 1140 2551 1189 Paul-

1482 1215 1584 1264 lam
1606 1216 1742 1280 quod
1766 1223 1905 1266 amet
1926 1224 2147 1282 quatuor
2169 1216 2449 1279 comoedos,
2471 1217 2549 1266 in·-

1480 1293 1663 1357 quienn
1700 1308 1812 1342 eam
1838 1308 1939 1342 non
1960 1293 2134 1343 facere
2166 1302 2360 1357 praeter
2379 1293 2549 1358 legem

1479 1369 1784 1418 Dramatis:
1842 1370 2072 1434 quamvis
2117 1370 2253 1419 enim
2294 1371 2344 1420 in
2393 1384 2549 1420 scena

1480 1444 1654 1509 plures
1680 1446 1844 1499 tribus
1880 1447 2029 1496 simul
2064 1448 2204 1513 loqui
2237 1462 2339 1497 non
2359 1462 2547 1499 conve-

1478 1521 1609 1583 niat,
1632 1521 1895 1572 inducitur
1937 1530 2111 1573 tamen
2149 1537 2290 1588 saepe
2321 1539 2547 1587 persona

1479 1607 1686 1663 quarta,
1722 1615 1838 1664 quae
1874 1600 1959 1649 vel
1992 1607 2133 1649 muta
2169 1608 2251 1652 est
2286 1602 2369 1650 vel
2405 1602 2552 1668 loqui

1478 1690 1583 1726 non
1617 1676 1853 1727 laborat:
1891 1677 1942 1726 id
1983 1684 2089 1739 est,
2111 1692 2268 1741 parce
2301 1680 2550 1744 loquitur.

1479 1754 1604 1816 Sed,
1624 1761 1848 1815 mentem
1873 1753 2055 1805 Poetae
2079 1762 2244 1819 petat,
2266 1758 2354 1821 qui
2386 1758 2548 1822 volet,

1479 1845 1545 1880 ex
1568 1831 1961 1894 Epigrammate
1984 1835 2067 1882 33.
2090 1831 2222 1881 libro
2246 1836 2295 1881 9.
2320 1847 2449 1883 vers.
2474 1838 2523 1883 3.

1477 1944 1483 1953 .
1544 1908 1706 1957 Eme.
1737 1921 1841 1958 vn.
1873 1912 1894 1957 1
1924 1908 2062 1957 Julioe
2097 1909 2177 1957 lex
2209 1910 2409 1973 populis,
2443 1909 2554 1973 ξω]

1481 1985 1563 2033 Ex
1587 1999 1692 2048 quo
1732 1990 1970 2049 tempore
1988 1985 2313 2036 Domitianus
2336 2001 2550 2041 revoca-

1481 2061 1560 2112 vit
1592 2062 1764 2125 legem
1784 2062 1977 2113 Juliam
2002 2078 2033 2112 a
2070 2064 2130 2114 C.
2164 2065 2305 2116 Julio
2339 2066 2549 2116 Caesare

1484 2138 1781 2189 Octaviano
1831 2149 2015 2190 contra
2055 2141 2320 2193 adulteros
2341 2140 2346 2143 ’
2369 2144 2550 2195 latam.

1482 2215 1620 2264 Vide
1662 2215 1807 2264 Suet.
1845 2216 2048 2265 Domit.
2077 2222 2128 2268 7.
2167 2225 2223 2268 et
2256 2234 2371 2284 cap.
2413 2224 2460 2271 8.
2494 2227 2552 2269 et

1484 2304 1644 2355 supra
1664 2291 1844 2355 Epigr.
1866 2296 1917 2341 2.
1940 2301 1997 2343 et
2014 2297 2061 2342 4.
2085 2294 2303 2357 primum
2327 2297 2421 2346 hoc
2448 2296 2550 2346 dis·

1484 2368 1660 2417 ticlion
1685 2370 1735 2417 in
1759 2369 1841 2419 ed.
1858 2370 2186 2419 Scriveriana
2206 2372 2553 2439 desideratur,

1480 2447 1763 2502 ,consilioue
1799 2446 1990 2510 ipsius?
2040 2462 2105 2497 an
2149 2449 2346 2498 incuria
2374 2451 2550 2515 'sypo-

1481 2524 1765 2588 graphica?
1814 2524 1934 2574 Hoc
1970 2524 2177 2573 videtur
2198 2540 2265 2574 ex
2287 2526 2554 2591 lemmate,

1480 2601 1569 2650 ubi
1596 2602 1828 2651 Faustini
1851 2603 2061 2652 mentio.

1544 2681 1574 2726 3
1597 2676 1699 2727 Aut
1721 2677 1893 2741 ιιιίιιιιε,
1911 2676 2020 2742 ξω]
2042 2677 2190 2727 Intra
2212 2692 2440 2727 mensem
2464 2679 2551 2727 vel

1479 2758 1563 2804 30.
1585 2753 1697 2803 dies
1713 2755 1989 2804 Tbelesina
2012 2754 2189 2819 nupsit
2212 2754 2404 2805 decies·

1545 2837 1575 2880 5
1621 2831 1738 2881 Noa
1777 2831 1933 2894 nubit,
1973 2832 2077 2899 ξω]
2117 2830 2373 2881 Fraudem
2418 2830 2552 2881 facit

1476 2910 1602 2974 legi,
1638 2910 1864 2974 conjugii
1887 2911 2094 2960 nomine
2118 2912 2366 2975 praetexit
2405 2910 2550 2960 adul-

1471 2989 1687 3051 terium,
1724 2988 1992 3051 vimlegis
2027 2987 2214 3049 eIudit,
2248 3001 2416 3052 neque
2438 2983 2548 3050 jam

1477 3079 1611 3115 uxor
1625 3063 1826 3128 eat,aed
1849 3063 2088 3114 adultera
2102 3064 2351 3126 legitima.
2374 3063 2555 3127 Epigr.

1475 3146 1561 3198 ‚⁷5.
1585 3142 1675 3191 lib.
1693 3145 1743 3206 5.
1762 3139 1881 3191 vide
1901 3147 1959 3191 et
1981 3143 2063 3192 22.
2085 3140 2266 3205 Epigr.
2287 3138 2439 3189 iufra.

1543 3225 1577 3269 6
1633 3220 1840 3283 Moecka,
1891 3219 1999 3284 ξω]
2062 3219 2550 3282 Ωιιιιι,εἰιιιρ1ἰοίιει·

1478 3297 1678 3348 moecha
1716 3304 1819 3360 eat,
1869 3312 2037 3362 neque
2089 3297 2282 3361 legem*
2309 3297 2551 3362 ipsaeque

1479 3375 1689 3437 nuptias
1731 3373 2016 3425 adulterat.
2050 3374 2231 3439 Epigr.
2268 3378 2349 3423 88.
2383 3374 2475 3425 lib.
2501 3378 2549 3423 1.

1474 3451 1539 3499 >et
1561 3449 1743 3513 Epigr.
1752 3453 1836 3499 42.
1854 3449 1942 3500 lib.
1964 3454 2014 3500 8.

1546 3527 1713 3584 Emo-
1755 3537 1885 3576 vnr.
1934 3531 1961 3576 1
2005 3527 2250 3577 Praetores
2288 3528 2400 3589 duo,
2441 3523 2552 3587 ξω]

1485 3602 1731 3653 Honores
1765 3603 1842 3653 ait
1868 3603 2053 3668 jacere
2093 3611 2150 3653 et
2192 3604 2354 3654 bonas
2379 3609 2549 3651 artes:

1480 3679 1538 3729 in
1571 3679 1745 3744 pretio
1767 3694 1884 3730 esre
1906 3679 2239 3740 citharoedos,
2262 3678 2553 3737 choraulas,

1472 3757 1773 3821 ιιιι-ωἰιιιιιεε,
1808 3756 1887 3806 nti
1933 3763 1990 3805 et
2030 3756 2266 3821 queritur
2307 3754 2550 3805 Juvenal.

1480 3832 1656 3897 Satyr.
1680 3838 1730 3884 3.
1752 3832 1872 3890 vide
1895 3840 1949 3880 et
1973 3831 2061 3881 lib.
2084 3836 2131 3879 5.
2157 3830 2340 3894 Epigr.
2370 3832 2453 3877 56.

1482 3957 1485 3962 .
1547 3914 1577 3957 5
1615 3908 1835 3957 Ρνωσοιὶ
1853 3908 2008 3968 dedit,
2028 3906 2132 3970 Bm]
2165 3905 2239 3954 Iis
2259 3904 2396 3952 enim
2421 3908 2550 3953 tem·

1481 3985 1696 4049 poribus
1750 3998 2049 4049 praeconum
2106 3981 2319 4031 fortuna
2362 3979 2431 4030 ad
2471 3980 2551 4028 in-

1482 4061 1676 4120 vidiam
1714 4075 1876 4126 usque
1918 4061 2095 4120 lauta3
2150 4058 2296 4124 qnod,
2318 4057 2551 4107 Martiali

1478 4138 1891 4197 indignationem
1908 4136 2174 4186 excitabat
2189 4150 2349 4200 supra
2363 4135 2548 4199 Epigr.

1479 4220 1562 4266 56.
1597 4215 1633 4265 l.
1656 4220 1707 4265 6.
1771 4213 1847 4264 At
1889 4212 2011 4263 olim
2052 4210 2343 4261 infimorum
2380 4217 2439 4260 et
2458 4211 2550 4260 mi·

1478 4307 1712 4343 seron-nm
1756 4289 2157 4342 homuncionum
2204 4286 2547 4340 ministerium

1386 4423 1389 4432 ,
1478 4376 1613 4423 erat.
1647 4369 1774 4424 Her.
