2985 4937
612 408 690 455 M.
737 407 912 456 VAL.
960 404 1381 456 MAR'rlAms
1429 403 1677 454 Epion.
1725 407 1868 455 1013.
1918 407 2015 454 vl.

2256 346 2447 458 lem¹

338 559 366 603 8
394 554 505 616 Der,
538 553 780 616 Μινὲαιιε,
816 552 961 619 nihil]
997 553 1298 618 Deceptam
1347 550 1535 615 Epigr.
1560 550 1885 602 14.lib.4.et
1909 551 2092 616 Epigr.
2116 554 2200 602 68.
2223 551 2325 602 lib.
2348 557 2398 602 7.

267 629 351 679 sibi
390 641 542 694 spem·
569 630 801 693 plorabit
845 630 980 680 veris
1022 629 1297 692 lacrymise

269 710 280 732 ‘
294 705 510 757 Haeredis
527 714 698 757 autem
719 704 875 755 fletus
898 707 1030 756 risus
1052 705 1173 755 est.'

319 783 465 832 Eric.
488 796 638 833 mxiv.
672 783 986 848 Indignatur
1018 783 1188 833 Poe-ta
1209 798 1303 832 sua

267 860 482 910 Carmina
514 862 657 912 velut
698 862 888 925 turpia,
924 862 1070 925 carpi
1112 860 1178 909 ab
1215 873 1301 920 eo,

265 937 339 1002 qui
360 939 550 1001 turpior
572 939 641 989 sit
673 938 778 988 suis
822 937 1168 1000 Carminibus,
1201 949 1305 1002 qua

261 1014 482 1077 moribus,
505 1029 605 1078 qua
619 1013 921 1064 natalibus:
956 1013 1057 1062 hoc
1082 1027 1205 1063 vero
1227 1010 1303 1062 fe·

262 1091 453 1140 rendum
498 1106 600 1141 non
649 1105 785 1153 esse,
829 1091 992 1155 juxta
1033 1091 1304 1142 Juvenalis

261 1166 467 1216 dictum:
519 1173 535 1196 ⁴
561 1167 796 1232 castigas
838 1166 1031 1230 turpia,
1076 1181 1194 1216 cum
1235 1166 1306 1216 sis

259 1244 390 1293 Inter
409 1245 701 1294 Socraticos
715 1244 986 1294 notissima
1001 1241 1136 1293 fossa
1153 1242 1305 1292 cinae·

259 1319 370 1371 dos!
434 1321 579 1370 Clam
619 1335 746 1370 vero
785 1320 1109 1371 occasionem
1149 1319 1307 1370 sumit

259 1396 634 1446 commendandi
658 1411 752 1446 sua
774 1397 1033 1447 Carmina.
1067 1396 1195 1447 Rau.

316 1478 339 1522 1
374 1475 491 1523 Cum
521 1474 615 1537 sis]
643 1475 742 1535 Tu,
778 1489 931 1538 quem
955 1488 1127 1538 neque
1149 1473 1310 1538 majo-

259 1562 330 1597 res
367 1559 554 1601 ornant
590 1565 762 1615 neque
799 1553 1024 1615 propriae
1057 1549 1310 1615 ‘vii-tutes,

257 1625 425 1675 auden’
455 1634 534 1689 tu,
571 1642 603 1677 o
640 1627 888 1678 vilissime
912 1635 967 1678 et
986 1627 1308 1688 mollissime,

258 1699 340 1751 tibi
354 1702 531 1753 critica
552 1711 768 1767 arrepta
785 1703 932 1767 virga
952 1718 1068 1752 mea
1090 1717 1307 1766 carpere

256 1779 498 1843 Carmina,
530 1795 702 1846 eaque
738 1796 769 1829 a
804 1780 1031 1831 laudatis
1064 1780 1308 1830 laudata?

259 1856 422 1918 Rigida
439 1864 589 1921 gente
619 1857 829 1921 creatus]
860 1858 1059 1908 Studiis
1085 1858 1210 1908 belli
1231 1873 1309 1908 as·

259 1936 480 1996 peri-ima.

311 2018 340 2062 2
376 2014 546 2078 Curio]
581 2015 657 2063 Μ.
691 2014 849 2063 Curio
883 2013 1135 2074 Dentato,
1173 2011 1310 2077 agri-

256 2091 456 2141 culturae
490 2091 679 2140 studiis
711 2105 813 2139 non
836 2089 1003 2138 minus
1026 2095 1177 2154 qua'm
1204 2089 1314 2140 vic·

256 2167 389 2216 toriis
409 2176 464 2217 et
489 2166 765 2230 triumphis
786 2166 926 2231 apud
956 2167 1199 2216 authores
1226 2181 1311 2217 ce·

254 2242 387 2294 lebri.
439 2245 575 2294 Cum
595 2259 718 2307 ergo
739 2258 840 2294 nec
863 2257 930 2293 ex
955 2243 1116 2293 Fabia
1138 2251 1315 2308 gente,

254 2333 341 2369 nec
361 2335 390 2369 e
412 2322 488 2370 Μ.
511 2321 664 2371 Curii
687 2321 911 2371 Dentati
933 2329 1088 2371 natus
1112 2321 1201 2383 sis,
1229 2337 1316 2370 au-

256 2394 338 2445 des
363 2404 539 2447 tamen
565 2411 649 2446 me
674 2411 909 2463 carpere.

310 2478 337 2522 3
371 2475 589 2525 Hirsuta
619 2474 831 2537 peperit]
872 2474 988 2526 Nec
1020 2483 1079 2526 tu
1116 2491 1172 2525 es
1205 2476 1318 2538 ille,

254 2567 396 2616 quem
421 2552 589 2603 Curio
613 2553 800 2602 marito
834 2554 850 2580 ‘
867 2553 1058 2617 conjux
1078 2553 1319 2603 rubicun-

255 2628 350 2692 da,'
378 2631 433 2680 id
470 2637 577 2692 est,
608 2629 814 2680 rustica
847 2637 902 2679 et
936 2630 1043 2680 sole
1065 2631 1321 2692 colorata,

254 2708 342 2757 sub
383 2708 504 2758 ilice
546 2707 746 2756 hirsuta
768 2713 824 2757 et
847 2716 1055 2757 comata
1093 2707 1325 2770 peperit,

256 2786 302 2834 id
325 2792 422 2849 est,
443 2801 548 2836 nec
576 2792 635 2835 tn
659 2800 689 2834 e
715 2795 875 2849 gente
898 2786 1191 2835 Curiorum.

311 2868 342 2913 4
373 2862 458 2913 Aa
488 2862 728 2927 speculum
761 2860 911 2924 tomi]
943 2862 1143 2924 Mollis,
1178 2859 1321 2911 effoe·

253 2939 447 3003 minati,
495 2940 737 3004 pathici3
793 2939 960 3003 qualis
1005 2946 1121 2989 erat
1161 2940 1325 3002 Otho,

253 3015 328 3064 cui
360 3019 376 3045 ‘
399 3017 678 3080 speculum
718 3014 885 3064 civilis
922 3017 1122 3065 sarcina
1162 3016 1322 3066 belli!

253 3092 438 3143 Juven.
454 3093 637 3155 satyr.
657 3096 709 3141 2.
733 3105 870 3141 vers.
894 3096 1006 3143 100.
1072 3092 1208 3142 Vide
1229 3094 1321 3142 Se-

255 3182 362 3219 nec.
383 3170 451 3220 de
475 3168 685 3220 Brevit.
708 3170 853 3230 vitae,
870 3182 989 3232 cap.
1017 3173 1096 3219 12.
1162 3169 1235 3218 Et
1255 3184 1321 3219 ex

254 3258 427 3302 eornm
464 3259 686 3295 numero
718 3245 805 3309 qni
846 3246 1049 3295 curiose
1086 3251 1143 3296 et
1173 3244 1323 3295 fasti·
1367 3264 1371 3269 ·

255 3322 391 3374 diosc
434 3322 763 3384 tondentur;
806 3323 994 3388 quibus
1032 3324 1145 3374 vita
1185 3324 1323 3373 inter

254 3399 521 3461 pectinem
558 3406 616 3449 et
648 3401 916 3461 specuium
938 3400 1165 3465 degitur.
1236 3402 1323 3451 To-

252 3476 401 3540 gatae]
460 3477 704 3526 Famosae
759 3476 1032 3541 adulterae,
1080 3477 1336 3528 adulterii·

257 3553 390 3604 enim
430 3553 695 3603 convictae
730 3553 1058 3617 cogebantur
1091 3554 1327 3619 toga-in·

254 3628 394 3680 dntoe
416 3631 470 3680 in
497 3629 764 3693 publicum
789 3630 1093 3693 procedere.

317 3713 347 3755 5
383 3707 629 3770 Sponsum
654 3707 821 3769 possit,
839 3706 950 3770 asa]
983 3707 1161 3772 Usque
1194 3706 1329 3757 adeo
1432 3710 1443 3721 ⁶

257 3781 611 3833 effoeminatus
652 3797 709 3832 es
745 3790 800 3833 et
832 3784 1019 3846 mollis,
1049 3792 1109 3834 ut
1141 3798 1331 3852 sponsa

257 3876 370 3910 cum
406 3862 655 3925 Diogene
686 3860 931 3911 dubitare
967 3852 1156 3927 possit,
1185 3861 1338 3910 virne

260 3936 344 3999 sis,
368 3952 439 3987 an
460 3937 670 3988 mulier.

320 4019 350 4064 7
390 4015 581 4066 Felices
601 4027 793 4079 carpere
829 4013 1007 4077 nugas]
1041 4016 1335 4064 Doctorum

259 4092 465 4142 calcuio
511 4098 569 4142 et
614 4093 881 4157 proeconio
925 4092 1121 4142 nobilia
1175 4098 1334 4155 atque

261 4166 470 4217 victura
489 4169 753 4218 Carmina.

329 4251 393 4301 10
426 4245 556 4308 Sin]
587 4246 703 4297 Silii
741 4245 913 4299 Italici
938 4245 1131 4311 poetae.
1199 4244 1334 4295 Vide

1445 635 1503 679 11
1544 631 1758 692 Regum
1777 632 1880 695 ore]
1912 628 1998 679 Ad
2022 644 2173 695 quem
2195 644 2335 694 saepe
2357 626 2440 679 suh

1376 722 1487 772 pra.
1555 707 1692 758 Vide
1728 707 1912 772 Epigr.
1936 711 2017 757 13.
2042 718 2097 758 et
2120 708 2434 771 Epigramm.

1376 790 1491 836 112.
1510 787 1598 836 lib.
1626 790 1672 836 1.
1694 788 1794 836 ὅτε.

1442 869 1506 914 12
1544 865 1729 928 Quique
1749 864 1898 926 videt,
1916 863 2025 927 δια]
2047 865 2178 916 Quae
2196 864 2444 913 Carmina

1375 943 1786 993 laudet‘Ciariss.
1811 950 1986 993 orator
2002 939 2265 991 Palfurius
2287 942 2442 1003 Sura,

1377 1020 1464 1084 qni
1503 1019 1706 1069 habitat
1740 1019 1794 1068 in
1833 1017 2099 1069 Aventino
2137 1023 2315 1066 monte
2355 1016 2445 1065 ubi

1377 1097 1549 1146 Diana
1569 1097 1773 1158 colitur,
1797 1095 1960 1145 unde
1971 1094 2244 1157 despicere
2267 1099 2446 1158 potest

1380 1174 1434 1223 in
1456 1174 1663 1224 Circum
1688 1188 1822 1222 max.
1847 1172 2163 1236 subjectum.

1444 1255 1510 1300 16
1544 1251 1639 1300 Sed
1662 1250 1771 1311 tibi,
1790 1249 1897 1314 &cd
1929 1248 2162 1311 Ironice,
2186 1254 2247 1297 tu
2269 1254 2444 1298 tamen

1379 1328 1476 1379 tibi
1517 1335 1728 1392 arrogas
1764 1328 1883 1391 plns
1912 1325 2122 1391 judicii,
2159 1327 2256 1374 ὅτε.
2340 1320 2453 1373 'nbi

1378 1412 1462 1453 cor·
1496 1405 1689 1454 limante
1727 1399 1977 1465 Minerua]
2019 1403 2090 1451 Et
2126 1400 2222 1450 tibi
2258 1400 2451 1449 artium

1381 1487 1539 1545 atque
1590 1479 1919 1529 Athenarum
1975 1474 2117 1543 (quas
2172 1477 2451 1540 sapientiae

1381 1557 1631 1621 magistra
1651 1553 1978 1620 perhibetur)
1994 1569 2190 1620 praeses
2205 1555 2450 1604 Minerva

1381 1634 1570 1697 polivit
1589 1634 1851 1698 ingenium
1870 1639 1928 1683 et
1946 1632 2156 1682 exacuit
2171 1629 2450 1696 judicium.

1380 1711 1526 1761 Iron.

1448 1792 1510 1838 17
1550 1784 1751 1849 Tenues]
1780 1786 2032 1849 subtiles,
2053 1792 2242 1835 acutae.

1449 1867 1514 1914 18
1549 1863 1627 1913 Ne
1659 1865 1859 1926 valeam,
1894 1863 2003 1927 ξω]
2037 1862 2370 1924 Dispereatn,
2406 1860 2453 1908 si

1383 1955 1487 1990 non
1515 1955 1606 1991 cor
1624 1941 1846 2004 pecudis
1860 1941 1971 2004 jam
1999 1938 2285 2002 putridum,
2314 1937 2461 2000 quod‘

1383 2031 1502 2067 cum
1518 2016 1796 2079 intestinis,
1814 2016 2056 2081 pedibus,
2069 2016 2259 2079 jecore
2273 2021 2329 2064 et
2345 2015 2456 2078 pui-

1385 2107 1537 2143 mone
1573 2093 1740 2142 lanius
1780 2092 2084 2143 circumfert
2109 2106 2205 2156 per
2226 2090 2465 2153 compita·

1383 2172 1590 2233 venale,
1608 2171 1721 2234 plus
1736 2171 1907 2234 sapiat
1921 2182 2076 2235 quam
2093 2177 2255 2220 tuum.
2288 2168 2461 2218 Turn:

1388 2249 1423 2297 i.
1442 2251 1528 2298 26.
1553 2262 1670 2311 cap.
1693 2251 1776 2298 27.
1853 2254 1865 2272 “
2022 2258 2029 2265 ’

1452 2328 1519 2374 20
1561 2323 1721 2374 Rubro
1755 2326 1968 2387 pulmone
1998 2322 2155 2385 vetus]
2199 2321 2319 2373 Jam
2343 2336 2459 2371 cor-

1389 2406 1548 2463 rupto
1572 2401 1836 2463 pulmone,
1868 2407 2021 2463 putre
2045 2406 2102 2448 et
2120 2396 2326 2448 foetens.
2464 2412 2468 2419 “

1456 2481 1524 2527 22
1559 2478 1697 2533 Quos
1706 2477 1923 2537 miserus,
1937 2476 2045 2540 ἔγω]
2080 2474 2326 2525 Carmina
2342 2488 2458 2538 quae

1393 2567 1547 2603 nemo
1565 2554 1723 2616 legat
1757 2554 1939 2616 Epigr.
1959 2557 2009 2601 9.
2036 2551 2128 2602 lib.
2152 2554 2200 2603 8.
2460 2560 2470 2590 ¹

1457 2634 1524 2680 24
1556 2630 1627 2680 At
1649 2632 1695 2680 si
1714 2632 1826 2695 quid
1846 2636 2040 2693 nostre,
2061 2630 2169 2695 &sc-J
2203 2628 2277 2679 At
2300 2628 2344 2677 si
2361 2642 2458 2724 ego

1394 2709 1445 2757 in
1471 2715 1525 2757 te
1547 2708 1807 2772 scripsero
1831 2708 2072 2758 Carmen.
2469 2731 2473 2742 ν

1458 2789 1527 2835 26
1558 2785 1823 2847 Stigmata,
1858 2783 1965 2849 ενα]
1999 2783 2234 2833 Innatam
2273 2782 2368 2833 tibi
2393 2795 2461 2831 ex

1395 2863 1523 2912 meis
1554 2862 1962 2927 Epigrammatis
1994 2860 2279 2919 infamiam.
2346 2859 2462 2909 Me⁴

1395 2940 1542 3004 taph.
1566 2954 1597 2989 a
1621 2939 1830 3005 punctis
1875 2939 2084 3003 corpori
2107 2937 2320 2987 inustist
2343 2950 2460 3001 quae

1392 3017 1572 3081 lepide
1626 3016 1907 3066 Petronius
1971 3018 1987 3044 ‘
2023 3015 2417 3079 Epigrammata
2446 3011 2463 3035 ’

1394 3092 1546 3143 dixit.
1616 3093 1873 3142 Cinnamus
1892 3093 2022 3157 arte]
2040 3083 2274 3141 Tonsor>
2282 3087 2399 3139 Lib.
2412 3093 2462 3139 7.

1393 3169 1579 3234 Epigr.
1601 3173 1685 3220 64.
2472 3161 2473 3164 ’

1457 3250 1523 3298 27
1564 3247 1745 3296 Rabirio
1762 3261 1847 3297 nec
1862 3245 2079 3309 perditus
2096 3242 2200 3306 ore]
2234 3242 2360 3293 Noli
2392 3242 2464 3291 ia-

1394 3329 1539 3375 tratu
1573 3331 1666 3373 tuo
1689 3323 1755 3373 ad
1791 3323 1921 3372 iram
1957 3323 2167 3371 irritare
2187 3334 2289 3380 me,
2313 3330 2481 3384 quem·

1396 3400 1685 3465 comperies
1706 3414 1884 3449 tusum
1901 3399 2072 3448 vivum
2090 3406 2146 3448 et
2162 3398 2214 3447 in
2229 3399 2333 3446 iras
2349 3405 2467 3460 pro·

1398 3492 1541 3541 num,
1571 3478 1659 3528 ubi
1685 3477 2152 3527 dabitur-occasio:
2188 3476 2311 3541 quin
2334 3475 2469 3539 poti·

1400 3568 1481 3611 us,
1495 3568 1529 3604 o
1551 3554 1735 3604 timide
1765 3569 1828 3603 ac
1850 3554 2125 3603 imbecillis
2148 3553 2343 3614 catule,
2359 3551 2469 3614 pel-

1400 3632 1504 3680 lem
1531 3630 1637 3680 ursi
1651 3628 1790 3679 foeno
1806 3628 1999 3683 fartam
2021 3630 2283 3680 mordicus
2307 3628 2487 3675 laces·-

1406 3801 1489 3836 me
1529 3786 1702 3835 vivum
1735 3784 1964 3834 senties:
2016 3797 2172 3844 cave,
2208 3781 2371 3843 canis,
2413 3787 2491 3828 et*

1407 3878 1586 3929 quaere
1629 3863 1781 3911 aliam
1821 3875 2031 3911 carnem
2075 3872 2228 3923 qnam
2277 3856 2469 3908 tacitus

1407 3941 1582 3994 rodas.
1679 3940 1817 3989 Vide
1872 3937 2193 4001 Epigramm.
2239 3938 2345 3984 60-
2375 3934 2469 3984 lib.

1407 4023 1455 4067 5.
1479 4023 1537 4066 et
1570 4015 1762 4065 Horat.
1799 4014 1968 4077 Epod.
1999 4017 2052 4063 6.
2129 4012 2248 4075 Vel,
2283 4023 2350 4060 ne
2387 4025 2472 4059 ur-

1409 4108 1522 4143 sum
1561 4092 1689 4141 iram
1730 4090 2016 4154 spirantem
2061 4088 2232 4137 anima
2275 4092 2493 4136 tunet-

1409 4183 1540 4219 voce
1573 4166 1806 4216 irritaris.

1413 4246 1771 4297 vehementem
1813 4242 1944 4293 iram
1982 4239 2347 4305 significaturi,
2388 4251 2487 4288 ur*

1877 4164 2273 4228 Hierogiyphici
2319 4162 2474 4224 enim,
2572 4221 2587 4233 .
