2985 4937
484 415 660 484 1318

484 588 553 642 ga
577 573 733 626 «fores
770 573 1028 640 pulsabat.
1064 573 1177 627 Liv.
1200 575 1292 628 lib,
1327 582 1378 627 6.
1405 576 1547 627 Pliu.

479 653 577 704 alib.
600 657 651 704 7.

552 735 615 781 10
652 731 836 780 Genera
855 744 1013 779 sacros
1026 730 1242 795 honores]
1277 731 1548 796 Pompeio,

483 807 567 859 cui
605 806 783 870 nupsit
813 805 974 866 Julia,
995 807 1215 856 Caesaris
1246 806 1375 858 filia.
1439 807 1545 858 Sed

484 898 579 934 cur
599 883 678 933 bis
699 883 837 932 idem
862 883 992 932 dicit
1022 883 1227 935 Poeta?
1281 883 1548 948 Intellige,

486 961 529 1011 si
566 962 758 1025 placet,
795 959 873 1009 Μ.
898 960 1205 1024 Vipsanium
1238 960 1546 1027 Agrippam,

481 1042 574 1092 cui
612 1051 779 1106 nupta
814 1046 897 1091 est
936 1042 1157 1109 Augusti
1192 1046 1355 1109 Julia,
1394 1062 1546 1111 quem

486 1132 653 1184 usque
678 1120 731 1169 in
749 1115 961 1172 tertium
979 1124 1302 1173 consulatum
1320 1124 1550 1174 amicitia

486 1196 738 1261 principis
770 1199 966 1259 evexit,
992 1199 1297 1265 (Velleius,)
1318 1207 1374 1250 et
1410 1200 1547 1251 huuc

483 1288 603 1324 esse
624 1288 829 1325 sensum
851 1275 1035 1326 Poetae
1070 1284 1219 1341 patet
1240 1293 1305 1328 ex
1326 1292 1548 1344 sequen-

486 1351 585 1403 fib·
1009 1380 1012 1387 ¹

485 1450 494 1458 ·
554 1433 614 1480 11
651 1429 909 1495 Pacificas,
942 1427 1051 1494 ξα]
1115 1431 1385 1495 Templum
1427 1430 1550 1482 Jani

486 1507 568 1558 bis
591 1507 937 1558 claudebatur
955 1515 1075 1557 ante
1092 1507 1389 1571 Octavium,
1411 1507 1549 1575 quod

487 1592 603 1634 erat
636 1584 838 1648 signnm
878 1584 1050 1648 pacis:
1084 1584 1245 1635 tertio
1276 1584 1553 1635 claudeba-

488 1665 594 1723 tur,
617 1661 719 1710 imo
742 1666 843 1722 ter,
859 1661 957 1711 snb
979 1661 1091 1727 ipso
1113 1661 1369 1726 Augusto,
1391 1661 1552 1710 semel

486 1736 698 1802 quidem
737 1751 854 1787 cum
890 1739 969 1788 Μ.
998 1737 1237 1804 Agrippa
1257 1739 1549 1789 'secundum

486 1815 729 1866 consule:
764 1814 902 1864 unde
946 1816 1153 1865 nomina
1187 1830 1364 1866 eorum
1407 1817 1551 1866 illus-

487 1897 645 1942 trata.
699 1891 1083 1955 v01,-Quorum
1115 1892 1327 1942 tertium
1364 1907 1550 1963 consu-

483 1968 597 2017 lum
620 1967 826 2018 uomina
866 1966 1230 2019 referebantur
1263 1969 1319 2018 in
1349 1971 1551 2035 Fastos,

489 2045 578 2108 qui
603 2044 653 2092 in
676 2044 842 2094 tutela
862 2051 920 2093 et
942 2045 1173 2108 auspicio
1189 2046 1344 2099 Janiz
1369 2047 1552 2112 Epigr-

486 2125 536 2170 2.
559 2133 735 2184 supra.

558 2200 620 2246 13
654 2197 740 2247 Sic
780 2213 1028 2250 numerare
1064 2202 1356 2266 consulatus]
1390 2203 1455 2253 In
1492 2217 1551 2253 se

490 2279 547 2324 et
568 2273 770 2325 duobus
791 2274 931 2341 filiis,
947 2292 1100 2342 quam
1132 2279 1186 2329 iu
1219 2294 1275 2330 se
1305 2295 1409 2330 uno
1442 2287 1551 2331 tres

488 2354 807 2416 consulatus,
827 2362 886 2404 ut
902 2355 1188 2423 Pompeius
1205 2364 1262 2408 et
1274 2358 1532 2424 Agrippa.

554 2430 715 2482 Erm-
764 2444 944 2483 vau.
988 2434 1322 2487 Caecilianum
1376 2437 1554 2487 convi-

487 2519 624 2573 vam,
647 2516 956 2572 praemature
977 2511 1045 2560 ad
1067 2511 1552 2565 coenamventitan-

491 2590 617 2648 tem,
643 2585 801 2648 Jubet
838 2593 934 2637 aut
968 2590 1220 2639 maturius
1261 2596 1351 2640 aut
1388 2590 1554 2641 serius

479 2661 692 2724 adesse,
709 2662 805 2713 boc
829 2669 931 2724 est,
952 2665 1160 2715 omnino
1182 2664 1377 2718 abesse.

483 2767 488 2773 ·
557 2743 584 2788 1
618 2739 783 2789 Horas
832 2740 1055 2805 quinque]
1109 2742 1355 2793 Nondum
1401 2742 1553 2808 quin·

488 2821 617 2877 tam,
655 2829 1043 2879 praeproperam
1081 2816 1235 2866 nimis
1270 2832 1431 2868 coenae
1467 2818 1555 2867 bo·

488 2905 620 2941 ram.
674 2891 814 2940 Vide
862 2891 1181 2956 Epigramm.
1225 2896 1277 2942 8.
1322 2893 1460 2944 libro
1502 2896 1554 2943 4.

487 2980 621 3016 vers.
663 2971 714 3017 7.
769 2968 901 3016 Puer
938 2970 1162 3031 nondum,
1204 2970 1312 3034 &sc-J
1368 2970 1556 3020 Servo·

488 3059 602 3093 rum
645 3050 763 3093 erat
801 3045 1049 3095 nunciare
1085 3046 1256 3101 boras.
1307 3046 1553 3098 Juvenal.

387 3139 388 3146 ¹
486 3121 600 3171 Sat.
624 3126 706 3172 10.
774 3124 790 3150 ‘
817 3122 1057 3173 Clamore
1085 3136 1217 3188 opus
1241 3131 1339 3191 est,
1358 3133 1418 3175 ut
1440 3139 1555 3174 sen-

486 3199 589 3247 tiat
611 3199 769 3260 auris,
799 3200 968 3252 Quem
1003 3199 1146 3250 dicat
1168 3200 1373 3250 venisse
1401 3216 1555 3266 puer,

487 3282 618 3339 quot
687 3275 904 3325 nunciet
966 3274 1153 3346 horas.'
1216 3276 1555 3328 Nunciabant

487 3353 654 3416 igitur
705 3353 859 3401 boras
922 3352 1091 3417 pueri,
1152 3361 1208 3403 et
1272 3353 1556 3406 monebant

489 3429 697 3496 quando
719 3430 911 3494 lavare,
932 3437 1156 3495 gestare,
1172 3446 1380 3481 coenare
1402 3446 1558 3497 opor·

489 3514 648 3559 teret.

477 3602 483 3608 ·
554 3589 585 3635 3
618 3582 938 3646 Distulerint]

486 3662 623 3728 quod
645 3661 806 3712 fiebat
838 3662 965 3710 hora
999 3662 1310 3726 tertia,quae
1337 3676 1554 3711 exerce·

476 3741 579 3791 bat
610 3739 924 3790 caussidicos
947 3756 962 3788 ε
986 3739 1178 3804 Epigr.
1213 3744 1261 3789 8.
1282 3739 1375 3789 lib.
1399 3744 1451 3788 4.
1474 3738 1554 3788 id-

432 3814 436 3819 ’
475 3829 591 3881 oue
626 3824 845 3881 propter
876 3816 1026 3865 ludos
1048 3815 1296 3865 Florales.
1349 3815 1552 3880 Rauca]

481 3892 576 3942 Sic
593 3893 694 3955 Ep.
712 3896 762 3941 8.
781 3889 875 3940 lib.
893 3895 944 3940 4.
967 3893 983 3919 ‘
1001 3904 1185 3939 raucos
1203 3889 1554 3940 caussidicos.'

476 3968 800 4033 stramonia]
844 3967 1239 4032 synecdochice
1273 3982 1369 4031 pro
1407 3966 1554 4031 judi-

475 4044 602 4095 ciis.
671 4044 1037 4093 Vadimonium
1069 4044 1206 4094 enim
1240 4050 1323 4094 est
1344 4045 1554 4108 sponsio

490 4119 714 4171 sistendi
741 4122 796 4170 in
829 4120 1057 4182 judicio.
1126 4120 1348 4184 Quartae]
1387 4121 1556 4172 Horae
1619 4153 1627 4160 ·

1618 4196 1792 4247 -etiam
1813 4197 1998 4261 hyeme
2036 4193 2324 4259 florentem,
2345 4196 2578 4265 miroque
2616 4213 2692 4248 ar·

490 4197 695 4248 scilicet
716 4196 883 4245 litium
906 4194 1184 4246 forensium
1205 4195 1506 4247 differendi.

478 4290 487 4298 ·
555 4277 588 4322 4
622 4273 907 4325 malicias
945 4272 1109 4336 seras]
1171 4275 1426 4339 Lepores,
1472 4288 1558 4326 ca·

1014 3585 1079 3633 In
1122 3563 1345 3634 alterum
1399 3584 1558 3648 diem,

1178 431 1394 482 NoTAE
1439 431 1845 484 VAmoRUM
1895 433 1975 483 IN

1621 590 1796 640 preas,
1823 579 1923 628 &c.
1947 578 2010 629 ab
2046 566 2299 630 AEdilibus
2337 582 2595 635 exhibitas
2627 585 2677 634 in

1625 653 1950 704 Floralibus:
1987 655 2055 706 de
2086 655 2271 721 quibus
2294 658 2610 723 Epigramm.
2631 666 2679 712 3.

1608 728 1710 780 lib.
1729 735 1776 779 1.

1683 813 1713 856 5
1750 808 1916 858 1110:oe
1956 824 2140 871 reuoca,
2184 811 2295 875 ξω]
2347 810 2494 862 Ante
2536 788 2683 863 octa-

1620 897 1753 942 vam,
1771 900 1885 949 quae
1906 886 2033 935 bora
2053 893 2135 936 est
2157 887 2474 939 balnearum.

1659 1035 1671 1049 .
1685 966 1718 1011 6
1749 961 1910 1025 Lecti]
1937 962 2269 1028 Triclinares,
2283 965 2686 1031 quibusaccum·

1620 1037 1954 1164 blsswss'aldam
1970 1115 2140 1178 poscis,
2163 1117 2287 1183 Aa]
2318 1115 2522 1181 Aquam
2561 1119 2686 1168 cali·

1623 1189 1763 1252 dam,
1788 1190 1853 1240 ad
1879 1192 2125 1241 vomitum
2150 1194 2233 1243 vel
2267 1194 2334 1244 ad
2358 1195 2533 1245 vinum
2556 1194 2686 1245 dilu-

1623 1268 1835 1320 endum.

1689 1350 1721 1394 8
1757 1346 1903 1395 Nudo
1933 1338 2110 1412 clausa,
2140 1348 2249 1412 ξω]
2299 1349 2426 1401 Siue
2467 1351 2590 1417 igne
2634 1358 2687 1401 et

1625 1423 1800 1488 lignis.

1684 1505 1723 1550 >9
1753 1500 1903 1550 Mane
1919 1503 2026 1551 veni
2041 1502 2220 1566 potius,
2240 1502 2349 1567 fisa]
2381 1502 2687 1568 Importune

1626 1583 1683 1627 et
1718 1577 2085 1642 intempestive
2123 1580 2332 1641 venisti,
2374 1581 2592 1644 perinde
2618 1588 2688 1630 ‘ac

1627 1653 1796 1718 primo
1828 1668 2008 1704 mane:
2045 1657 2388 1719 opportunius
2426 1662 2482 1706 et
2515 1657 2692 1707 buma-

1624 1731 1741 1780 nius
1767 1731 1998 1781 venisses
2022 1730 2173 1782 tarde
2190 1738 2248 1783 et
2271 1739 2394 1796 post
2413 1748 2581 1784 coenae
2604 1735 2691 1784 ho-

1626 1823 1754 1859 ram.

1690 1890 1754 1936 1¹0
1783 1885 1888 1936 Aut
1906 1903 1992 1936 cur
2011 1902 2103 1936 non
2122 1887 2251 1951 sero]
2281 1888 2453 1940 Josias
2482 1889 2693 1939 Merce-

1626 1977 1712 2012 rus
1751 1978 1817 2013 ex
1856 1965 2092 2029 vestigiis
2126 1966 2356 2029 antiquae
2395 1965 2695 2030 scripturae,

1632 2039 1698 2089 Ut
1713 2040 1823 2102 jam
1855 2044 1905 2088 te
1945 2054 2066 2105 sero,
2105 2042 2351 2092 rescribit
2390 2042 2691 2106 ingeniosis·

1625 2117 1773 2177 sime,
1813 2116 1880 2166 Ut
1909 2115 2074 2178 Jentes
2117 2133 2240 2180 sero,
2268 2122 2350 2183 dyc.
2422 2119 2690 2184 Scriptum

1624 2191 1819 2256 fuerat,
1879 2192 1947 2243 Ut
1989 2195 2170 2256 juntas.
2239 2195 2387 2247 Hora
2431 2197 2691 2261 jentaculi

1628 2271 1791 2320 tertia
1830 2277 1922 2321 aut
1964 2279 2149 2338 quarta
2189 2281 2338 2322 erat:
2372 2272 2510 2324 unde
2548 2274 2691 2323 Mar·

1626 2347 1766 2396 tialis
1803 2358 1939 2412 eum,
1971 2350 2062 2413 qui
2100 2349 2166 2399 ad
2207 2350 2440 2414 quintam
2475 2358 2693 2401 venerat

1628 2438 1928 2491 pransurus,
1958 2441 2075 2477 sero
2107 2428 2284 2479 venire
2310 2428 2463 2491 dixit,
2486 2437 2549 2480 ut
2576 2429 2692 2495 jen·

1628 2508 1801 2554 taret:
1835 2504 1990 2553 nimis
2029 2506 2270 2571 tempori,
2305 2512 2367 2556 ut
2396 2508 2694 2572 pranderet.

1629 2584 1645 2610 ‘
1669 2580 1930 2632 Gustare'
1953 2583 2110 2633 etiam
2148 2597 2258 2648 pro,
2289 2584 2519 2647 jentare,
2554 2585 2691 2635 dice-

1628 2658 1775 2708 bant.
1831 2661 1847 2687 ‘
1872 2659 2099 2711 Gustum
2116 2659 2135 2684 '
2156 2660 2312 2711 etiam
2347 2668 2405 2711 et
2434 2662 2453 2689 ‘
2473 2664 2692 2726 gustati-

1627 2747 1775 2784 onem
1793 2734 1810 2756 '
1832 2750 1928 2799 pro
1937 2736 2211 2801 jentaculo
2223 2737 2494 2789 dicebant.
2539 2739 2691 2790 Glos-

1628 2811 1820 2861 sarium
1859 2813 2061 2863 Vetus:
2110 2813 2365 2878 ‘Gustus,
2396 2816 2569 2880 γεῦμα,
2607 2833 2694 2879 γα-

1627 2885 1788 2951 pleian.
1822 2889 2065 2949 Gustare,
2087 2891 2366 2947 βουκκίσαι.’
2419 2892 2542 2944 Scio
2579 2910 2694 2957 gus-

1631 2972 1737 3014 tum
1783 2971 1840 3014 et
1876 2969 2224 3029 gustationem
2269 2971 2429 3021 etiam
2473 2972 2694 3035 primam

1628 3048 1829 3106 partem
1849 3059 2012 3094 coeuae
2036 3045 2242 3097 dictam.
2300 3048 2523 3098 Veteres
2543 3048 2697 3099 Glos-

1629 3132 1701 3168 sae
1745 3119 1981 3183 γαρίσμην
2020 3131 2310 3188 exponunt,
2339 3125 2479 3190 quod
2516 3141 2695 3189 garum

1627 3196 1713 3245 vel
1743 3212 2025 3262 oxygarum
2058 3207 2115 3250 et
2148 3201 2250 3250 alia
2289 3203 2605 3253 salsamenta
2642 3205 2696 3253 in

1628 3271 1720 3320 illa
1753 3287 1914 3322 coenae
1951 3273 2248 3326 initiatione
2289 3277 2701 3341 adponerentur.

1631 3349 1893 3400 Martialis
1910 3366 1925 3400 ι
1951 3353 1966 3378 ‘
1983 3349 2240 3402 Adfertur
2262 3355 2499 3417 protinus
2514 3355 2699 3420 ingens

1629 3425 1782 3476 Inter
1822 3428 2052 3478 lactucas
2096 3444 2483 3497 oxygarumque
2518 3431 2698 3483 liber!

1632 3502 1768 3555 Nam
1799 3505 2024 3555 lactucas
2052 3511 2109 3555 et
2139 3520 2422 3572 oxygarum
2453 3508 2506 3557 in
2540 3516 2697 3573 gustu

1630 3581 1937 3644 apponeban
1945 3590 2048 3633 tur.
2060 3583 2365 3635 Gustarium
2375 3585 2534 3636 etiam
2545 3587 2701 3637 hodie

1630 3657 1848 3708 dicimus
1872 3667 1994 3710 ante
2028 3675 2225 3710 coenam
2251 3662 2334 3712 vel
2371 3664 2698 3727 merendam,

1627 3735 1726 3785 hoc
1758 3743 1860 3798 est,
1881 3737 2053 3787 cibum
2092 3738 2239 3787 illum
2261 3753 2416 3803 quem
2451 3741 2697 3791 sumimus

1626 3812 1769 3862 inter
1788 3827 1988 3864 coenam
2011 3821 2067 3865 et
2084 3815 2377 3879 prandium.
2445 3817 2587 3866 Raro
2610 3831 2699 3867 au-

1617 3894 1734 3937 ·tem
1757 3888 2083 3953 prandebant
2099 3891 2345 3952 Veteres,
2366 3898 2424 3942 et
2452 3892 2697 3955 jentacu-

1620 3965 1736 4015 ¹lum
1778 3980 1896 4016 cum
1941 3967 2161 4031 prandio
2215 3968 2368 4018 multi
2413 3967 2698 4019 confunde·

1628 4042 1774 4092 bant.
1840 4042 2120 4092 Sabnasius.

1696 4119 1856 4170 Eme.
1878 4131 2086 4169 nxvm.
2117 4118 2440 4173 Vindemiam
2482 4120 2696 4184 Ruteni,

1636 4271 1797 4325 tificio
1819 4279 2198 4353 conservatam,
2224 4272 2423 4324 laudat.
