2985 4937
603 435 677 482 M.
727 434 898 481 VAL.
947 436 1371 483 MARTmms
1427 436 1671 482 EPIGR.
1719 437 1863 482 LIB.
1915 401 2090 484 2111.

261 580 411 626 tatem
431 575 653 637 decoxit,
670 585 728 626 nt
750 578 1064 641 ipsecousul,
1084 578 1175 641 qui
1198 575 1297 625 dif-

262 650 467 716 fuderat,
484 668 573 704 suo
605 655 876 705 consulatu
900 655 1069 704 vinum
1094 655 1192 705 hoc
1223 654 1296 704 bi-

263 725 409 782 beret.

318 805 467 856 Eme.
488 819 639 857 cxiv.
663 813 694 858 2
729 808 866 858 Inter
886 809 1013 872 vina,
1034 809 1137 872 ξω]
1172 810 1296 874 Sep·

262 881 423 931 timum
441 885 522 946 (ut
540 885 625 935 bic
641 883 871 947 Noster)
893 885 1030 935 inter
1052 886 1168 935 vina
1191 885 1298 934 Ita·

259 956 350 1006 lica
380 959 540 1009 locum
574 959 666 1009 dat
691 959 946 1025 *Trifolino
970 961 1296 1026 (Campaniae

257 1031 359 1090 loco
379 1050 533 1099 prope
560 1036 888 1102 Sinuessam)
906 1038 1135 1090 Galenus
1156 1037 1296 1100 apud

260 1108 430 1163 Athen.
455 1116 539 1167 lib.
567 1121 614 1166 1.
657 1131 774 1180 cap.
797 1120 877 1167 24.
900 1114 1036 1164 Vide
1059 1124 1116 1165 et
1134 1115 1297 1165 Plini·

258 1200 333 1236 um
365 1190 448 1242 lib.
470 1196 549 1242 14.
574 1207 692 1256 cap.
714 1198 765 1243 6.

319 1265 471 1318 Eric.
521 1283 648 1322 σιν.
694 1274 720 1319 1
761 1268 984 1331 Caecuba]
1038 1270 1119 1320 Ex
1163 1269 1298 1331 agris

256 1345 476 1398 Caecubis
496 1348 548 1397 in
570 1348 873 1409 Campania.
906 1346 1050 1396 Plin.
1068 1346 1199 1396 libro
1221 1352 1299 1397 14.

254 1435 359 1485 cap.
393 1426 440 1473 6.
513 1423 759 1474 Fundanis
795 1422 1048 1485 generosa]
1112 1423 1298 1487 Supra,

254 1497 419 1561 Epigr.
451 1504 565 1550 113.
615 1499 914 1564 Apponitur
946 1511 1065 1547 vero
1090 1498 1156 1547 ad
1198 1499 1299 1548 dis-

252 1573 534 1626 tinctionem
557 1576 735 1625 barum
762 1576 1094 1639 Amyclarum
1118 1576 1169 1624 in
1193 1576 1298 1626 Ita·

252 1652 314 1701 lia
344 1654 407 1703 ab
435 1655 611 1705 alteris
650 1655 751 1704 illis
786 1655 839 1703 in
877 1654 1119 1705 Laconia.
1173 1657 1297 1720 Epi·

250 1744 397 1792 gram.
419 1737 528 1783 106.
565 1733 658 1781 lib.
688 1737 738 1782 9.
761 1747 894 1782 vers.
917 1738 967 1782 5.
1021 1734 1299 1796 Coquuntur

248 1809 466 1874 Amyclis]
509 1810 557 1862 A
605 1811 734 1861 sole.
780 1811 1031 1874 Scaliger,
1067 1812 1299 1863 coluntur.

250 1888 399 1952 Male,
421 1898 479 1940 nt
498 1890 735 1940 ostendit
756 1890 1059 1942 Scriverius.

306 1965 454 2016 Eme.
484 1979 639 2017 (τινι.
684 1969 709 2014 1
745 1964 975 2027 Signina]
1023 1967 1068 2014 E
1102 1966 1296 2029 Signia,

248 2042 426 2103 oppido
444 2043 635 2093 ltaliae.
664 2041 913 2091 Mor-antia
928 2042 1162 2105 ventrem]
1194 2042 1298 2091 Sis·

248 2119 401 2169 tentia
417 2122 605 2171 alvum.
638 2121 777 2170 Plin.
797 2120 885 2169 lib.
907 2124 983 2169 14.
1000 2135 1118 2184 cap.
1141 2126 1191 2172 6.

302 2200 332 2246 2
361 2198 437 2248 Ne
456 2200 656 2249 nimium
674 2196 873 2259 sistant]
905 2198 1160 2247 Gruterus
1179 2198 1295 2248 sub·

234 2272 354 2336 jecit
374 2291 402 2325 e
423 2276 727 2342 quibusdam
749 2276 888 2326 suis:
920 2276 999 2326 Ne
1012 2276 1209 2326 nimium
1229 2277 1295 2326 si·

243 2350 362 2401 tim
407 2354 627 2404 Prorsus
646 2352 895 2417 illepide=
929 2368 1029 2417 qua
1063 2352 1148 2401 ille
1172 2359 1297 2403 nota

245 2426 348 2493 figit
368 2431 606 2482 alterum.
674 2430 828 2493 Nam,
854 2429 896 2479 si
929 2428 1026 2480 boc
1050 2428 1295 2494 accipias,

242 2507 544 2570 superfluum
569 2508 670 2560 erit
694 2522 845 2558 omne
866 2507 1004 2573 quod
1039 2508 1292 2572 sequitur.

244 2581 487 2637 Absoluta
509 2587 651 2638 enim
669 2584 806 2636 foret
836 2585 1117 2648 sententia,
1137 2584 1213 2635 ita
1233 2590 1296 2635 ut

241 2651 636 2727 intelligeretur:
676 2677 742 2713 ne
764 2662 967 2711 scilicet
983 2660 1172 2710 duritia
1191 2661 1295 2710 alvi

239 2737 466 2793 laborare
508 2740 746 2805 incipias.
812 2738 965 2793 Quod
1002 2738 1046 2787 si
1079 2738 1298 2788 dixisset

241 2816 443 2887 Signina
464 2822 607 2872 sitim
642 2819 949 2882 accendere,
969 2817 1157 2883 aliquis
1180 2833 1295 2867 sen·

241 2908 319 2943 sus
337 2899 406 2960 τῷ
425 2900 567 2948 sitias
601 2904 777 2961 posset
808 2891 954 2946 dari:
992 2909 1200 2960 nempe,
1230 2909 1298 2945 ne

240 2973 437 3026 nimium
460 2978 626 3038 sitias,
648 2991 806 3041 parce
843 2975 1003 3025 bibas.
1069 2973 1171 3024 Sed
1197 2989 1298 3023 non

237 3048 330 3102 boc
344 3055 649 3107 criminatur
663 3054 714 3105 in
732 3053 831 3103 illis
844 3049 1113 3103 Martialis.
1146 3053 1161 3080 ‘
1181 3051 1299 3101 Mo·

239 3130 335 3178 rari
349 3131 607 3185 ventrem’
631 3147 721 3182 seu
747 3131 917 3180 alvum
934 3131 1117 3180 sistere
1133 3128 1295 3181 dixitz

237 3203 349 3258 huic
371 3208 785 3260 commodissime
818 3207 1179 3271 subjungiturz
1205 3196 1298 3258 'Ne

167 3328 170 3331 ,
238 3283 441 3336 nimium
469 3294 741 3339 morentur
762 3286 847 3334 vel
871 3286 1079 3347 sistant,
1101 3285 1187 3333 siti
1211 3284 1297 3335 fac

237 3364 515 3428 temperes,
537 3371 595 3413 et
617 3377 776 3426 parce
796 3361 956 3411 bibas.
1012 3362 1296 3413 Gronovius.

236 3434 310 3487 Sit
325 3440 417 3489 tibi
435 3456 584 3504 pare«
603 3438 737 3502 sitis]
784 3440 956 3489 Parce
980 3438 1119 3488 bibe.

253 3550 257 3554 -
296 3517 454 3568 Eme.
480 3532 659 3569 cxvn.
678 3517 1074 3581 lNestoreatibi]
1109 3510 1290 3581 Epigr.

235 3596 313 3645 80.
334 3596 437 3647 Le.
462 3612 596 3648 vers.
616 3603 663 3646 1.
696 3596 1014 3660 Mamertina]
1047 3597 1126 3645 Ex
1169 3604 1294 3658 agro

235 3669 545 3723 Mamertino
583 3674 634 3723 in
679 3673 858 3724 Sicilia
891 3673 1048 3736 juxta
1094 3673 1295 3722 Messa-

236 3760 364 3799 nam.

293 3831 326 3877 2
360 3828 577 3885 Quodvis
613 3829 801 3893 nomen]
837 3829 951 3879 -Sen
998 3827 1298 3889 Falernum,

234 3915 320 3951 seu
342 3905 598 3967 Setinum,
620 3913 678 3955 tu
711 3919 780 3954 ne
811 3919 936 3955 cura
970 3904 1036 3954 de
1067 3905 1295 3965 nomine,

234 3980 322 4031 sed
348 3992 475 4045 pota
497 3983 749 4048 largiter3
784 3989 865 4033 est
896 3982 1033 4032 enim
1063 3990 1119 4033 et
1139 3981 1293 4032 dulce

235 4061 288 4104 et
318 4061 606 4124 egregium.
671 4061 743 4111 Et
760 4058 933 4111 Julius
966 4059 1143 4109 Caesar
1173 4070 1294 4108 auc·

237 4135 499 4186 toritatem
539 4138 657 4188 bnic
680 4137 801 4187 vino
832 4136 1150 4187 conciliavit.
1204 4136 1293 4186 Sic

236 4209 298 4262 de
340 4213 690 4276 Nomentano,
732 4213 935 4278 Epigr..
962 4217 1074 4264 106.
1117 4213 1208 4263 lib.
1245 4219 1292 4264 1.

236 4284 370 4337 Vide
394 4297 450 4338 et
473 4292 609 4341 Plin.
627 4291 717 4342 lib.
742 4295 821 4341 14.
845 4306 960 4355 cap.
985 4295 1035 4339 6.

249 4410 254 4415 .
315 4363 476 4415 Eme.
504 4376 709 4421 ουτω.
753 4371 772 4417 l
816 4366 1045 4430 Tarraco]
1095 4366 1293 4417 Civitas

2218 406 2227 411 “
2266 420 2453 498 1437

1372 575 1658 641 Hispaniae,
1697 592 1813 642 quae
1845 584 1903 628 et
1937 577 2217 642 provincias
2250 593 2436 628 nomeu

1371 652 1479 702 dat.
1549 656 1791 717 Campano
1814 653 1938 702 Haec
1955 654 2144 715 genuit,
2163 653 2268 716 ξω]
2323 656 2435 704 Pri·

1371 732 1466 781 mis
1488 731 1655 781 ltalioe
1681 732 1809 781 vinis
1832 733 2211 781 Tarraconense
2234 731 2437 782 confer-

1371 817 1458 861 tur
1475 825 1507 859 a
1526 809 1715 872 Plinio,
1735 810 1772 859 l.
1798 813 1878 860 14.
1901 825 1946 860 c.
1970 814 2015 859 6.

1437 888 1602 937 Eme.
1624 900 1781 938 cxlx.
1809 892 1834 937 1
1873 889 2193 948 Nomentana,
2213 887 2324 951 εμπ]
2355 889 2434 937 Ex

1372 961 1515 1024 villa,
1553 978 1703 1028 quam
1741 963 1907 1014 babeo
1944 962 2219 1027 Nomenti„
2251 964 2315 1013 ad
2354 968 2434 1014 10.

1369 1041 1614 1105 lapidem.

1435 1123 1467 1167 2
1502 1118 1559 1167 Si
1580 1124 1629 1167 te
1663 1118 1897 1175 Quinem
1916 1118 2070 1182 aaut]
2098 1119 2153 1168 si
2189 1117 2283 1168 tibi
2309 1119 2435 1183 quid

1371 1194 1739 1247 familiaritatis
1757 1211 1874 1247 cum
1899 1197 1966 1249 Q.
1992 1195 2203 1257 Ovidio,
2230 1197 2434 1259 praebe-

1371 1272 1450 1323 bit
1489 1273 1580 1321 ille
1620 1273 1715 1323 tibi
1749 1274 1983 1335 meliora,
2006 1273 2094 1337 qui
2134 1271 2436 1335 diligentius

1373 1364 1552 1413 agrum
1590 1350 1734 1412 colit,
1768 1345 1919 1414 quam
1953 1365 2066 1413 ego.
2104 1351 2202 1413 Ep.
2224 1350 2364 1400 921.
2387 1354 2437 1400 7.

1374 1440 1510 1475 vers.
1535 1430 1586 1475 3.

1438 1504 1596 1554 Eme.
1629 1516 1763 1554 cxx.
1791 1507 1815 1552 l
1853 1503 2137 1567 Spoletinis]
2176 1504 2223 1553 E
2251 1504 2436 1567 Spole·

1376 1581 1467 1643 tio,
1511 1580 1638 1630 urbe
1681 1581 1872 1631 Italiae.
1916 1580 2139 1643 cariosa]
2182 1582 2434 1632 Vetustat

1373 1663 1491 1720 ‘quie
1533 1663 1638 1706 tum
1679 1670 1828 1721 aeque
1862 1657 2036 1708 dulcia
2063 1672 2124 1708 ac
2160 1657 2434 1710 Falernum

1374 1747 1573 1783 recens.
1602 1786 1607 1792 ,
2323 1770 2329 1774 .

1437 1812 1604 1879 Eme.
1638 1823 1793 1861 cxx1.
1833 1815 1859 1860 1
1907 1811 2143 1873 Marsica,
2189 1808 2299 1874 ξω]
2354 1811 2435 1860 De

1374 1888 1600 1938 Marsico
1615 1890 1735 1938 vino
1759 1885 2041 1939 Athe‘naens
2062 1905 2076 1938 z
2113 1890 2128 1916 ‘
2150 1889 2434 1938 Marsicum

1372 1966 1525 2016 valde
1565 1973 1826 2015 austerum
1869 1966 1961 2016 sed
2001 1964 2207 2015 confert
2249 1972 2437 2015 stoma-

1372 2043 1505 2094 cho?
1556 2043 1692 2093 Vide
1716 2045 1898 2107 Epigr.
1922 2047 2034 2093 116.
2057 2041 2145 2093 lib.
2172 2046 2250 2092 14.

1436 2123 1603 2172 Ena.
1648 2133 1827 2171 cxxu.
1890 2123 1917 2168 1
1954 2120 2199 2183 Amphora
2238 2118 2440 2180 Niliaci,

1367 2198 1478 2262 ξω]
1519 2199 1604 2248 Ne
1634 2206 1933 2248 contemnas
1969 2206 2174 2246 acetum
2214 2211 2279 2244 ex
2318 2198 2439 2246 vino

1368 2275 1633 2339 AEgyptio.
1703 2274 1942 2325 Nobilius
1966 2275 2105 2324 enim
2129 2281 2210 2324 est
2233 2282 2436 2324 acetum

1369 2366 1523 2415 quam
1554 2350 1656 2400 fuit
1678 2351 1866 2401 vinum.
1921 2348 2114 2400 Athen.
2139 2349 2226 2399 lib.
2249 2354 2299 2399 2.
2314 2365 2436 2414 cap.

1367 2432 1450 2478 26.
1473 2436 1530 2478 et
1550 2427 1792 2480 Juvenal.
1809 2428 1918 2478 Sat.
1942 2431 2023 2477 13.
2043 2441 2178 2476 vers.
2203 2430 2286 2476 85.

1434 2507 1598 2558 Eme.
1621 2518 1823 2557 cxxm.
1891 2508 1918 2553 1
1958 2505 2080 2554 Cum
2102 2509 2186 2552 tua
2206 2508 2441 2566 centenos,

1367 2583 1476 2647 ξω]
1510 2584 1637 2633 Cum
1664 2583 1760 2634 tibi
1785 2583 2019 2646 sportula
2036 2580 2307 2631 devinctos
2329 2583 2437 2633 alas
2496 2646 2507 2651 -

1372 2666 1481 2711 100.
1503 2661 1740 2722 clientes,
1770 2674 1974 2724 appone
1996 2660 2056 2709 iis
2074 2658 2249 2709 vinum
2273 2660 2438 2713 Mass.

1370 2738 1474 2788 Alii
1499 2740 1604 2802 leg.
1625 2732 2049 2801 interrogatorie,
2083 2736 2229 2801 quasi
2259 2736 2403 2792 dicat
2426 2755 2438 2783 ι

1372 2816 1479 2866 Cur
1502 2823 1609 2866 tam
1640 2815 1785 2865 dives
1811 2814 1946 2865 bibis
1963 2814 2084 2879 -ipse
2107 2813 2323 2864 villum?
2352 2820 2438 2865 est

1371 2894 1510 2943 enim
1537 2899 1595 2943 ut
1617 2892 1822 2942 Plinius
1840 2892 1929 2941 lib.
1951 2896 2036 2942 28.
2066 2906 2183 2956 cap.
2209 2895 2257 2942 1.
2292 2889 2437 2940 fumo

1370 2974 1739 3036 inveteratum,
1776 2971 2239 3022 insaluber-timum.
2305 2972 2437 3022 Cum

1371 3064 1495 3116 ergo
1517 3050 1571 3100 in
1593 3050 1842 3115 sportulis
1865 3055 1968 3098 tam
1997 3048 2248 3112 liberalis,
2267 3063 2362 3098 cnr
2383 3048 2438 3097 in

1373 3127 1492 3178 vino
1512 3133 1615 3177 tam
1634 3129 1852 3191 parcus?

1407 3209 1469 3257 ,2
1505 3206 1698 3269 Fumea,
1732 3203 1840 3269 ξω]
1893 3204 2073 3268 Epigr.
2111 3208 2192 3254 36.
2229 3203 2321 3253 lib.
2356 3207 2438 3252 ’10.

1374 3296 1511 3332 vers.
1530 3287 1575 3333 1.
1592 3287 1642 3333 2.

1434 3361 1601 3410 Eme.
1633 3373 1832 3411 cxxiv.
1886 3359 2091 3409 Laudat
2113 3360 2438 3409 Caeretanum

1371 3436 1562 3499 vinnm,
1605 3443 1660 3487 et
1700 3451 1817 3487 cum
1863 3436 2043 3486 Setino
2090 3436 2272 3499 primoe
2297 3443 2436 3485 notae

1370 3514 1674 3565 contendit:
1709 3513 1866 3579 idque
1886 3528 1989 3564 non
2007 3512 2193 3574 turbae,
2215 3520 2275 3562 ut
2299 3513 2440 3561 Mas-

1366 3591 1599 3652 siliense,
1619 3592 1713 3642 sed
1731 3591 1929 3655 paucis,
1963 3593 2030 3642 ob
2067 3589 2441 3654 praestantiam,

1371 3669 1667 3732 ponendum
1717 3669 1891 3719 docet.
1974 3669 2126 3719 Caere
2183 3674 2262 3717 est
2314 3664 2439 3715 urbs

1367 3746 1595 3796 Tusciae.

1437 3827 1464 3872 1
1505 3825 1779 3888 Gar-etam]
1815 3823 1994 3886 Epigr.
2007 3825 2089 3871 64.
2106 3834 2284 3884 supra,
2301 3831 2440 3868 vers.

1369 3906 1420 3952 8.
1485 3901 1650 3963 Nepos
1664 3905 1834 3964 ponat,
1851 3898 1957 3963 qma]
1989 3898 2204 3948 Amicus
2223 3894 2439 3955 Poe‘tae3

1370 3978 1687 4042 Epigramm.
1709 3980 1794 4029 48.
1817 3976 1906 4026 lib.
1936 3980 2012 4026 10.
2035 3987 2172 4024 vers.
2192 3977 2243 4023 7.

1367 4111 1372 4117 ,
1434 4059 1466 4105 2
1505 4058 1628 4105 Cum
1649 4054 1896 4104 trib-uiua
1918 4052 2059 4116 bibit]
2080 4051 2209 4101 Cum
2227 4047 2438 4114 pancis3

1370 4141 1451 4183 est
1470 4132 1608 4182 enim
1626 4131 1797 4181 nobile
1822 4131 2013 4180 vinum.

1435 4211 1596 4259 Erro.
1618 4220 1794 4257 cxxv.
1831 4210 1857 4255 1
1897 4204 2090 4263 Nobilis
2105 4208 2154 4253 et
2169 4203 2308 4266 lanis,
2328 4200 2438 4267 ξι]

1371 4286 1540 4336 Poeta
1559 4286 1695 4335 enim
1718 4282 2061 4334 facetissimus
2084 4279 2235 4330 diviti
2258 4277 2440 4329 et'cni-

1370 4377 1590 4429 cumque
1612 4362 1892 4412 delicatulo
1908 4361 2052 4411 lanas
2067 4358 2182 4418 illas
2201 4356 2439 4411 mollissi-
