2985 4937
696 463 773 509 M.
824 462 991 511 VAL.
1043 452 1463 511 MARTIALIS
1515 464 1758 511 EPIGR.
1812 464 1953 513 [ΑΒ.
2000 466 2081 514 11.

275 609 414 670 agat.
451 604 585 655 Rau.
657 605 903 670 vulgaris
947 607 1206 656 salutandi
1248 605 1351 656 for-

274 687 429 747 mula,
451 692 511 734 et
534 685 705 734 civilis
727 687 872 750 satis,
892 686 1043 737 modo
1066 702 1130 736 ne
1152 686 1244 736 fiat
1261 687 1350 736 im-

272 763 553 826 portunius
577 769 634 812 et
655 765 864 827 saepiuS.

332 841 495 891 Eme.
520 854 727 891 nxvm.
762 840 846 891 Aa
885 841 1050 904 Olum]
1086 841 1204 891 Hoc
1237 841 1349 905 epi-

270 931 502 979 gramma
527 917 764 981 ejusdem
801 919 1091 982 argumenti
1125 925 1206 968 est
1229 932 1347 968 cum

269 1008 351 1057 ep.
376 997 462 1043 53.
486 994 642 1058 hujus
663 995 805 1053 libri,
840 995 978 1060 quod
1012 1002 1166 1045 antea
1186 996 1348 1044 inter-

269 1071 462 1132 pretati
509 1086 710 1121 sumus.
794 1072 984 1136 Tangit
1028 1072 1216 1120 iterum
1261 1070 1348 1120 hic

266 1146 533 1197 Martialis
580 1150 785 1197 miserae
828 1156 883 1198 et
938 1148 1159 1211 abjectae
1209 1148 1349 1196 illius

266 1222 623 1274 ἐθελοδουλείας
654 1224 925 1288 originem,
966 1239 1065 1288 qua
1111 1222 1349 1287 plerique

264 1297 398 1350 faede
444 1310 504 1352 et
559 1316 746 1366 spurce
800 1315 916 1351 sese
973 1301 1311 1350 maculabant
1330 1320 1348 1362 3

264 1391 452 1443 nempe
476 1379 624 1445 quod
645 1386 785 1428 sorte
804 1394 895 1428 sua
912 1385 967 1428 et
985 1378 1348 1429 mediocritate

265 1457 506 1507 contenti
530 1471 648 1506 esse
671 1472 773 1506 non
798 1462 1031 1521 possent,
1052 1456 1146 1505 sed
1169 1469 1349 1519 super-

261 1549 425 1584 vacua
467 1540 786 1599 quaererent.
870 1533 1046 1584 Quare
1080 1532 1351 1596 eleganter

261 1610 566 1674 concludit,
587 1626 724 1673 eum,
747 1611 834 1676 qui
869 1624 1021 1659 servo
1055 1624 1233 1660 carere
1257 1626 1350 1674 pn-

258 1697 383 1752 test‚
406 1697 467 1739 et
492 1703 617 1738 esse
651 1686 991 1749 αὐτοδιάκονος,
1016 1687 1357 1753 quemadmo-

261 1767 379 1816 dum
403 1767 642 1832 antiquis
664 1767 1002 1831 temporibus,
1021 1780 1174 1830 posse
1189 1765 1347 1814 etiam

259 1840 411 1892 facile
447 1857 638 1906 regem
675 1857 779 1891 non
814 1841 1026 1906 habere,
1066 1855 1220 1906 quem
1256 1841 1347 1890 ab·

256 1919 395 1982 jecte
419 1920 590 1970 colat.
634 1920 840 1970 Herald.

326 2002 347 2047 1
371 1996 636 2061 'Nomiud
672 1996 1034 2061 Familiariter,
1049 2003 1105 2046 et
1126 2011 1222 2062 pro
1241 2011 1347 2048 mo·

263 2089 315 2124 re
339 2075 647 2141 aequalium.

321 2157 356 2203 2
389 2151 728 2216 Regem,&c.]
761 2151 899 2202 Vide
918 2152 1087 2216 epigr.
1109 2151 1347 2202 113.1.1.
1398 2145 1401 2148 ⁴

265 2232 316 2276 et
335 2229 505 2293 epigr.
532 2232 614 2277 18.
637 2227 791 2291 hujus
813 2227 908 2276 lib.
931 2241 1068 2276 vers.
1090 2230 1139 2277 8.

323 2308 352 2354 8
391 2304 764 2368 contumacem]
799 2303 1140 2368 Superbum.·

320 2387 353 2433 4
390 2382 541 2433 Totis
557 2383 704 2446 pilea,
745 2382 857 2446 8515]
893 2381 1161 2446 Sportula,
1183 2397 1351 2447 coena,

260 2460 582 2526 caeterisque
622 2458 896 2510 servitutis
933 2458 1164 2524 praemiis
1206 2467 1348 2524 post-

258 2529 455 2588 habitis
475 2545 533 2588 et
564 2537 829 2601 neglectis
853 2551 936 2587 me
976 2537 1176 2587 asserui
1214 2536 1268 2585 in
1290 2536 1349 2585 li·

262 2613 552 2678 bertatem,
576 2631 608 2665 a
630 2630 774 2665 more
796 2629 1061 2665 servorum
1091 2615 1237 2664 Rom.
1261 2615 1350 2678 qui

259 2687 674 2742 manumittendi
697 2691 890 2757 pileum
928 2706 1042 2742 raso
1063 2693 1239 2756 capite
1263 2706 1347 2742 ac·

261 2774 544 2832 ceperunt.
612 2768 777 2820 Quasi
799 2769 1018 2831 diceret,
1039 2783 1217 2817 omnes
1240 2768 1346 2818 for-

263 2851 417 2893 tunas
442 2858 585 2893 meas
624 2845 904 2909 posthabui
936 2844 1206 2905 libertati3
1241 2860 1347 2893 om·

262 2918 347 2969 nia
366 2920 672 2970 vendidint
692 2920 823 2971 liber
841 2936 1027 2986 essem,
1059 2928 1113 2972 et
1134 2930 1346 2987 sumptu

264 3009 374 3046 meo
399 3012 466 3046 ac
492 2998 619 3047 mihi
655 2999 916 3049 viverem:
949 3000 1032 3048 vel
1059 2999 1342 3049 sarcinulas

264 3086 405 3123 meas
425 3072 658 3137 vendidi,
698 3079 758 3122 ut
791 3089 1000 3124 corrasa
1039 3073 1162 3125 inde
1185 3089 1341 3138 pecu·

266 3149 348 3201 nia
386 3166 600 3216 possem
639 3154 886 3217 sportulae
944 3161 1048 3202 tuae
1093 3154 1342 3217 supplere

266 3226 449 3277 vicem.
518 3226 742 3292 Redemi]
773 3228 997 3277 Videtur
1017 3228 1252 3277 allusisse
1274 3228 1342 3277 ad

269 3317 429 3365 genus
447 3304 887 3378 manumissionis,
910 3304 1048 3370 quod
1066 3318 1224 3354 censu
1257 3302 1343 3353 fie-

273 3377 381 3431 bat.

330 3461 360 3504 5
401 3456 586 3520 Reges,
614 3456 721 3520 ξω]
775 3457 879 3509 Qui
913 3472 1017 3507 non
1061 3456 1222 3509 habet
1261 3458 1341 3508 sui

267 3530 565 3597 imperium,
601 3534 689 3597 qui
728 3534 889 3583 animi
921 3535 1002 3584 sui
1025 3535 1340 3599 cupiditates

267 3608 513 3659 coel-cere
533 3621 638 3659 non
662 3618 857 3674 potest,
888 3611 977 3661 ille
1016 3613 1341 3675 potentiores

270 3683 394 3735 colit
441 3691 602 3750 atque
649 3687 715 3735 ab
760 3684 1096 3737 inferioribus
1139 3703 1195 3737 se
1238 3691 1341 3739 coli

268 3761 396 3825 vult,
416 3768 579 3825 atque
601 3760 666 3810 ab
687 3762 787 3812 hoc
809 3763 956 3827 cupit
971 3778 1118 3827 opeS,
1141 3779 1340 3826 servos,

270 3840 362 3889 διο.
429 3841 624 3889 Servus
659 3840 797 3889 enim
832 3841 994 3890 cliens
1024 3850 1081 3892 et
1103 3843 1340 3906 indigens

273 3914 442 3978 alieni,
468 3915 658 3980 quique
681 3916 796 3966 vult
817 3916 928 3979 ipse
960 3915 1072 3966 fieri
1102 3918 1340 3971 dominus

275 3998 328 4041 et
347 4007 463 4053 rex,
483 3992 744 4041 dominum
770 3999 993 4058 quaerat,
1012 3993 1101 4042 ille
1123 3995 1258 4043 enim
1283 4011 1338 4045 se

278 4082 374 4118 non
391 4069 526 4119 habe
535 4078 574 4134 t,
592 4084 698 4119 non
721 4071 854 4119 liber
870 4076 971 4134 est,
990 4084 1092 4119 non
1117 4078 1200 4120 est
1217 4087 1340 4123 con-

280 4153 455 4197 tentus
469 4161 585 4210 suo,
598 4147 688 4213 qui
703 4148 864 4196 servit
883 4146 1017 4211 aliis,
1034 4154 1092 4197 ut
1115 4148 1335 4201 habeat:

279 4237 369 4288 ego
385 4240 466 4274 me
481 4225 667 4288 habeo,
684 4225 757 4273 nil
780 4240 955 4290 quaero
973 4227 1134 4276 aliud.
1155 4229 1335 4279 Rader.

335 4305 365 4350 8
399 4301 616 4365 Servum,
647 4300 752 4365 lm]
785 4302 889 4353 Qui
930 4316 1024 4352 suo
1058 4311 1338 4355 contentus

278 4386 448 4441 potest
487 4381 738 4430 minorum
784 4379 1000 4430 servitio
1043 4393 1245 4441 carere,
1281 4389 1339 4433 et

272 4456 381 4520 ipse
403 4472 503 4508 non
537 4470 750 4507 necesse
781 4455 997 4507 habebit
1035 4459 1340 4523 potentiori·

2328 450 2501 516 1157

1381 631 1397 638 -
1424 600 1520 656 bus
1541 608 1756 658 donninis
1792 610 2011 672 servire,
2046 617 2105 660 ut
2142 611 2209 661 ab
2235 610 2337 661 illis
2367 613 2504 664 acci-

1428 685 1560 747 piat,
1579 686 1716 749 quod
1740 686 1818 735 his
1836 686 2107 750 largiatur.

1488 763 1657 811 Ense.
1679 775 1835 812 nx1x.
1873 768 1900 813 1
1927 764 2274 828 Invitam,&c.]
2310 765 2500 815 Classi-

1424 853 1539 887 cum
1565 840 1875 904 coenipetam
1901 842 2089 904 tangit,
2112 843 2197 907 qui
2221 843 2381 893 verbo
2410 859 2501 894 ne-

1426 917 1603 988 gabat,
1621 932 1677 968 re
1694 919 1917 968 maxime
1938 920 2228 984 expetebat
2246 921 2499 972 convivia.

1487 998 1521 1043 2
1553 994 1862 1060 Dispeream]
1910 996 2153 1044 Formula
2176 997 2421 1046 Romanis
2444 1013 2503 1049 ιι-

1421 1070 1579 1120 sitata
1601 1072 1651 1120 in
1676 1073 2137 1135 exsecrationibus,
2165 1073 2502 1137 adjurationi-

1421 1147 1641 1213 busque.
1686 1149 1773 1198 Sic
1794 1149 2063 1213 Aristoph.
2083 1149 2285 1218 Igdmo‘r'
2302 1150 2496 1201 ἀπολοί-

1422 1243 1534 1290 μην,
1555 1225 1601 1274 εἴ
1615 1243 1664 1274 τι
1680 1223 1862 1275 τούτων
1882 1227 2113 1288 πείθομαι.

1490 1306 1520 1352 3
1556 1304 1667 1366 Ipse
1686 1319 1880 1367 quoque,
1903 1304 2012 1368 ἐγὼ]
2050 1305 2236 1368 Neque
2274 1305 2375 1354 hoc
2406 1305 2498 1355 de·

1423 1377 1677 1444 digneris,
1700 1395 1815 1429 cum
1834 1381 1944 1444 ipse
1963 1381 2255 1430 helluonum
2271 1381 2502 1432 dictator

1425 1455 1660 1519 Apicius,
1684 1457 1829 1506 dives
1854 1458 1981 1506 licet
2017 1456 2180 1507 fuerit
2206 1464 2368 1522 atque
2390 1459 2500 1508 lau-

1426 1534 1676 1596 tissimus,
1713 1533 1841 1583 foris
1865 1550 2069 1584 coenare
2096 1535 2387 1601 jucundum
2408 1536 2498 1585 ha-

1425 1609 1618 1658 buerit.
1688 1608 2068 1674 Argumentum
2094 1626 2123 1660 a
2145 1611 2347 1661 minori.

1488 1692 1522 1736 6
1560 1689 1765 1751 Cogitur
1801 1695 1848 1737 et
1890 1688 2072 1752 Selius]
2129 1690 2200 1737 Et
2237 1689 2499 1753 coenipeta

1420 1763 1510 1814 ille
1526 1765 1695 1815 Selius
1720 1765 1812 1830 (de
1837 1781 1938 1831 quo
1962 1781 2122 1829 supra
2145 1765 2315 1829 epigr.
2339 1770 2420 1816 11.
2442 1773 2499 1814 et

1423 1840 1532 1908 14.)
1555 1841 1699 1893 dicet
1722 1857 1778 1892 se
1804 1843 1941 1907 cogi,
1974 1858 2065 1891 sua
2094 1843 2300 1892 scilicet
2319 1843 2497 1895 volun·

1422 1925 1557 1981 tate,
1581 1927 1640 1970 ut
1664 1920 1746 1969 cui
1782 1921 1910 1969 nihil
1945 1919 2255 1976 domicoenio
2295 1918 2495 1969 tristius

1422 1995 1644 2045 accidat.

1484 2078 1517 2123 7
1553 2075 1737 2136 Rogat,
1758 2072 1867 2138 ὅπη]
1906 2073 1961 2123 Si
1998 2073 2185 2141 aliquis
2218 2072 2495 2122 lautiorum

1423 2155 1479 2198 et
1520 2150 1839 2215 nitidiorum,
1891 2151 2057 2215 qualis
2109 2148 2209 2200 fuit
2263 2149 2497 2200 Attidius

1424 2228 1638 2292 Melior,
1661 2237 1714 2278 te
1736 2229 1944 2278 invitat:

1442 2320 1447 2325 ⁷
1487 2310 1520 2355 8
1557 2306 1795 2367 Grandia,
1814 2305 1917 2370 &cd
1949 2306 2022 2354 Te
2045 2302 2251 2357 scilicet
2274 2303 2494 2354 invitum

1423 2396 1629 2431 coenare
1651 2381 1799 2432 foris.
1865 2381 1925 2431 Si
1939 2381 2015 2431 vir
2036 2381 2110 2445 es]
2144 2382 2197 2430 Si
2220 2387 2370 2444 potes
2386 2382 2495 2430 lau-

1424 2456 1586 2509 tiores
1612 2458 1795 2523 epulas
1830 2465 1887 2509 et
1925 2459 2015 2509 has
2060 2458 2320 2509 libertatis
2345 2475 2492 2509 escas

1424 2542 1780 2585 contemnere.

1489 2611 1656 2660 Eme.
1694 2624 1833 2661 Lxx.
1878 2614 1909 2660 3
1941 2610 2095 2659 Undis
2129 2626 2220 2673 me,
2259 2610 2363 2675 ξω]
2408 2611 2493 2662 Ne

1422 2688 1611 2737 laveris
1648 2703 1803 2755 aqua,
1839 2703 1943 2755 qua
1982 2687 2071 2738 alii
2091 2689 2354 2739 abluerint
2374 2704 2491 2739 suas

1420 2765 1671 2814 maculas.

1486 2848 1516 2891 5
1556 2842 1730 2907 Caput,
1746 2840 1952 2905 lavetur]
1975 2842 2091 2892 Hoc
2108 2841 2242 2891 enim
2265 2841 2357 2892 illa
2372 2856 2494 2892 con·

1423 2920 1740 2983 taminatius,
1762 2920 1885 2969 vide
1909 2920 2073 2984 epigr.
2095 2923 2178 2969 95.
2203 2919 2239 2968 1.
2266 2924 2345 2970 11.

1485 2997 1648 3047 Eme.
1684 3010 1841 3047 Lxxr.
1892 2998 1975 3047 Ad
2016 2995 2347 3060 C'aecilianum]
2381 2996 2493 3047 Cae-

1419 3073 1665 3123 cilianum
1701 3080 2058 3124 veteratorem
2098 3074 2341 3123 callidum
2377 3089 2489 3124 car-

1418 3153 1503 3217 pit
1547 3152 1891 3213 facetissime,
1935 3152 2021 3217 qui
2076 3152 2278 3216 quoties
2321 3152 2493 3216 aliqua

1419 3232 1649 3282 carmina
1690 3231 1953 3281 Martialis
1996 3230 2315 3293 legerentur,
2369 3245 2493 3279 con-

1417 3310 1568 3359 tinuo
1615 3324 1678 3359 ea
1723 3324 1840 3358 cum
1888 3307 2139 3358 similibus
2187 3309 2351 3358 Marsi
2408 3310 2492 3357 vel

1417 3386 1613 3436 Catulli
1659 3386 1893 3435 versibus
1950 3383 2314 3448 comparabat,
2372 3390 2487 3434 tan·

1418 3478 1574 3528 quam
1605 3463 1648 3512 si
1685 3462 1947 3512 Martialis
1970 3463 2206 3511 carmina
2228 3462 2328 3510 illis
2354 3476 2490 3525 prae·

1412 3538 1593 3589 ferret.
1648 3539 1817 3601 Dicit,
1834 3539 1990 3587 malle
2008 3554 2084 3601 se,
2107 3547 2165 3589 ut
2180 3538 2491 3589 Caecilianus

1415 3617 1608 3667 recitet
1651 3631 1765 3679 sus,
1806 3630 1956 3681 quam
2008 3616 2216 3664 illorum
2255 3623 2491 3665 veterum

1416 3692 1712 3757 poetarum.
1778 3693 1973 3742 Totum
2017 3700 2193 3741 autem
2234 3693 2489 3757 epigram.

1414 3784 1512 3834 per
1540 3770 1759 3819 ironiam
1785 3776 2087 3819 contextum
2112 3776 2212 3818 est.
2248 3770 2488 3818 Ramires.

1480 3854 1509 3898 1
1549 3847 1833 3911 Candidius]
1866 3847 2087 3896 Ironice.
2122 3846 2343 3910 alii‘leg.
2381 3847 2493 3895 Cal·

1414 3924 1576 3973 lidius.
1609 3938 1715 3972 non
1741 3923 1935 3987 placet.
1972 3923 2217 3971 Candidus
2236 3923 2375 3970 enim
2398 3923 2489 3972 ille

1412 4000 1627 4063 dicitur,
1643 4001 1731 4065 qui
1746 4001 1969 4063 ingenue
1992 4005 2047 4049 et
2068 4001 2262 4065 absque
2294 4001 2493 4052 invidia

1405 4076 1635 4140 judicat.

1479 4156 1513 4200 2
1545 4150 1778 4200 Disticha
1824 4164 1976 4212 pauca
2023 4151 2170 4215 legis]
2239 4151 2488 4204 Arondel.

1411 4230 1532 4291 lego.
1599 4227 1671 4276 Et
1711 4232 1839 4289 puto
1877 4226 2108 4276 rectius:
2146 4230 2349 4293 quoties
2389 4244 2489 4294 ego

1412 4306 1511 4355 tibi
1536 4303 1602 4353 de
1625 4303 1756 4352 meis
1790 4303 2107 4352 carminibus
2149 4318 2319 4368 pauca
2342 4305 2490 4355 disti·

1412 4383 1512 4433 cha
1533 4380 1717 4431 recito.
1802 4379 2040 4428 Deinde:
2081 4382 2189 4430 Hoc
2225 4383 2345 4431 mihi
2382 4384 2489 4444 das,

1411 4466 1641 4526 tauquam
1661 4445 1898 4507 deteriora
1920 4457 2066 4519 legas,
2097 4458 2161 4507 Et
2193 4460 2363 4509 collata
2391 4474 2488 4509 ma-
