<?xml version="1.0" encoding="UTF-8"?>
<!DOCTYPE html PUBLIC "-//W3C//DTD XHTML 1.0 Transitional//EN"
    "http://www.w3.org/TR/xhtml1/DTD/xhtml1-transitional.dtd">
<html xmlns="http://www.w3.org/1999/xhtml" xml:lang="en" lang="en">
 <head>
  <title>
</title>
<meta http-equiv="Content-Type" content="text/html;charset=utf-8" />
  <meta name='ocr-system' content='tesseract 3.04.00' />
  <meta name='ocr-capabilities' content='ocr_page ocr_carea ocr_par ocr_line ocrx_word'/>
</head>
<body>
  <div class='ocr_page' id='page_1' title='image "./marcivaleriimar09martgoog_0295.png"; bbox 0 0 2985 4937; ppageno 0'>
   <div class='ocr_carea' id='block_1_1' title="bbox 659 401 2035 473">
    <p class='ocr_par' dir='ltr' id='par_1_1' title="bbox 659 401 2035 473">
     <span class='ocr_line' id='line_1_1' title="bbox 659 401 2035 473; baseline 0.006 -24"><span class='ocrx_word' id='word_1_1' title='bbox 659 402 738 450; x_wconf 78' lang='lat' dir='ltr'>M.</span> <span class='ocrx_word' id='word_1_2' title='bbox 770 402 943 473; x_wconf 63' lang='lat' dir='ltr'>VAL·</span> <span class='ocrx_word' id='word_1_3' title='bbox 993 401 1415 450; x_wconf 77' lang='lat' dir='ltr'>MAR&#39;rlALlS</span> <span class='ocrx_word' id='word_1_4' title='bbox 1464 403 1714 454; x_wconf 69' lang='lat' dir='ltr'>EPIGR.</span> <span class='ocrx_word' id='word_1_5' title='bbox 1762 404 1910 457; x_wconf 74' lang='lat' dir='ltr'>mn.</span> <span class='ocrx_word' id='word_1_6' title='bbox 1958 407 2035 457; x_wconf 81' lang='lat' dir='ltr'>X.</span> 
     </span>
    </p>
   </div>
   <div class='ocr_carea' id='block_1_2' title="bbox 181 537 1332 4295">
    <p class='ocr_par' dir='ltr' id='par_1_2' title="bbox 276 537 1317 764">
     <span class='ocr_line' id='line_1_2' title="bbox 333 537 1317 610; baseline 0.001 -17"><span class='ocrx_word' id='word_1_7' title='bbox 333 549 365 594; x_wconf 90' lang='grc'><strong>6</strong></span> <span class='ocrx_word' id='word_1_8' title='bbox 396 537 600 610; x_wconf 59' lang='lat' dir='ltr'>Orphea,</span> <span class='ocrx_word' id='word_1_9' title='bbox 633 545 742 610; x_wconf 60' lang='lat' dir='ltr'>qu]</span> <span class='ocrx_word' id='word_1_10' title='bbox 806 546 871 597; x_wconf 86' lang='lat' dir='ltr'>In</span> <span class='ocrx_word' id='word_1_11' title='bbox 924 546 1107 596; x_wconf 86' lang='lat' dir='ltr'>domus</span> <span class='ocrx_word' id='word_1_12' title='bbox 1160 543 1317 596; x_wconf 85' lang='lat' dir='ltr'>Plinii</span> 
     </span>
     <span class='ocr_line' id='line_1_3' title="bbox 276 621 1314 687; baseline 0.001 -15"><span class='ocrx_word' id='word_1_13' title='bbox 276 621 466 687; x_wconf 70' lang='lat' dir='ltr'>fastigio</span> <span class='ocrx_word' id='word_1_14' title='bbox 503 622 746 675; x_wconf 82' lang='lat' dir='ltr'>effictam.</span> <span class='ocrx_word' id='word_1_15' title='bbox 813 624 952 675; x_wconf 88' lang='lat' dir='ltr'>Plin.</span> <span class='ocrx_word' id='word_1_16' title='bbox 992 624 1192 674; x_wconf 83' lang='lat' dir='ltr'>Hister.</span> <span class='ocrx_word' id='word_1_17' title='bbox 1221 623 1314 673; x_wconf 87' lang='lat' dir='ltr'>lib.</span> 
     </span>
     <span class='ocr_line' id='line_1_4' title="bbox 279 703 554 764; baseline 0.015 -16"><span class='ocrx_word' id='word_1_18' title='bbox 279 703 350 748; x_wconf 73' lang='lat'>³5.</span> <span class='ocrx_word' id='word_1_19' title='bbox 372 716 481 764; x_wconf 85' lang='lat' dir='ltr'>cap.</span> <span class='ocrx_word' id='word_1_20' title='bbox 507 704 554 752; x_wconf 87' lang='lat'>8.</span> 
     </span>
    </p>

    <p class='ocr_par' dir='ltr' id='par_1_3' title="bbox 274 776 1314 917">
     <span class='ocr_line' id='line_1_5' title="bbox 279 776 1314 842; baseline 0 -16"><span class='ocrx_word' id='word_1_21' title='bbox 279 800 284 804; x_wconf 94' lang='lat'>·</span> <span class='ocrx_word' id='word_1_22' title='bbox 333 780 364 826; x_wconf 99' lang='grc'><strong>7</strong></span> <span class='ocrx_word' id='word_1_23' title='bbox 392 777 641 829; x_wconf 69' lang='lat' dir='ltr'>Labi-icum</span> <span class='ocrx_word' id='word_1_24' title='bbox 662 777 863 842; x_wconf 64' lang='lat' dir='ltr'>theatri]</span> <span class='ocrx_word' id='word_1_25' title='bbox 901 776 1201 841; x_wconf 78' lang='lat' dir='ltr'>stillicidio,</span> <span class='ocrx_word' id='word_1_26' title='bbox 1231 777 1314 827; x_wconf 86' lang='lat' dir='ltr'>vel</span> 
     </span>
     <span class='ocr_line' id='line_1_6' title="bbox 274 853 861 917; baseline 0.007 -15"><span class='ocrx_word' id='word_1_27' title='bbox 274 854 635 917; x_wconf 70' lang='lat' dir='ltr'>aspersionibus</span> <span class='ocrx_word' id='word_1_28' title='bbox 656 853 861 907; x_wconf 85' lang='lat' dir='ltr'>theatri.</span> 
     </span>
    </p>

    <p class='ocr_par' dir='ltr' id='par_1_4' title="bbox 270 928 1316 1364">
     <span class='ocr_line' id='line_1_7' title="bbox 332 928 1315 996; baseline 0.002 -17"><span class='ocrx_word' id='word_1_29' title='bbox 332 934 361 979; x_wconf 84' lang='lat'>8</span> <span class='ocrx_word' id='word_1_30' title='bbox 389 929 624 995; x_wconf 63' lang='lat' dir='ltr'>Aoumque</span> <span class='ocrx_word' id='word_1_31' title='bbox 657 929 812 994; x_wconf 74' lang='lat' dir='ltr'>regis]</span> <span class='ocrx_word' id='word_1_32' title='bbox 875 928 1139 996; x_wconf 75' lang='lat' dir='ltr'><strong>Aquilam,</strong></span> <span class='ocrx_word' id='word_1_33' title='bbox 1176 928 1315 981; x_wconf 86' lang='lat' dir='ltr'>illam</span> 
     </span>
     <span class='ocr_line' id='line_1_8' title="bbox 275 1004 1316 1073; baseline 0.001 -19"><span class='ocrx_word' id='word_1_34' title='bbox 275 1004 398 1057; x_wconf 79' lang='lat' dir='ltr'>forte</span> <span class='ocrx_word' id='word_1_35' title='bbox 437 1007 501 1057; x_wconf 88' lang='lat' dir='ltr'>de</span> <span class='ocrx_word' id='word_1_36' title='bbox 534 1023 639 1072; x_wconf 88' lang='lat' dir='ltr'>qna</span> <span class='ocrx_word' id='word_1_37' title='bbox 670 1007 854 1073; x_wconf 83' lang='lat' dir='ltr'>Epigr.</span> <span class='ocrx_word' id='word_1_38' title='bbox 887 1011 971 1057; x_wconf 85' lang='grc'><strong>56.</strong></span> <span class='ocrx_word' id='word_1_39' title='bbox 1002 1007 1096 1058; x_wconf 83' lang='lat' dir='ltr'>lib.</span> <span class='ocrx_word' id='word_1_40' title='bbox 1134 1011 1187 1056; x_wconf 92' lang='grc'><strong>5.</strong></span> <span class='ocrx_word' id='word_1_41' title='bbox 1251 1005 1316 1056; x_wconf 91' lang='lat' dir='ltr'>In</span> 
     </span>
     <span class='ocr_line' id='line_1_9' title="bbox 274 1084 1315 1151; baseline 0.001 -18"><span class='ocrx_word' id='word_1_42' title='bbox 274 1087 569 1149; x_wconf 84' lang='lat' dir='ltr'>templorum</span> <span class='ocrx_word' id='word_1_43' title='bbox 605 1092 767 1151; x_wconf 84' lang='lat' dir='ltr'>atque</span> <span class='ocrx_word' id='word_1_44' title='bbox 800 1084 988 1137; x_wconf 65' lang='lat' dir='ltr'>edium</span> <span class='ocrx_word' id='word_1_45' title='bbox 1007 1084 1315 1136; x_wconf 87' lang='lat' dir='ltr'>nobiliorum</span> 
     </span>
     <span class='ocr_line' id='line_1_10' title="bbox 274 1157 1315 1228; baseline 0.004 -20"><span class='ocrx_word' id='word_1_46' title='bbox 274 1157 474 1226; x_wconf 70' lang='lat' dir='ltr'>fastigiis</span> <span class='ocrx_word' id='word_1_47' title='bbox 518 1163 882 1227; x_wconf 87' lang='lat' dir='ltr'>apponebatur</span> <span class='ocrx_word' id='word_1_48' title='bbox 922 1162 1115 1228; x_wconf 88' lang='lat' dir='ltr'>aquila,</span> <span class='ocrx_word' id='word_1_49' title='bbox 1151 1162 1315 1212; x_wconf 82' lang='lat' dir='ltr'>mino-</span> 
     </span>
     <span class='ocr_line' id='line_1_11' title="bbox 272 1239 1314 1306; baseline 0.004 -20"><span class='ocrx_word' id='word_1_50' title='bbox 272 1250 373 1287; x_wconf 83' lang='lat' dir='ltr'>rum</span> <span class='ocrx_word' id='word_1_51' title='bbox 416 1252 559 1303; x_wconf 82' lang='lat' dir='ltr'>vero,</span> <span class='ocrx_word' id='word_1_52' title='bbox 588 1239 810 1290; x_wconf 87' lang='lat' dir='ltr'>coronis.</span> <span class='ocrx_word' id='word_1_53' title='bbox 863 1239 1049 1306; x_wconf 79' lang='lat' dir='ltr'>Epigr.</span> <span class='ocrx_word' id='word_1_54' title='bbox 1085 1244 1131 1292; x_wconf 92' lang='lat'>1.</span> <span class='ocrx_word' id='word_1_55' title='bbox 1160 1240 1314 1305; x_wconf 83' lang='lat' dir='ltr'>hujus</span> 
     </span>
     <span class='ocr_line' id='line_1_12' title="bbox 270 1313 399 1364; baseline 0.023 -3"><span class='ocrx_word' id='word_1_56' title='bbox 270 1313 399 1364; x_wconf 81' lang='lat' dir='ltr'>libri.</span> 
     </span>
    </p>

    <p class='ocr_par' dir='ltr' id='par_1_5' title="bbox 328 1392 1315 1459">
     <span class='ocr_line' id='line_1_13' title="bbox 328 1392 1315 1459; baseline 0.005 -19"><span class='ocrx_word' id='word_1_57' title='bbox 328 1396 360 1440; x_wconf 76' lang='grc'>9</span> <span class='ocrx_word' id='word_1_58' title='bbox 390 1392 589 1458; x_wconf 70' lang='lat' dir='ltr'>Phryga</span> <span class='ocrx_word' id='word_1_59' title='bbox 614 1392 816 1457; x_wconf 67' lang='lat' dir='ltr'>pertulit</span> <span class='ocrx_word' id='word_1_60' title='bbox 851 1393 1079 1459; x_wconf 72' lang='lat' dir='ltr'>Tonanti]</span> <span class='ocrx_word' id='word_1_61' title='bbox 1137 1394 1315 1459; x_wconf 77' lang='lat' dir='ltr'>Gany·</span> 
     </span>
    </p>

    <p class='ocr_par' dir='ltr' id='par_1_6' title="bbox 258 1468 1318 2061">
     <span class='ocr_line' id='line_1_14' title="bbox 271 1468 1120 1535; baseline 0.005 -18"><span class='ocrx_word' id='word_1_62' title='bbox 271 1468 442 1519; x_wconf 79' lang='lat' dir='ltr'>meden</span> <span class='ocrx_word' id='word_1_63' title='bbox 461 1486 476 1520; x_wconf 77' lang='lat' dir='ltr'><strong><em>z</em></strong></span> <span class='ocrx_word' id='word_1_64' title='bbox 494 1471 637 1520; x_wconf 81' lang='lat' dir='ltr'>dicto</span> <span class='ocrx_word' id='word_1_65' title='bbox 654 1469 838 1535; x_wconf 81' lang='lat' dir='ltr'>Epigr.</span> <span class='ocrx_word' id='word_1_66' title='bbox 858 1475 943 1521; x_wconf 86' lang='grc'><strong>65.</strong></span> <span class='ocrx_word' id='word_1_67' title='bbox 962 1470 1050 1521; x_wconf 87' lang='lat' dir='ltr'>lib.</span> <span class='ocrx_word' id='word_1_68' title='bbox 1071 1477 1120 1521; x_wconf 93' lang='grc'><strong>5.</strong></span> 
     </span>
     <span class='ocr_line' id='line_1_15' title="bbox 275 1547 1314 1612; baseline 0.005 -17"><span class='ocrx_word' id='word_1_69' title='bbox 275 1558 279 1567; x_wconf 76' lang='grc'><em>’</em></span> <span class='ocrx_word' id='word_1_70' title='bbox 328 1551 386 1596; x_wconf 87' lang='lat'>10</span> <span class='ocrx_word' id='word_1_71' title='bbox 419 1547 646 1612; x_wconf 73' lang='lat' dir='ltr'>Pedonis]</span> <span class='ocrx_word' id='word_1_72' title='bbox 678 1547 1314 1612; x_wconf 72' lang='lat' dir='ltr'>Albinovaui,poiitae,cu-</span> 
     </span>
     <span class='ocr_line' id='line_1_16' title="bbox 258 1624 1315 1691; baseline 0.004 -19"><span class='ocrx_word' id='word_1_73' title='bbox 258 1625 338 1687; x_wconf 82' lang='lat' dir='ltr'>jus</span> <span class='ocrx_word' id='word_1_74' title='bbox 359 1625 534 1676; x_wconf 86' lang='lat' dir='ltr'>domus</span> <span class='ocrx_word' id='word_1_75' title='bbox 568 1624 780 1689; x_wconf 77' lang='lat' dir='ltr'>fastigio</span> <span class='ocrx_word' id='word_1_76' title='bbox 811 1626 1006 1677; x_wconf 86' lang='lat' dir='ltr'>insidet</span> <span class='ocrx_word' id='word_1_77' title='bbox 1035 1626 1205 1691; x_wconf 86' lang='lat' dir='ltr'>aquila</span> <span class='ocrx_word' id='word_1_78' title='bbox 1224 1626 1315 1676; x_wconf 87' lang='lat' dir='ltr'>mi·</span> 
     </span>
     <span class='ocr_line' id='line_1_17' title="bbox 267 1703 1315 1769; baseline 0.004 -19"><span class='ocrx_word' id='word_1_79' title='bbox 267 1715 353 1751; x_wconf 87' lang='lat' dir='ltr'>nor</span> <span class='ocrx_word' id='word_1_80' title='bbox 372 1705 542 1767; x_wconf 90' lang='lat' dir='ltr'>priore</span> <span class='ocrx_word' id='word_1_81' title='bbox 561 1704 657 1754; x_wconf 89' lang='lat' dir='ltr'>illa</span> <span class='ocrx_word' id='word_1_82' title='bbox 675 1703 1035 1769; x_wconf 77' lang='lat' dir='ltr'><strong>Ganymedem</strong></span> <span class='ocrx_word' id='word_1_83' title='bbox 1059 1703 1315 1767; x_wconf 87' lang='lat' dir='ltr'>rapiente.</span> 
     </span>
     <span class='ocr_line' id='line_1_18' title="bbox 271 1779 1318 1846; baseline 0.001 -17"><span class='ocrx_word' id='word_1_84' title='bbox 271 1800 274 1805; x_wconf 93' lang='lat'><em>·</em></span> <span class='ocrx_word' id='word_1_85' title='bbox 326 1784 385 1830; x_wconf 70' lang='lat'>12</span> <span class='ocrx_word' id='word_1_86' title='bbox 417 1781 530 1831; x_wconf 72' lang='lat' dir='ltr'>Non</span> <span class='ocrx_word' id='word_1_87' title='bbox 548 1779 659 1843; x_wconf 74' lang='lat' dir='ltr'>tuo]</span> <span class='ocrx_word' id='word_1_88' title='bbox 704 1780 823 1831; x_wconf 77' lang='lat' dir='ltr'>Alio</span> <span class='ocrx_word' id='word_1_89' title='bbox 843 1793 997 1846; x_wconf 82' lang='lat' dir='ltr'>quam</span> <span class='ocrx_word' id='word_1_90' title='bbox 1020 1779 1155 1845; x_wconf 86' lang='lat' dir='ltr'>quod</span> <span class='ocrx_word' id='word_1_91' title='bbox 1171 1781 1318 1844; x_wconf 88' lang='lat' dir='ltr'>joco·</span> 
     </span>
     <span class='ocr_line' id='line_1_19' title="bbox 263 1854 1316 1921; baseline 0.004 -19"><span class='ocrx_word' id='word_1_92' title='bbox 263 1854 326 1905; x_wconf 90' lang='lat' dir='ltr'>sis</span> <span class='ocrx_word' id='word_1_93' title='bbox 359 1856 690 1907; x_wconf 72' lang='lat' dir='ltr'>Carminibus</span> <span class='ocrx_word' id='word_1_94' title='bbox 721 1855 1007 1908; x_wconf 80' lang='lat' dir='ltr'>convenit.·</span> <span class='ocrx_word' id='word_1_95' title='bbox 1047 1856 1186 1907; x_wconf 87' lang='lat' dir='ltr'>Vide</span> <span class='ocrx_word' id='word_1_96' title='bbox 1216 1857 1316 1921; x_wconf 81' lang='lat' dir='ltr'>Ep.</span> 
     </span>
     <span class='ocr_line' id='line_1_20' title="bbox 263 1932 1318 1998; baseline 0.004 -19"><span class='ocrx_word' id='word_1_97' title='bbox 263 1934 308 1985; x_wconf 84' lang='lat'>8.</span> <span class='ocrx_word' id='word_1_98' title='bbox 340 1932 427 1981; x_wconf 90' lang='lat' dir='ltr'>lib.</span> <span class='ocrx_word' id='word_1_99' title='bbox 451 1937 502 1984; x_wconf 78' lang='lat'>4.</span> <span class='ocrx_word' id='word_1_100' title='bbox 541 1947 683 1984; x_wconf 82' lang='lat' dir='ltr'>vers.</span> <span class='ocrx_word' id='word_1_101' title='bbox 707 1936 789 1983; x_wconf 89' lang='grc'><strong>11.</strong></span> <span class='ocrx_word' id='word_1_102' title='bbox 854 1932 1126 1998; x_wconf 65' lang='lat' dir='ltr'>Dicerem]</span> <span class='ocrx_word' id='word_1_103' title='bbox 1160 1932 1318 1985; x_wconf 85' lang='lat' dir='ltr'>Plinii</span> 
     </span>
     <span class='ocr_line' id='line_1_21' title="bbox 261 2005 844 2061; baseline 0.007 -5"><span class='ocrx_word' id='word_1_104' title='bbox 261 2005 367 2058; x_wconf 80' lang='lat' dir='ltr'>Sec.</span> <span class='ocrx_word' id='word_1_105' title='bbox 391 2009 617 2060; x_wconf 86' lang='lat' dir='ltr'>oratoris</span> <span class='ocrx_word' id='word_1_106' title='bbox 640 2008 844 2061; x_wconf 75' lang='lat' dir='ltr'>diserti.</span> 
     </span>
    </p>

    <p class='ocr_par' dir='ltr' id='par_1_7' title="bbox 265 2084 1317 2225">
     <span class='ocr_line' id='line_1_22' title="bbox 323 2084 1317 2152; baseline 0.004 -19"><span class='ocrx_word' id='word_1_107' title='bbox 323 2087 381 2132; x_wconf 77' lang='lat'>18</span> <span class='ocrx_word' id='word_1_108' title='bbox 418 2085 572 2135; x_wconf 78' lang='lat' dir='ltr'>Ebria</span> <span class='ocrx_word' id='word_1_109' title='bbox 584 2084 803 2148; x_wconf 66' lang='lat' dir='ltr'>januam,</span> <span class='ocrx_word' id='word_1_110' title='bbox 821 2085 932 2149; x_wconf 58' lang='grc' dir='ltr'>ξω]</span> <span class='ocrx_word' id='word_1_111' title='bbox 966 2086 1205 2151; x_wconf 79' lang='lat' dir='ltr'>Lasciva,</span> <span class='ocrx_word' id='word_1_112' title='bbox 1227 2100 1317 2152; x_wconf 90' lang='lat' dir='ltr'>pe-</span> 
     </span>
     <span class='ocr_line' id='line_1_23' title="bbox 265 2160 950 2225; baseline 0.007 -17"><span class='ocrx_word' id='word_1_113' title='bbox 265 2160 441 2222; x_wconf 73' lang='lat' dir='ltr'>tulans,</span> <span class='ocrx_word' id='word_1_114' title='bbox 464 2161 856 2225; x_wconf 82' lang='lat' dir='ltr'>intempestiva.</span> <span class='ocrx_word' id='word_1_115' title='bbox 943 2204 950 2207; x_wconf 95' lang='lat'>.</span> 
     </span>
    </p>

    <p class='ocr_par' dir='ltr' id='par_1_8' title="bbox 263 2238 1320 2381">
     <span class='ocr_line' id='line_1_24' title="bbox 268 2238 1320 2302; baseline 0.005 -16"><span class='ocrx_word' id='word_1_116' title='bbox 268 2250 278 2264; x_wconf 76' lang='grc'>·’</span> <span class='ocrx_word' id='word_1_117' title='bbox 322 2240 383 2287; x_wconf 85' lang='grc'>14</span> <span class='ocrx_word' id='word_1_118' title='bbox 417 2239 623 2289; x_wconf 70' lang='lat' dir='ltr'>Tetrica</span> <span class='ocrx_word' id='word_1_119' title='bbox 656 2238 914 2302; x_wconf 64' lang='lat' dir='ltr'>Minerva]</span> <span class='ocrx_word' id='word_1_120' title='bbox 958 2238 1154 2290; x_wconf 82' lang='lat' dir='ltr'>Studiis</span> <span class='ocrx_word' id='word_1_121' title='bbox 1176 2254 1320 2291; x_wconf 78' lang='lat' dir='ltr'>seve·</span> 
     </span>
     <span class='ocr_line' id='line_1_25' title="bbox 263 2313 772 2381; baseline 0.012 -19"><span class='ocrx_word' id='word_1_122' title='bbox 263 2313 327 2363; x_wconf 89' lang='lat' dir='ltr'>ris</span> <span class='ocrx_word' id='word_1_123' title='bbox 347 2320 403 2366; x_wconf 85' lang='lat' dir='ltr'>et</span> <span class='ocrx_word' id='word_1_124' title='bbox 427 2315 772 2381; x_wconf 83' lang='lat' dir='ltr'>gravioribus.</span> 
     </span>
    </p>

    <p class='ocr_par' dir='ltr' id='par_1_9' title="bbox 266 2394 1323 2615">
     <span class='ocr_line' id='line_1_26' title="bbox 320 2394 1322 2459; baseline 0.005 -19"><span class='ocrx_word' id='word_1_125' title='bbox 320 2395 379 2441; x_wconf 86' lang='grc'>15</span> <span class='ocrx_word' id='word_1_126' title='bbox 417 2394 621 2442; x_wconf 67' lang='lat' dir='ltr'>Centum</span> <span class='ocrx_word' id='word_1_127' title='bbox 641 2395 817 2457; x_wconf 60' lang='lat' dir='ltr'>madet,</span> <span class='ocrx_word' id='word_1_128' title='bbox 829 2395 935 2459; x_wconf 58' lang='grc' dir='ltr'>ξω]</span> <span class='ocrx_word' id='word_1_129' title='bbox 969 2395 1104 2445; x_wconf 80' lang='lat' dir='ltr'>Foro</span> <span class='ocrx_word' id='word_1_130' title='bbox 1124 2401 1182 2445; x_wconf 88' lang='lat' dir='ltr'>et</span> <span class='ocrx_word' id='word_1_131' title='bbox 1201 2408 1322 2446; x_wconf 83' lang='lat' dir='ltr'>cau·</span> 
     </span>
     <span class='ocr_line' id='line_1_27' title="bbox 268 2467 1320 2539; baseline 0.006 -19"><span class='ocrx_word' id='word_1_132' title='bbox 268 2467 334 2519; x_wconf 82' lang='lat' dir='ltr'>sis</span> <span class='ocrx_word' id='word_1_133' title='bbox 371 2484 421 2522; x_wconf 88' lang='lat' dir='ltr'>c.</span> <span class='ocrx_word' id='word_1_134' title='bbox 458 2471 726 2523; x_wconf 78' lang='lat' dir='ltr'>vitalibus.</span> <span class='ocrx_word' id='word_1_135' title='bbox 792 2474 975 2539; x_wconf 82' lang='lat' dir='ltr'>Epigr.</span> <span class='ocrx_word' id='word_1_136' title='bbox 1018 2478 1099 2525; x_wconf 73' lang='lat'>88.</span> <span class='ocrx_word' id='word_1_137' title='bbox 1136 2473 1231 2524; x_wconf 90' lang='lat' dir='ltr'>lib.</span> <span class='ocrx_word' id='word_1_138' title='bbox 1269 2477 1320 2526; x_wconf 83' lang='lat'>6.</span> 
     </span>
     <span class='ocr_line' id='line_1_28' title="bbox 266 2549 1323 2615; baseline 0.006 -22"><span class='ocrx_word' id='word_1_139' title='bbox 266 2559 390 2597; x_wconf 80' lang='lat' dir='ltr'>vers.</span> <span class='ocrx_word' id='word_1_140' title='bbox 412 2554 464 2599; x_wconf 88' lang='grc'><strong>5.</strong></span> <span class='ocrx_word' id='word_1_141' title='bbox 498 2555 556 2600; x_wconf 87' lang='lat' dir='ltr'>et</span> <span class='ocrx_word' id='word_1_142' title='bbox 581 2549 768 2615; x_wconf 83' lang='lat' dir='ltr'>Epigr.</span> <span class='ocrx_word' id='word_1_143' title='bbox 806 2554 888 2602; x_wconf 77' lang='grc'><strong>62.</strong></span> <span class='ocrx_word' id='word_1_144' title='bbox 916 2550 1008 2604; x_wconf 89' lang='lat' dir='ltr'>lib.</span> <span class='ocrx_word' id='word_1_145' title='bbox 1030 2555 1080 2601; x_wconf 87' lang='grc'>7.</span> <span class='ocrx_word' id='word_1_146' title='bbox 1119 2563 1252 2600; x_wconf 83' lang='lat' dir='ltr'>vers.</span> <span class='ocrx_word' id='word_1_147' title='bbox 1271 2554 1323 2600; x_wconf 82' lang='grc'>7.</span> 
     </span>
    </p>

    <p class='ocr_par' dir='ltr' id='par_1_10' title="bbox 266 2624 913 2692">
     <span class='ocr_line' id='line_1_29' title="bbox 266 2624 913 2692; baseline 0.008 -18"><span class='ocrx_word' id='word_1_148' title='bbox 266 2629 319 2674; x_wconf 88' lang='lat' dir='ltr'>et</span> <span class='ocrx_word' id='word_1_149' title='bbox 334 2624 491 2676; x_wconf 88' lang='lat' dir='ltr'>Pliuii</span> <span class='ocrx_word' id='word_1_150' title='bbox 512 2626 685 2691; x_wconf 84' lang='lat' dir='ltr'>Epist.</span> <span class='ocrx_word' id='word_1_151' title='bbox 706 2628 913 2692; x_wconf 88' lang='lat' dir='ltr'>passim.</span> 
     </span>
    </p>

    <p class='ocr_par' dir='ltr' id='par_1_11' title="bbox 181 2703 1323 2987">
     <span class='ocr_line' id='line_1_30' title="bbox 181 2703 1323 2769; baseline 0.003 -18"><span class='ocrx_word' id='word_1_152' title='bbox 181 2713 182 2718; x_wconf 74' lang='grc'>’</span> <span class='ocrx_word' id='word_1_153' title='bbox 325 2706 384 2752; x_wconf 87' lang='grc'>17</span> <span class='ocrx_word' id='word_1_154' title='bbox 413 2703 623 2769; x_wconf 63' lang='lat' dir='ltr'>Arpinis</span> <span class='ocrx_word' id='word_1_155' title='bbox 662 2719 856 2769; x_wconf 70' lang='lat' dir='ltr'>quoque,</span> <span class='ocrx_word' id='word_1_156' title='bbox 893 2704 1002 2769; x_wconf 54' lang='grc' dir='ltr'>ξω]</span> <span class='ocrx_word' id='word_1_157' title='bbox 1055 2704 1133 2768; x_wconf 88' lang='grc' dir='ltr'><strong>Μ.</strong></span> <span class='ocrx_word' id='word_1_158' title='bbox 1166 2703 1323 2754; x_wconf 83' lang='lat' dir='ltr'>Tullii</span> 
     </span>
     <span class='ocr_line' id='line_1_31' title="bbox 264 2776 1322 2847; baseline 0.003 -20"><span class='ocrx_word' id='word_1_159' title='bbox 264 2776 369 2829; x_wconf 79' lang='lat' dir='ltr'>Cic.</span> <span class='ocrx_word' id='word_1_160' title='bbox 412 2779 689 2845; x_wconf 81' lang='lat' dir='ltr'>Arpinatis</span> <span class='ocrx_word' id='word_1_161' title='bbox 709 2797 726 2831; x_wconf 72' lang='grc' dir='ltr'><strong><em>ε</em></strong></span> <span class='ocrx_word' id='word_1_162' title='bbox 780 2795 933 2847; x_wconf 79' lang='lat' dir='ltr'>quem</span> <span class='ocrx_word' id='word_1_163' title='bbox 981 2781 1081 2832; x_wconf 87' lang='lat' dir='ltr'>sibi</span> <span class='ocrx_word' id='word_1_164' title='bbox 1131 2780 1322 2847; x_wconf 89' lang='lat' dir='ltr'>ubique</span> 
     </span>
     <span class='ocr_line' id='line_1_32' title="bbox 265 2853 1323 2924; baseline 0 -16"><span class='ocrx_word' id='word_1_165' title='bbox 265 2853 562 2910; x_wconf 76' lang='lat' dir='ltr'>imitandum</span> <span class='ocrx_word' id='word_1_166' title='bbox 599 2859 931 2924; x_wconf 74' lang='lat' dir='ltr'>proposuisse</span> <span class='ocrx_word' id='word_1_167' title='bbox 963 2857 1167 2909; x_wconf 86' lang='lat' dir='ltr'>Plinius</span> <span class='ocrx_word' id='word_1_168' title='bbox 1201 2873 1323 2909; x_wconf 89' lang='lat' dir='ltr'>con·</span> 
     </span>
     <span class='ocr_line' id='line_1_33' title="bbox 263 2930 456 2987; baseline 0.026 -6"><span class='ocrx_word' id='word_1_169' title='bbox 263 2930 456 2987; x_wconf 81' lang='lat' dir='ltr'>fitetur.</span> 
     </span>
    </p>

    <p class='ocr_par' dir='ltr' id='par_1_12' title="bbox 266 3013 1325 3303">
     <span class='ocr_line' id='line_1_34' title="bbox 276 3013 1323 3080; baseline 0.002 -19"><span class='ocrx_word' id='word_1_170' title='bbox 276 3027 300 3036; x_wconf 69' lang='grc'>·’</span> <span class='ocrx_word' id='word_1_171' title='bbox 324 3014 388 3061; x_wconf 79' lang='grc'>19</span> <span class='ocrx_word' id='word_1_172' title='bbox 420 3013 548 3064; x_wconf 80' lang='lat' dir='ltr'>Haec</span> <span class='ocrx_word' id='word_1_173' title='bbox 569 3013 689 3063; x_wconf 71' lang='lat' dir='ltr'>hora</span> <span class='ocrx_word' id='word_1_174' title='bbox 708 3018 779 3064; x_wconf 78' lang='lat' dir='ltr'>est</span> <span class='ocrx_word' id='word_1_175' title='bbox 798 3018 900 3078; x_wconf 73' lang='lat' dir='ltr'>tna,</span> <span class='ocrx_word' id='word_1_176' title='bbox 918 3015 1022 3080; x_wconf 55' lang='grc' dir='ltr'>ξω]</span> <span class='ocrx_word' id='word_1_177' title='bbox 1059 3013 1214 3064; x_wconf 87' lang='lat' dir='ltr'>Nona</span> <span class='ocrx_word' id='word_1_178' title='bbox 1234 3014 1323 3064; x_wconf 84' lang='lat' dir='ltr'>ho-</span> 
     </span>
     <span class='ocr_line' id='line_1_35' title="bbox 266 3089 1325 3155; baseline 0.004 -17"><span class='ocrx_word' id='word_1_179' title='bbox 266 3101 323 3138; x_wconf 83' lang='lat' dir='ltr'>ra</span> <span class='ocrx_word' id='word_1_180' title='bbox 342 3096 432 3140; x_wconf 84' lang='lat' dir='ltr'>aut</span> <span class='ocrx_word' id='word_1_181' title='bbox 452 3089 681 3148; x_wconf 86' lang='lat' dir='ltr'>decima,</span> <span class='ocrx_word' id='word_1_182' title='bbox 707 3089 888 3155; x_wconf 79' lang='lat' dir='ltr'>Epigr.</span> <span class='ocrx_word' id='word_1_183' title='bbox 912 3094 962 3140; x_wconf 87' lang='grc'><strong>8.</strong></span> <span class='ocrx_word' id='word_1_184' title='bbox 997 3089 1090 3141; x_wconf 89' lang='lat' dir='ltr'>lib.</span> <span class='ocrx_word' id='word_1_185' title='bbox 1115 3094 1165 3139; x_wconf 83' lang='grc'><strong>4.</strong></span> <span class='ocrx_word' id='word_1_186' title='bbox 1187 3104 1325 3142; x_wconf 83' lang='lat' dir='ltr'>vers.</span> 
     </span>
     <span class='ocr_line' id='line_1_36' title="bbox 269 3165 1324 3231; baseline 0.005 -20"><span class='ocrx_word' id='word_1_187' title='bbox 269 3165 344 3214; x_wconf 92' lang='lat'>11.</span> <span class='ocrx_word' id='word_1_188' title='bbox 386 3173 442 3216; x_wconf 89' lang='lat' dir='ltr'>et</span> <span class='ocrx_word' id='word_1_189' title='bbox 478 3169 559 3218; x_wconf 80' lang='lat'>12.</span> <span class='ocrx_word' id='word_1_190' title='bbox 605 3165 746 3217; x_wconf 91' lang='lat' dir='ltr'>inter</span> <span class='ocrx_word' id='word_1_191' title='bbox 782 3167 990 3231; x_wconf 86' lang='lat' dir='ltr'>pocula,</span> <span class='ocrx_word' id='word_1_192' title='bbox 1025 3179 1187 3229; x_wconf 86' lang='lat' dir='ltr'>rosas,</span> <span class='ocrx_word' id='word_1_193' title='bbox 1231 3180 1324 3216; x_wconf 90' lang='lat' dir='ltr'>nn-</span> 
     </span>
     <span class='ocr_line' id='line_1_37' title="bbox 270 3238 872 3303; baseline 0.007 -13"><span class='ocrx_word' id='word_1_194' title='bbox 270 3247 475 3303; x_wconf 80' lang='lat' dir='ltr'>guenta.</span> <span class='ocrx_word' id='word_1_195' title='bbox 865 3238 872 3243; x_wconf 76' lang='grc'><strong><em>’</em></strong></span> 
     </span>
    </p>

    <p class='ocr_par' dir='ltr' id='par_1_13' title="bbox 266 3317 1331 3537">
     <span class='ocr_line' id='line_1_38' title="bbox 323 3317 1331 3382; baseline 0.002 -15"><span class='ocrx_word' id='word_1_196' title='bbox 323 3320 387 3367; x_wconf 75' lang='lat'>2⁰</span> <span class='ocrx_word' id='word_1_197' title='bbox 422 3318 548 3369; x_wconf 74' lang='lat' dir='ltr'>Cum</span> <span class='ocrx_word' id='word_1_198' title='bbox 566 3323 741 3381; x_wconf 70' lang='lat' dir='ltr'>regnat</span> <span class='ocrx_word' id='word_1_199' title='bbox 758 3317 896 3382; x_wconf 78' lang='lat' dir='ltr'>rosa}</span> <span class='ocrx_word' id='word_1_200' title='bbox 924 3317 1171 3369; x_wconf 84' lang='lat' dir='ltr'>Coronati</span> <span class='ocrx_word' id='word_1_201' title='bbox 1185 3317 1331 3369; x_wconf 77' lang='lat' dir='ltr'>enim</span> 
     </span>
     <span class='ocr_line' id='line_1_39' title="bbox 266 3394 1324 3459; baseline 0.001 -13"><span class='ocrx_word' id='word_1_202' title='bbox 266 3394 534 3459; x_wconf 81' lang='lat' dir='ltr'>potabant.</span> <span class='ocrx_word' id='word_1_203' title='bbox 608 3398 730 3447; x_wconf 77' lang='lat' dir='ltr'>Cum</span> <span class='ocrx_word' id='word_1_204' title='bbox 742 3395 956 3459; x_wconf 70' lang='lat' dir='ltr'>madent]</span> <span class='ocrx_word' id='word_1_205' title='bbox 976 3396 1216 3449; x_wconf 82' lang='lat' dir='ltr'>Delibuti</span> <span class='ocrx_word' id='word_1_206' title='bbox 1234 3412 1324 3449; x_wconf 87' lang='lat' dir='ltr'>un·</span> 
     </span>
     <span class='ocr_line' id='line_1_40' title="bbox 266 3475 485 3537; baseline 0.009 -14"><span class='ocrx_word' id='word_1_207' title='bbox 266 3475 485 3537; x_wconf 77' lang='lat' dir='ltr'>guentis.</span> 
     </span>
    </p>

    <p class='ocr_par' dir='ltr' id='par_1_14' title="bbox 265 3550 1328 3756">
     <span class='ocr_line' id='line_1_41' title="bbox 324 3550 1323 3616; baseline 0.002 -16"><span class='ocrx_word' id='word_1_208' title='bbox 324 3554 385 3600; x_wconf 75' lang='lat'>21</span> <span class='ocrx_word' id='word_1_209' title='bbox 418 3552 556 3602; x_wconf 63' lang='lat' dir='ltr'>stne</span> <span class='ocrx_word' id='word_1_210' title='bbox 576 3565 651 3601; x_wconf 77' lang='lat' dir='ltr'>me</span> <span class='ocrx_word' id='word_1_211' title='bbox 668 3552 760 3613; x_wconf 77' lang='lat' dir='ltr'>sel,</span> <span class='ocrx_word' id='word_1_212' title='bbox 788 3551 897 3616; x_wconf 52' lang='lat' dir='ltr'>qm]</span> <span class='ocrx_word' id='word_1_213' title='bbox 964 3550 1206 3616; x_wconf 81' lang='lat' dir='ltr'>Namque</span> <span class='ocrx_word' id='word_1_214' title='bbox 1223 3551 1323 3602; x_wconf 81' lang='lat' dir='ltr'>hac</span> 
     </span>
     <span class='ocr_line' id='line_1_42' title="bbox 265 3623 1328 3693; baseline 0.004 -18"><span class='ocrx_word' id='word_1_215' title='bbox 265 3623 385 3676; x_wconf 80' lang='lat' dir='ltr'>hora</span> <span class='ocrx_word' id='word_1_216' title='bbox 406 3628 491 3677; x_wconf 82' lang='lat' dir='ltr'>vel</span> <span class='ocrx_word' id='word_1_217' title='bbox 515 3626 668 3691; x_wconf 80' lang='lat' dir='ltr'>rigidi</span> <span class='ocrx_word' id='word_1_218' title='bbox 688 3629 916 3679; x_wconf 82' lang='lat' dir='ltr'>Catones</span> <span class='ocrx_word' id='word_1_219' title='bbox 950 3627 1193 3693; x_wconf 81' lang='lat' dir='ltr'>deposita</span> <span class='ocrx_word' id='word_1_220' title='bbox 1212 3643 1328 3693; x_wconf 75' lang='lat' dir='ltr'>gra-</span> 
     </span>
     <span class='ocr_line' id='line_1_43' title="bbox 268 3703 810 3756; baseline 0.011 -6"><span class='ocrx_word' id='word_1_221' title='bbox 268 3703 427 3755; x_wconf 76' lang='lat' dir='ltr'>vitate</span> <span class='ocrx_word' id='word_1_222' title='bbox 448 3707 626 3755; x_wconf 84' lang='lat' dir='ltr'>calent</span> <span class='ocrx_word' id='word_1_223' title='bbox 646 3719 810 3756; x_wconf 88' lang='lat' dir='ltr'>mero.</span> 
     </span>
    </p>

    <p class='ocr_par' dir='ltr' id='par_1_15' title="bbox 268 3778 1332 4295">
     <span class='ocr_line' id='line_1_44' title="bbox 325 3778 1327 3847; baseline 0.002 -18"><span class='ocrx_word' id='word_1_224' title='bbox 325 3778 492 3831; x_wconf 77' lang='lat' dir='ltr'>Eme.</span> <span class='ocrx_word' id='word_1_225' title='bbox 523 3793 626 3831; x_wconf 89' lang='lat' dir='ltr'>xx.</span> <span class='ocrx_word' id='word_1_226' title='bbox 690 3781 956 3832; x_wconf 80' lang='lat' dir='ltr'>Paulatim</span> <span class='ocrx_word' id='word_1_227' title='bbox 976 3780 1041 3831; x_wconf 86' lang='lat' dir='ltr'>de</span> <span class='ocrx_word' id='word_1_228' title='bbox 1058 3781 1231 3847; x_wconf 81' lang='lat' dir='ltr'>patria</span> <span class='ocrx_word' id='word_1_229' title='bbox 1243 3795 1327 3831; x_wconf 88' lang='lat' dir='ltr'>co-</span> 
     </span>
     <span class='ocr_line' id='line_1_45' title="bbox 268 3852 1327 3922; baseline 0.004 -18"><span class='ocrx_word' id='word_1_230' title='bbox 268 3852 395 3915; x_wconf 72' lang='lat' dir='ltr'>gitat</span> <span class='ocrx_word' id='word_1_231' title='bbox 414 3854 595 3919; x_wconf 63' lang='lat' dir='ltr'>poeta,</span> <span class='ocrx_word' id='word_1_232' title='bbox 614 3856 754 3922; x_wconf 82' lang='lat' dir='ltr'>quod</span> <span class='ocrx_word' id='word_1_233' title='bbox 763 3857 985 3921; x_wconf 80' lang='lat' dir='ltr'>Trajano</span> <span class='ocrx_word' id='word_1_234' title='bbox 1007 3872 1186 3921; x_wconf 86' lang='lat' dir='ltr'>pamm</span> <span class='ocrx_word' id='word_1_235' title='bbox 1207 3873 1327 3922; x_wconf 75' lang='lat' dir='ltr'>gra·</span> 
     </span>
     <span class='ocr_line' id='line_1_46' title="bbox 268 3924 1329 4002; baseline 0.006 -23"><span class='ocrx_word' id='word_1_236' title='bbox 268 3934 349 3980; x_wconf 86' lang='lat' dir='ltr'>tus</span> <span class='ocrx_word' id='word_1_237' title='bbox 369 3937 528 3994; x_wconf 86' lang='lat' dir='ltr'>esset,</span> <span class='ocrx_word' id='word_1_238' title='bbox 559 3932 625 3983; x_wconf 92' lang='lat' dir='ltr'>ob</span> <span class='ocrx_word' id='word_1_239' title='bbox 645 3924 986 4002; x_wconf 81' lang='lat' dir='ltr'>adulationes,</span> <span class='ocrx_word' id='word_1_240' title='bbox 1018 3936 1194 3997; x_wconf 83' lang='lat' dir='ltr'>credo,</span> <span class='ocrx_word' id='word_1_241' title='bbox 1216 3937 1329 3985; x_wconf 86' lang='lat' dir='ltr'>Do·</span> 
     </span>
     <span class='ocr_line' id='line_1_47' title="bbox 268 4005 1329 4075; baseline 0.005 -20"><span class='ocrx_word' id='word_1_242' title='bbox 268 4005 509 4061; x_wconf 45' lang='lat' dir='ltr'>mitianiz.</span> <span class='ocrx_word' id='word_1_243' title='bbox 563 4009 646 4059; x_wconf 83' lang='lat' dir='ltr'>vel</span> <span class='ocrx_word' id='word_1_244' title='bbox 694 4009 835 4075; x_wconf 86' lang='lat' dir='ltr'>quia,</span> <span class='ocrx_word' id='word_1_245' title='bbox 883 4018 943 4060; x_wconf 87' lang='lat' dir='ltr'>ut</span> <span class='ocrx_word' id='word_1_246' title='bbox 981 4010 1085 4060; x_wconf 88' lang='lat' dir='ltr'>Dio</span> <span class='ocrx_word' id='word_1_247' title='bbox 1126 4010 1329 4073; x_wconf 82' lang='lat' dir='ltr'>scribit,</span> 
     </span>
     <span class='ocr_line' id='line_1_48' title="bbox 269 4083 1332 4157; baseline 0.005 -22"><span class='ocrx_word' id='word_1_248' title='bbox 269 4083 515 4137; x_wconf 83' lang='lat' dir='ltr'>bonarum</span> <span class='ocrx_word' id='word_1_249' title='bbox 552 4089 739 4139; x_wconf 78' lang='lat' dir='ltr'>artium</span> <span class='ocrx_word' id='word_1_250' title='bbox 770 4096 912 4140; x_wconf 85' lang='lat' dir='ltr'>esset</span> <span class='ocrx_word' id='word_1_251' title='bbox 940 4104 1149 4157; x_wconf 90' lang='lat' dir='ltr'>prorsus</span> <span class='ocrx_word' id='word_1_252' title='bbox 1186 4090 1332 4155; x_wconf 84' lang='lat' dir='ltr'>igna-</span> 
     </span>
     <span class='ocr_line' id='line_1_49' title="bbox 270 4162 1330 4233; baseline 0.008 -22"><span class='ocrx_word' id='word_1_253' title='bbox 270 4172 370 4212; x_wconf 87' lang='lat' dir='ltr'>rus.</span> <span class='ocrx_word' id='word_1_254' title='bbox 436 4162 548 4214; x_wconf 78' lang='lat' dir='ltr'>Hie</span> <span class='ocrx_word' id='word_1_255' title='bbox 565 4171 739 4215; x_wconf 84' lang='lat' dir='ltr'>tamen</span> <span class='ocrx_word' id='word_1_256' title='bbox 759 4165 929 4217; x_wconf 76' lang='lat' dir='ltr'>Poiita</span> <span class='ocrx_word' id='word_1_257' title='bbox 950 4181 1008 4217; x_wconf 85' lang='lat' dir='ltr'>se</span> <span class='ocrx_word' id='word_1_258' title='bbox 1030 4166 1084 4217; x_wconf 90' lang='lat' dir='ltr'>in</span> <span class='ocrx_word' id='word_1_259' title='bbox 1106 4167 1330 4233; x_wconf 77' lang='lat' dir='ltr'>gratiam</span> 
     </span>
     <span class='ocr_line' id='line_1_50' title="bbox 270 4235 1072 4295; baseline 0.007 -10"><span class='ocrx_word' id='word_1_260' title='bbox 270 4235 438 4295; x_wconf 70' lang='lat' dir='ltr'>stanit</span> <span class='ocrx_word' id='word_1_261' title='bbox 453 4251 790 4294; x_wconf 74' lang='lat' dir='ltr'>reversurum</span> <span class='ocrx_word' id='word_1_262' title='bbox 807 4243 899 4295; x_wconf 79' lang='lat' dir='ltr'>ait.</span> <span class='ocrx_word' id='word_1_263' title='bbox 945 4240 1072 4293; x_wconf 74' lang='lat' dir='ltr'>Rea.</span> 
     </span>
    </p>
   </div>
   <div class='ocr_carea' id='block_1_3' title="bbox 2276 389 2448 457">
    <p class='ocr_par' dir='ltr' id='par_1_16' title="bbox 2276 389 2448 457">
     <span class='ocr_line' id='line_1_51' title="bbox 2276 389 2448 457; baseline 0 0"><span class='ocrx_word' id='word_1_264' title='bbox 2276 389 2448 457; x_wconf 79' lang='lat'>1359</span> 
     </span>
    </p>
   </div>
   <div class='ocr_carea' id='block_1_4' title="bbox 1387 549 2487 4305">
    <p class='ocr_par' dir='ltr' id='par_1_17' title="bbox 1389 549 2452 919">
     <span class='ocr_line' id='line_1_52' title="bbox 1457 549 2449 616; baseline 0.006 -19"><span class='ocrx_word' id='word_1_265' title='bbox 1457 552 1484 597; x_wconf 83' lang='grc'><strong>1</strong></span> <span class='ocrx_word' id='word_1_266' title='bbox 1519 549 1674 599; x_wconf 74' lang='lat' dir='ltr'>Ducit</span> <span class='ocrx_word' id='word_1_267' title='bbox 1704 552 1767 600; x_wconf 78' lang='lat' dir='ltr'>ad</span> <span class='ocrx_word' id='word_1_268' title='bbox 1797 550 2051 615; x_wconf 71' lang='lat' dir='ltr'>aurifer-as,</span> <span class='ocrx_word' id='word_1_269' title='bbox 2086 551 2195 616; x_wconf 53' lang='lat' dir='ltr'>qm]</span> <span class='ocrx_word' id='word_1_270' title='bbox 2236 553 2344 604; x_wconf 84' lang='lat' dir='ltr'>Cur</span> <span class='ocrx_word' id='word_1_271' title='bbox 2368 566 2449 603; x_wconf 71' lang='lat' dir='ltr'>reu</span> 
     </span>
     <span class='ocr_line' id='line_1_53' title="bbox 1391 624 2449 692; baseline 0.007 -18"><span class='ocrx_word' id='word_1_272' title='bbox 1391 624 1505 674; x_wconf 86' lang='lat' dir='ltr'>dire</span> <span class='ocrx_word' id='word_1_273' title='bbox 1526 628 1678 677; x_wconf 81' lang='lat' dir='ltr'>velim</span> <span class='ocrx_word' id='word_1_274' title='bbox 1702 627 1756 677; x_wconf 91' lang='lat' dir='ltr'>in</span> <span class='ocrx_word' id='word_1_275' title='bbox 1784 630 2003 692; x_wconf 88' lang='lat' dir='ltr'>patriam</span> <span class='ocrx_word' id='word_1_276' title='bbox 2038 644 2226 692; x_wconf 89' lang='lat' dir='ltr'>meam,</span> <span class='ocrx_word' id='word_1_277' title='bbox 2246 630 2449 681; x_wconf 82' lang='lat' dir='ltr'>visurus</span> 
     </span>
     <span class='ocr_line' id='line_1_54' title="bbox 1393 702 2452 768; baseline 0.006 -17"><span class='ocrx_word' id='word_1_278' title='bbox 1393 702 1701 766; x_wconf 79' lang='lat' dir='ltr'>Hispaniam</span> <span class='ocrx_word' id='word_1_279' title='bbox 1745 702 2046 754; x_wconf 83' lang='lat' dir='ltr'>aurifodinis</span> <span class='ocrx_word' id='word_1_280' title='bbox 2078 705 2354 768; x_wconf 78' lang='lat' dir='ltr'><strong>celebrem,</strong></span> <span class='ocrx_word' id='word_1_281' title='bbox 2392 714 2452 757; x_wconf 86' lang='lat' dir='ltr'>et</span> 
     </span>
     <span class='ocr_line' id='line_1_55' title="bbox 1389 776 2446 844; baseline 0.006 -18"><span class='ocrx_word' id='word_1_282' title='bbox 1389 776 1647 842; x_wconf 86' lang='lat' dir='ltr'>Salonem,</span> <span class='ocrx_word' id='word_1_283' title='bbox 1682 780 1862 844; x_wconf 83' lang='lat' dir='ltr'>Epigr.</span> <span class='ocrx_word' id='word_1_284' title='bbox 1888 783 1969 831; x_wconf 84' lang='grc'><strong>50.</strong></span> <span class='ocrx_word' id='word_1_285' title='bbox 2008 780 2100 831; x_wconf 91' lang='lat' dir='ltr'>lib.</span> <span class='ocrx_word' id='word_1_286' title='bbox 2126 785 2174 831; x_wconf 91' lang='lat'>1.</span> <span class='ocrx_word' id='word_1_287' title='bbox 2205 793 2343 832; x_wconf 80' lang='lat' dir='ltr'>vers.</span> <span class='ocrx_word' id='word_1_288' title='bbox 2364 786 2446 833; x_wconf 79' lang='lat'>12.</span> 
     </span>
     <span class='ocr_line' id='line_1_56' title="bbox 1391 854 2222 919; baseline 0.006 -16"><span class='ocrx_word' id='word_1_289' title='bbox 1391 860 1450 903; x_wconf 84' lang='lat' dir='ltr'>tu</span> <span class='ocrx_word' id='word_1_290' title='bbox 1470 854 1591 904; x_wconf 85' lang='lat' dir='ltr'>mihi</span> <span class='ocrx_word' id='word_1_291' title='bbox 1612 867 1770 905; x_wconf 84' lang='lat' dir='ltr'>causa</span> <span class='ocrx_word' id='word_1_292' title='bbox 1789 871 1866 918; x_wconf 85' lang='lat' dir='ltr'>es,</span> <span class='ocrx_word' id='word_1_293' title='bbox 1888 872 1919 906; x_wconf 93' lang='lat' dir='ltr'>o</span> <span class='ocrx_word' id='word_1_294' title='bbox 1941 857 2104 919; x_wconf 87' lang='lat' dir='ltr'>Mani,</span> <span class='ocrx_word' id='word_1_295' title='bbox 2119 859 2222 909; x_wconf 70' lang='grc' dir='ltr'><strong>ὅτε.</strong></span> 
     </span>
    </p>

    <p class='ocr_par' dir='ltr' id='par_1_18' title="bbox 1391 932 2448 1058">
     <span class='ocr_line' id='line_1_57' title="bbox 1454 932 2448 996; baseline 0.004 -15"><span class='ocrx_word' id='word_1_296' title='bbox 1454 936 1485 981; x_wconf 78' lang='lat'><em>2</em></span> <span class='ocrx_word' id='word_1_297' title='bbox 1519 932 1754 995; x_wconf 79' lang='lat' dir='ltr'>Pendula,</span> <span class='ocrx_word' id='word_1_298' title='bbox 1788 932 1897 996; x_wconf 58' lang='lat' dir='ltr'>Esou]</span> <span class='ocrx_word' id='word_1_299' title='bbox 1946 933 2181 984; x_wconf 84' lang='lat' dir='ltr'>Bilbilim</span> <span class='ocrx_word' id='word_1_300' title='bbox 2213 932 2268 984; x_wconf 88' lang='lat' dir='ltr'>in</span> <span class='ocrx_word' id='word_1_301' title='bbox 2303 934 2448 985; x_wconf 87' lang='lat' dir='ltr'>edito</span> 
     </span>
     <span class='ocr_line' id='line_1_58' title="bbox 1391 1007 1564 1058; baseline 0.006 -1"><span class='ocrx_word' id='word_1_302' title='bbox 1391 1007 1564 1058; x_wconf 87' lang='lat' dir='ltr'>sitam.</span> 
     </span>
    </p>

    <p class='ocr_par' dir='ltr' id='par_1_19' title="bbox 1390 1084 2449 1225">
     <span class='ocr_line' id='line_1_59' title="bbox 1453 1084 2449 1151; baseline 0.001 -17"><span class='ocrx_word' id='word_1_303' title='bbox 1453 1088 1483 1134; x_wconf 74' lang='lat'><em>8</em></span> <span class='ocrx_word' id='word_1_304' title='bbox 1519 1084 1822 1149; x_wconf 77' lang='lat' dir='ltr'>Simplicibus</span> <span class='ocrx_word' id='word_1_305' title='bbox 1836 1085 1999 1149; x_wconf 70' lang='lat' dir='ltr'>uanis]</span> <span class='ocrx_word' id='word_1_306' title='bbox 2031 1085 2304 1151; x_wconf 83' lang='lat' dir='ltr'>Simplices</span> <span class='ocrx_word' id='word_1_307' title='bbox 2328 1087 2449 1137; x_wconf 82' lang='lat' dir='ltr'>anni</span> 
     </span>
     <span class='ocr_line' id='line_1_60' title="bbox 1390 1161 1789 1225; baseline 0.008 -16"><span class='ocrx_word' id='word_1_308' title='bbox 1390 1161 1573 1225; x_wconf 81' lang='lat' dir='ltr'>primae</span> <span class='ocrx_word' id='word_1_309' title='bbox 1597 1163 1789 1213; x_wconf 80' lang='lat' dir='ltr'>aetatis.</span> 
     </span>
    </p>

    <p class='ocr_par' dir='ltr' id='par_1_20' title="bbox 1390 1243 2453 1447">
     <span class='ocr_line' id='line_1_61' title="bbox 1452 1243 2452 1310; baseline 0.002 -19"><span class='ocrx_word' id='word_1_310' title='bbox 1452 1244 1485 1291; x_wconf 76' lang='lat'><em>4</em></span> <span class='ocrx_word' id='word_1_311' title='bbox 1519 1243 1590 1292; x_wconf 82' lang='lat' dir='ltr'>Et</span> <span class='ocrx_word' id='word_1_312' title='bbox 1605 1247 1910 1308; x_wconf 63' lang='lat' dir='ltr'>praeacuta,</span> <span class='ocrx_word' id='word_1_313' title='bbox 1929 1243 2038 1307; x_wconf 60' lang='lat' dir='ltr'>dm]</span> <span class='ocrx_word' id='word_1_314' title='bbox 2070 1243 2251 1310; x_wconf 88' lang='lat' dir='ltr'><strong>Usque</strong></span> <span class='ocrx_word' id='word_1_315' title='bbox 2272 1258 2305 1292; x_wconf 85' lang='lat' dir='ltr'>a</span> <span class='ocrx_word' id='word_1_316' title='bbox 2324 1257 2452 1308; x_wconf 86' lang='lat' dir='ltr'>pne-</span> 
     </span>
     <span class='ocr_line' id='line_1_62' title="bbox 1390 1316 2453 1391; baseline 0.003 -25"><span class='ocrx_word' id='word_1_317' title='bbox 1390 1316 1479 1381; x_wconf 88' lang='lat' dir='ltr'>ris,</span> <span class='ocrx_word' id='word_1_318' title='bbox 1511 1319 1600 1383; x_wconf 89' lang='lat' dir='ltr'>qni</span> <span class='ocrx_word' id='word_1_319' title='bbox 1635 1326 1945 1384; x_wconf 77' lang='lat' dir='ltr'>praetextam</span> <span class='ocrx_word' id='word_1_320' title='bbox 1983 1325 2192 1384; x_wconf 82' lang='lat' dir='ltr'>gerunt,</span> <span class='ocrx_word' id='word_1_321' title='bbox 2221 1319 2453 1391; x_wconf 70' lang='lat' dir='ltr'>amicitia</span> 
     </span>
     <span class='ocr_line' id='line_1_63' title="bbox 1390 1395 1548 1447; baseline -0.006 0"><span class='ocrx_word' id='word_1_322' title='bbox 1390 1395 1548 1447; x_wconf 81' lang='lat' dir='ltr'>culta.</span> 
     </span>
    </p>

    <p class='ocr_par' dir='ltr' id='par_1_21' title="bbox 1455 1472 2302 1538">
     <span class='ocr_line' id='line_1_64' title="bbox 1455 1472 2302 1538; baseline 0.001 -16"><span class='ocrx_word' id='word_1_323' title='bbox 1455 1478 1486 1522; x_wconf 88' lang='grc'><strong>5</strong></span> <span class='ocrx_word' id='word_1_324' title='bbox 1523 1472 1759 1537; x_wconf 64' lang='lat' dir='ltr'>stsucis]</span> <span class='ocrx_word' id='word_1_325' title='bbox 1791 1476 1868 1524; x_wconf 85' lang='lat' dir='ltr'>Ut</span> <span class='ocrx_word' id='word_1_326' title='bbox 1888 1473 2059 1525; x_wconf 86' lang='lat' dir='ltr'>redire</span> <span class='ocrx_word' id='word_1_327' title='bbox 2078 1473 2302 1538; x_wconf 89' lang='lat' dir='ltr'>cupiam.</span> 
     </span>
    </p>

    <p class='ocr_par' dir='ltr' id='par_1_22' title="bbox 1390 1549 2457 1987">
     <span class='ocr_line' id='line_1_65' title="bbox 1455 1549 2451 1615; baseline -0.002 -14"><span class='ocrx_word' id='word_1_328' title='bbox 1455 1555 1486 1601; x_wconf 87' lang='grc'><strong>7</strong></span> <span class='ocrx_word' id='word_1_329' title='bbox 1522 1551 1693 1601; x_wconf 72' lang='lat' dir='ltr'>Tecum</span> <span class='ocrx_word' id='word_1_330' title='bbox 1712 1566 1799 1614; x_wconf 75' lang='lat' dir='ltr'>ego</span> <span class='ocrx_word' id='word_1_331' title='bbox 1811 1553 1901 1614; x_wconf 80' lang='lat' dir='ltr'>uel,</span> <span class='ocrx_word' id='word_1_332' title='bbox 1921 1549 2029 1615; x_wconf 55' lang='grc' dir='ltr'>ξω]</span> <span class='ocrx_word' id='word_1_333' title='bbox 2074 1551 2266 1600; x_wconf 82' lang='lat' dir='ltr'>Tecum</span> <span class='ocrx_word' id='word_1_334' title='bbox 2292 1549 2376 1609; x_wconf 73' lang='lat' dir='ltr'>vei</span> <span class='ocrx_word' id='word_1_335' title='bbox 2396 1549 2451 1600; x_wconf 87' lang='lat' dir='ltr'>in</span> 
     </span>
     <span class='ocr_line' id='line_1_66' title="bbox 1390 1625 2457 1692; baseline 0 -17"><span class='ocrx_word' id='word_1_336' title='bbox 1390 1628 1619 1676; x_wconf 76' lang='lat' dir='ltr'>arenosis</span> <span class='ocrx_word' id='word_1_337' title='bbox 1640 1625 1837 1678; x_wconf 74' lang='lat' dir='ltr'>Africae</span> <span class='ocrx_word' id='word_1_338' title='bbox 1861 1627 2101 1691; x_wconf 87' lang='lat' dir='ltr'>desertis,</span> <span class='ocrx_word' id='word_1_339' title='bbox 2120 1627 2208 1676; x_wconf 84' lang='lat' dir='ltr'>vel</span> <span class='ocrx_word' id='word_1_340' title='bbox 2227 1627 2457 1692; x_wconf 81' lang='lat' dir='ltr'>inhospi-</span> 
     </span>
     <span class='ocr_line' id='line_1_67' title="bbox 1392 1701 2455 1769; baseline -0.001 -17"><span class='ocrx_word' id='word_1_341' title='bbox 1392 1704 1483 1752; x_wconf 89' lang='lat' dir='ltr'>tali</span> <span class='ocrx_word' id='word_1_342' title='bbox 1521 1704 1739 1769; x_wconf 81' lang='lat' dir='ltr'>Scythia</span> <span class='ocrx_word' id='word_1_343' title='bbox 1773 1704 2033 1769; x_wconf 83' lang='lat' dir='ltr'><strong>degerem.</strong></span> <span class='ocrx_word' id='word_1_344' title='bbox 2107 1702 2349 1767; x_wconf 77' lang='lat' dir='ltr'>Mapulia]</span> <span class='ocrx_word' id='word_1_345' title='bbox 2383 1701 2455 1751; x_wconf 82' lang='lat' dir='ltr'>A·</span> 
     </span>
     <span class='ocr_line' id='line_1_68' title="bbox 1392 1779 2455 1844; baseline -0.003 -13"><span class='ocrx_word' id='word_1_346' title='bbox 1392 1781 1643 1844; x_wconf 77' lang='lat' dir='ltr'>grestium</span> <span class='ocrx_word' id='word_1_347' title='bbox 1675 1796 1808 1832; x_wconf 80' lang='lat' dir='ltr'>casae</span> <span class='ocrx_word' id='word_1_348' title='bbox 1843 1782 2014 1832; x_wconf 87' lang='lat' dir='ltr'>culmo</span> <span class='ocrx_word' id='word_1_349' title='bbox 2045 1786 2223 1830; x_wconf 74' lang='lat' dir='ltr'>tectoe.</span> <span class='ocrx_word' id='word_1_350' title='bbox 2292 1779 2455 1842; x_wconf 79' lang='lat' dir='ltr'>Poem‘]</span> 
     </span>
     <span class='ocr_line' id='line_1_69' title="bbox 1393 1856 2454 1923; baseline -0.001 -17"><span class='ocrx_word' id='word_1_351' title='bbox 1393 1857 1524 1921; x_wconf 80' lang='lat' dir='ltr'>Agri</span> <span class='ocrx_word' id='word_1_352' title='bbox 1557 1858 2010 1923; x_wconf 79' lang='lat' dir='ltr'>carthaginensis.</span> <span class='ocrx_word' id='word_1_353' title='bbox 2064 1856 2148 1907; x_wconf 84' lang='lat' dir='ltr'>hic</span> <span class='ocrx_word' id='word_1_354' title='bbox 2200 1870 2296 1921; x_wconf 84' lang='lat' dir='ltr'>pro</span> <span class='ocrx_word' id='word_1_355' title='bbox 2340 1862 2454 1906; x_wconf 85' lang='lat' dir='ltr'>tota</span> 
     </span>
     <span class='ocr_line' id='line_1_70' title="bbox 1395 1933 1596 1987; baseline -0.005 -2"><span class='ocrx_word' id='word_1_356' title='bbox 1395 1933 1596 1987; x_wconf 84' lang='lat' dir='ltr'>Africa.</span> 
     </span>
    </p>

    <p class='ocr_par' dir='ltr' id='par_1_23' title="bbox 1392 2010 2454 2154">
     <span class='ocr_line' id='line_1_71' title="bbox 1458 2010 2454 2077; baseline 0.001 -17"><span class='ocrx_word' id='word_1_357' title='bbox 1458 2015 1521 2061; x_wconf 85' lang='lat'>10</span> <span class='ocrx_word' id='word_1_358' title='bbox 1567 2012 1630 2061; x_wconf 76' lang='lat' dir='ltr'>In</span> <span class='ocrx_word' id='word_1_359' title='bbox 1669 2027 1935 2077; x_wconf 74' lang='lat' dir='ltr'>quocunque</span> <span class='ocrx_word' id='word_1_360' title='bbox 1980 2015 2096 2077; x_wconf 79' lang='lat' dir='ltr'>loco,</span> <span class='ocrx_word' id='word_1_361' title='bbox 2130 2011 2236 2077; x_wconf 57' lang='grc' dir='ltr'>δια]</span> <span class='ocrx_word' id='word_1_362' title='bbox 2271 2010 2454 2063; x_wconf 85' lang='lat' dir='ltr'>Omnis</span> 
     </span>
     <span class='ocr_line' id='line_1_72' title="bbox 1392 2087 2149 2154; baseline 0.003 -17"><span class='ocrx_word' id='word_1_363' title='bbox 1392 2087 1544 2137; x_wconf 87' lang='lat' dir='ltr'>nobis</span> <span class='ocrx_word' id='word_1_364' title='bbox 1565 2089 1709 2139; x_wconf 88' lang='lat' dir='ltr'>loeus</span> <span class='ocrx_word' id='word_1_365' title='bbox 1727 2103 1822 2154; x_wconf 87' lang='lat' dir='ltr'>pro</span> <span class='ocrx_word' id='word_1_366' title='bbox 1845 2090 2008 2139; x_wconf 80' lang='lat' dir='ltr'>Roma</span> <span class='ocrx_word' id='word_1_367' title='bbox 2029 2089 2149 2139; x_wconf 87' lang='lat' dir='ltr'>erit.</span> 
     </span>
    </p>

    <p class='ocr_par' dir='ltr' id='par_1_24' title="bbox 1392 2162 2487 2540">
     <span class='ocr_line' id='line_1_73' title="bbox 1458 2162 2457 2233; baseline -0.002 -19"><span class='ocrx_word' id='word_1_368' title='bbox 1458 2165 2244 2227; x_wconf 76' lang='lat' dir='ltr'>Eme.xx1.Sextum,aut,</span> <span class='ocrx_word' id='word_1_369' title='bbox 2289 2162 2457 2233; x_wconf 62' lang='lat' dir='ltr'>utalii</span> 
     </span>
     <span class='ocr_line' id='line_1_74' title="bbox 1392 2238 2487 2306; baseline -0.003 -14"><span class='ocrx_word' id='word_1_370' title='bbox 1392 2242 1648 2302; x_wconf 82' lang='lat' dir='ltr'>scribunt,</span> <span class='ocrx_word' id='word_1_371' title='bbox 1688 2242 1951 2306; x_wconf 79' lang='lat' dir='ltr'>Crispum,</span> <span class='ocrx_word' id='word_1_372' title='bbox 1982 2240 2353 2291; x_wconf 81' lang='lat' dir='ltr'>obscuritatem</span> <span class='ocrx_word' id='word_1_373' title='bbox 2382 2238 2458 2290; x_wconf 83' lang='lat' dir='ltr'>af·</span> <span class='ocrx_word' id='word_1_374' title='bbox 2484 2242 2487 2245; x_wconf 75' lang='grc'><em>’</em></span> 
     </span>
     <span class='ocr_line' id='line_1_75' title="bbox 1392 2317 2457 2383; baseline 0.001 -15"><span class='ocrx_word' id='word_1_375' title='bbox 1392 2318 1680 2369; x_wconf 72' lang='lat' dir='ltr'>sectantem</span> <span class='ocrx_word' id='word_1_376' title='bbox 1702 2319 1907 2380; x_wconf 83' lang='lat' dir='ltr'>irridet,</span> <span class='ocrx_word' id='word_1_377' title='bbox 1944 2318 2079 2383; x_wconf 86' lang='lat' dir='ltr'>quod</span> <span class='ocrx_word' id='word_1_378' title='bbox 2120 2332 2246 2367; x_wconf 89' lang='lat' dir='ltr'>sane</span> <span class='ocrx_word' id='word_1_379' title='bbox 2275 2317 2457 2369; x_wconf 82' lang='lat' dir='ltr'>vitium</span> 
     </span>
     <span class='ocr_line' id='line_1_76' title="bbox 1395 2393 2456 2458; baseline -0.002 -14"><span class='ocrx_word' id='word_1_380' title='bbox 1395 2396 1547 2446; x_wconf 88' lang='lat' dir='ltr'>multi</span> <span class='ocrx_word' id='word_1_381' title='bbox 1591 2395 1746 2445; x_wconf 86' lang='lat' dir='ltr'>hodie</span> <span class='ocrx_word' id='word_1_382' title='bbox 1799 2395 1852 2444; x_wconf 87' lang='lat' dir='ltr'>in</span> <span class='ocrx_word' id='word_1_383' title='bbox 1909 2394 2064 2445; x_wconf 86' lang='lat' dir='ltr'>laude</span> <span class='ocrx_word' id='word_1_384' title='bbox 2103 2399 2322 2458; x_wconf 82' lang='lat' dir='ltr'>ponunt,</span> <span class='ocrx_word' id='word_1_385' title='bbox 2366 2393 2456 2458; x_wconf 84' lang='lat' dir='ltr'>qui</span> 
     </span>
     <span class='ocr_line' id='line_1_77' title="bbox 1392 2468 2458 2540; baseline -0.005 -15"><span class='ocrx_word' id='word_1_386' title='bbox 1392 2472 1652 2539; x_wconf 70' lang='grc' dir='ltr'>κακόζηλοι</span> <span class='ocrx_word' id='word_1_387' title='bbox 1682 2480 1738 2525; x_wconf 90' lang='lat' dir='ltr'>et</span> <span class='ocrx_word' id='word_1_388' title='bbox 1772 2468 2051 2540; x_wconf 81' lang='lat' dir='ltr'>antiquarii</span> <span class='ocrx_word' id='word_1_389' title='bbox 2071 2471 2237 2524; x_wconf 83' lang='lat' dir='ltr'>videri</span> <span class='ocrx_word' id='word_1_390' title='bbox 2259 2471 2458 2521; x_wconf 83' lang='lat' dir='ltr'>volunt.</span> 
     </span>
    </p>

    <p class='ocr_par' dir='ltr' id='par_1_25' title="bbox 1394 2624 2459 2832">
     <span class='ocr_line' id='line_1_78' title="bbox 1461 2624 2456 2689; baseline -0.004 -11"><span class='ocrx_word' id='word_1_391' title='bbox 1461 2633 1488 2678; x_wconf 85' lang='lat'>1</span> <span class='ocrx_word' id='word_1_392' title='bbox 1524 2625 1790 2689; x_wconf 73' lang='lat' dir='ltr'>Modestus]</span> <span class='ocrx_word' id='word_1_393' title='bbox 1855 2625 2260 2687; x_wconf 81' lang='lat' dir='ltr'>Grammaticus,</span> <span class='ocrx_word' id='word_1_394' title='bbox 2309 2624 2456 2689; x_wconf 83' lang='lat' dir='ltr'>cujus</span> 
     </span>
     <span class='ocr_line' id='line_1_79' title="bbox 1394 2699 2459 2769; baseline -0.005 -15"><span class='ocrx_word' id='word_1_395' title='bbox 1394 2704 1630 2754; x_wconf 83' lang='lat' dir='ltr'>meminit</span> <span class='ocrx_word' id='word_1_396' title='bbox 1662 2701 1988 2769; x_wconf 79' lang='lat' dir='ltr'>Tranquillus</span> <span class='ocrx_word' id='word_1_397' title='bbox 2021 2708 2078 2753; x_wconf 87' lang='lat' dir='ltr'>et</span> <span class='ocrx_word' id='word_1_398' title='bbox 2121 2701 2187 2752; x_wconf 80' lang='lat' dir='ltr'>A.</span> <span class='ocrx_word' id='word_1_399' title='bbox 2227 2699 2365 2751; x_wconf 83' lang='lat' dir='ltr'>Geli.</span> <span class='ocrx_word' id='word_1_400' title='bbox 2401 2709 2459 2750; x_wconf 92' lang='lat' dir='ltr'>et</span> 
     </span>
     <span class='ocr_line' id='line_1_80' title="bbox 1396 2780 1715 2832; baseline 0 -1"><span class='ocrx_word' id='word_1_401' title='bbox 1396 2780 1715 2832; x_wconf 81' lang='lat' dir='ltr'>Macrobius.</span> 
     </span>
    </p>

    <p class='ocr_par' dir='ltr' id='par_1_26' title="bbox 1387 2853 2460 3076">
     <span class='ocr_line' id='line_1_81' title="bbox 1460 2853 2459 2922; baseline -0.006 -14"><span class='ocrx_word' id='word_1_402' title='bbox 1460 2863 1494 2908; x_wconf 73' lang='lat'><strong>2</strong></span> <span class='ocrx_word' id='word_1_403' title='bbox 1529 2858 1780 2922; x_wconf 69' lang='lat' dir='ltr'>Claranus,</span> <span class='ocrx_word' id='word_1_404' title='bbox 1796 2854 1902 2920; x_wconf 54' lang='grc' dir='ltr'>ξω]</span> <span class='ocrx_word' id='word_1_405' title='bbox 1949 2853 2349 2914; x_wconf 78' lang='lat' dir='ltr'>Grammaticus,</span> <span class='ocrx_word' id='word_1_406' title='bbox 2370 2867 2459 2903; x_wconf 87' lang='lat' dir='ltr'>cu-</span> 
     </span>
     <span class='ocr_line' id='line_1_82' title="bbox 1387 2931 2460 2999; baseline 0 -17"><span class='ocrx_word' id='word_1_407' title='bbox 1387 2935 1479 2999; x_wconf 84' lang='lat' dir='ltr'>jus</span> <span class='ocrx_word' id='word_1_408' title='bbox 1505 2933 1848 2984; x_wconf 84' lang='lat' dir='ltr'>meminerunt</span> <span class='ocrx_word' id='word_1_409' title='bbox 1883 2934 2084 2984; x_wconf 82' lang='lat' dir='ltr'>Seneca</span> <span class='ocrx_word' id='word_1_410' title='bbox 2105 2931 2277 2997; x_wconf 82' lang='lat' dir='ltr'>Epist.</span> <span class='ocrx_word' id='word_1_411' title='bbox 2298 2936 2381 2983; x_wconf 90' lang='grc'><strong>66.</strong></span> <span class='ocrx_word' id='word_1_412' title='bbox 2403 2937 2460 2982; x_wconf 81' lang='lat' dir='ltr'>et</span> 
     </span>
     <span class='ocr_line' id='line_1_83' title="bbox 1396 3009 2136 3076; baseline -0.001 -15"><span class='ocrx_word' id='word_1_413' title='bbox 1396 3010 1656 3061; x_wconf 74' lang='lat' dir='ltr'>Ausonius</span> <span class='ocrx_word' id='word_1_414' title='bbox 1676 3011 1848 3076; x_wconf 84' lang='lat' dir='ltr'>Epist.</span> <span class='ocrx_word' id='word_1_415' title='bbox 1874 3011 1937 3060; x_wconf 83' lang='lat' dir='ltr'>ad</span> <span class='ocrx_word' id='word_1_416' title='bbox 1961 3009 2136 3060; x_wconf 78' lang='lat' dir='ltr'>Ursui.</span> 
     </span>
    </p>

    <p class='ocr_par' dir='ltr' id='par_1_27' title="bbox 1392 3085 2466 3525">
     <span class='ocr_line' id='line_1_84' title="bbox 1392 3085 2461 3153; baseline -0.004 -14"><span class='ocrx_word' id='word_1_417' title='bbox 1392 3113 1395 3117; x_wconf 42' lang='lat'>*</span> <span class='ocrx_word' id='word_1_418' title='bbox 1461 3093 1492 3138; x_wconf 74' lang='lat'><em>8</em></span> <span class='ocrx_word' id='word_1_419' title='bbox 1526 3088 1625 3139; x_wconf 79' lang='lat' dir='ltr'>Sed</span> <span class='ocrx_word' id='word_1_420' title='bbox 1645 3088 1861 3153; x_wconf 69' lang='lat' dir='ltr'>Apolline</span> <span class='ocrx_word' id='word_1_421' title='bbox 1874 3087 2152 3151; x_wconf 51' lang='lat' dir='ltr'>librisJ&#39;Sed</span> <span class='ocrx_word' id='word_1_422' title='bbox 2169 3085 2461 3137; x_wconf 84' lang='lat' dir='ltr'>divinatore</span> 
     </span>
     <span class='ocr_line' id='line_1_85' title="bbox 1397 3161 2463 3231; baseline -0.007 -13"><span class='ocrx_word' id='word_1_423' title='bbox 1397 3165 1591 3230; x_wconf 86' lang='lat' dir='ltr'>OEdipo</span> <span class='ocrx_word' id='word_1_424' title='bbox 1610 3165 1800 3231; x_wconf 86' lang='lat' dir='ltr'>aliquo,</span> <span class='ocrx_word' id='word_1_425' title='bbox 1813 3164 2030 3229; x_wconf 84' lang='lat' dir='ltr'>Sibylla,</span> <span class='ocrx_word' id='word_1_426' title='bbox 2046 3164 2150 3214; x_wconf 83' lang='lat' dir='ltr'>imo</span> <span class='ocrx_word' id='word_1_427' title='bbox 2167 3163 2280 3228; x_wconf 89' lang='lat' dir='ltr'>ipso</span> <span class='ocrx_word' id='word_1_428' title='bbox 2301 3161 2463 3227; x_wconf 89' lang='lat' dir='ltr'>Apol·</span> 
     </span>
     <span class='ocr_line' id='line_1_86' title="bbox 1398 3237 2466 3307; baseline -0.006 -15"><span class='ocrx_word' id='word_1_429' title='bbox 1398 3242 1521 3306; x_wconf 82' lang='lat' dir='ltr'>line,</span> <span class='ocrx_word' id='word_1_430' title='bbox 1542 3242 1652 3307; x_wconf 89' lang='lat' dir='ltr'>qui,</span> <span class='ocrx_word' id='word_1_431' title='bbox 1668 3243 1812 3292; x_wconf 84' lang='lat' dir='ltr'>velut</span> <span class='ocrx_word' id='word_1_432' title='bbox 1834 3242 1998 3306; x_wconf 86' lang='lat' dir='ltr'>Deus,</span> <span class='ocrx_word' id='word_1_433' title='bbox 2019 3239 2183 3304; x_wconf 88' lang='lat' dir='ltr'>possit</span> <span class='ocrx_word' id='word_1_434' title='bbox 2204 3238 2360 3289; x_wconf 88' lang='lat' dir='ltr'>animi</span> <span class='ocrx_word' id='word_1_435' title='bbox 2385 3237 2466 3288; x_wconf 80' lang='lat' dir='ltr'>tui</span> 
     </span>
     <span class='ocr_line' id='line_1_87' title="bbox 1399 3313 2465 3384; baseline -0.007 -14"><span class='ocrx_word' id='word_1_436' title='bbox 1399 3313 1635 3384; x_wconf 84' lang='lat' dir='ltr'>cogitata</span> <span class='ocrx_word' id='word_1_437' title='bbox 1666 3318 1942 3383; x_wconf 83' lang='lat' dir='ltr'>dispicere.</span> <span class='ocrx_word' id='word_1_438' title='bbox 2005 3316 2095 3367; x_wconf 83' lang='lat' dir='ltr'>Sic</span> <span class='ocrx_word' id='word_1_439' title='bbox 2130 3316 2298 3380; x_wconf 81' lang='lat' dir='ltr'>Adag.</span> <span class='ocrx_word' id='word_1_440' title='bbox 2340 3313 2356 3341; x_wconf 88' lang='lat'>‘</span> <span class='ocrx_word' id='word_1_441' title='bbox 2379 3314 2465 3364; x_wconf 90' lang='lat' dir='ltr'>Ne</span> 
     </span>
     <span class='ocr_line' id='line_1_88' title="bbox 1397 3393 2466 3462; baseline -0.005 -15"><span class='ocrx_word' id='word_1_442' title='bbox 1397 3395 1591 3461; x_wconf 86' lang='lat' dir='ltr'>Apollo</span> <span class='ocrx_word' id='word_1_443' title='bbox 1620 3395 1829 3462; x_wconf 86' lang='lat' dir='ltr'>quidem</span> <span class='ocrx_word' id='word_1_444' title='bbox 1865 3394 2160 3460; x_wconf 58' lang='lat' dir='ltr'>intelligit?</span> <span class='ocrx_word' id='word_1_445' title='bbox 2194 3393 2263 3444; x_wconf 88' lang='lat' dir='ltr'>de</span> <span class='ocrx_word' id='word_1_446' title='bbox 2293 3407 2351 3443; x_wconf 91' lang='lat' dir='ltr'>re</span> <span class='ocrx_word' id='word_1_447' title='bbox 2377 3405 2466 3443; x_wconf 80' lang='lat' dir='ltr'>ve·</span> 
     </span>
     <span class='ocr_line' id='line_1_89' title="bbox 1400 3472 1924 3525; baseline -0.002 -1"><span class='ocrx_word' id='word_1_448' title='bbox 1400 3474 1673 3525; x_wconf 79' lang='lat' dir='ltr'>hementer</span> <span class='ocrx_word' id='word_1_449' title='bbox 1684 3472 1924 3523; x_wconf 85' lang='lat' dir='ltr'>obseura.</span> 
     </span>
    </p>

    <p class='ocr_par' dir='ltr' id='par_1_28' title="bbox 1398 3546 2468 3921">
     <span class='ocr_line' id='line_1_90' title="bbox 1411 3546 2467 3614; baseline -0.009 -12"><span class='ocrx_word' id='word_1_450' title='bbox 1411 3583 1418 3591; x_wconf 92' lang='lat'><strong>·</strong></span> <span class='ocrx_word' id='word_1_451' title='bbox 1463 3554 1499 3601; x_wconf 80' lang='lat'>4</span> <span class='ocrx_word' id='word_1_452' title='bbox 1534 3549 1691 3600; x_wconf 73' lang='lat' dir='ltr'>Cinna</span> <span class='ocrx_word' id='word_1_453' title='bbox 1711 3547 2053 3614; x_wconf 72' lang='lat' dir='ltr'>Meronesuit]</span> <span class='ocrx_word' id='word_1_454' title='bbox 2102 3546 2291 3609; x_wconf 64' lang='lat' dir='ltr'>Poeta,</span> <span class='ocrx_word' id='word_1_455' title='bbox 2313 3550 2467 3596; x_wconf 80' lang='lat' dir='ltr'>autor</span> 
     </span>
     <span class='ocr_line' id='line_1_91' title="bbox 1398 3620 2465 3692; baseline -0.007 -16"><span class='ocrx_word' id='word_1_456' title='bbox 1398 3626 1594 3692; x_wconf 81' lang='lat' dir='ltr'>egregii</span> <span class='ocrx_word' id='word_1_457' title='bbox 1613 3627 1824 3692; x_wconf 85' lang='lat' dir='ltr'>quidem</span> <span class='ocrx_word' id='word_1_458' title='bbox 1841 3626 2139 3690; x_wconf 82' lang='lat' dir='ltr'>laudatique</span> <span class='ocrx_word' id='word_1_459' title='bbox 2155 3622 2349 3687; x_wconf 87' lang='lat' dir='ltr'>operis,</span> <span class='ocrx_word' id='word_1_460' title='bbox 2369 3620 2465 3671; x_wconf 87' lang='lat' dir='ltr'>sed</span> 
     </span>
     <span class='ocr_line' id='line_1_92' title="bbox 1398 3697 2467 3769; baseline -0.009 -15"><span class='ocrx_word' id='word_1_461' title='bbox 1398 3702 1639 3765; x_wconf 79' lang='lat' dir='ltr'>obscuri3</span> <span class='ocrx_word' id='word_1_462' title='bbox 1669 3709 1742 3762; x_wconf 87' lang='lat' dir='ltr'>et,</span> <span class='ocrx_word' id='word_1_463' title='bbox 1763 3717 1865 3769; x_wconf 84' lang='lat' dir='ltr'>qno</span> <span class='ocrx_word' id='word_1_464' title='bbox 1888 3716 1986 3751; x_wconf 87' lang='lat' dir='ltr'>nec</span> <span class='ocrx_word' id='word_1_465' title='bbox 2005 3716 2063 3751; x_wconf 83' lang='lat' dir='ltr'>se</span> <span class='ocrx_word' id='word_1_466' title='bbox 2084 3698 2313 3750; x_wconf 86' lang='lat' dir='ltr'>scribere</span> <span class='ocrx_word' id='word_1_467' title='bbox 2334 3697 2467 3748; x_wconf 84' lang='lat' dir='ltr'>satis</span> 
     </span>
     <span class='ocr_line' id='line_1_93' title="bbox 1399 3771 2468 3844; baseline -0.009 -14"><span class='ocrx_word' id='word_1_468' title='bbox 1399 3779 1575 3843; x_wconf 76' lang='lat' dir='ltr'>digna,</span> <span class='ocrx_word' id='word_1_469' title='bbox 1595 3793 1693 3844; x_wconf 89' lang='lat' dir='ltr'>per</span> <span class='ocrx_word' id='word_1_470' title='bbox 1713 3771 2019 3828; x_wconf 72' lang='lat' dir='ltr'>modestiam</span> <span class='ocrx_word' id='word_1_471' title='bbox 2049 3774 2329 3841; x_wconf 77' lang='lat' dir='ltr'>profitetur</span> <span class='ocrx_word' id='word_1_472' title='bbox 2348 3772 2468 3821; x_wconf 77' lang='lat' dir='ltr'>Vir-</span> 
     </span>
     <span class='ocr_line' id='line_1_94' title="bbox 1402 3855 1867 3921; baseline -0.002 -16"><span class='ocrx_word' id='word_1_473' title='bbox 1402 3856 1575 3921; x_wconf 77' lang='lat' dir='ltr'>gilius,</span> <span class='ocrx_word' id='word_1_474' title='bbox 1597 3855 1794 3920; x_wconf 83' lang='lat' dir='ltr'>Ecloga</span> <span class='ocrx_word' id='word_1_475' title='bbox 1814 3859 1867 3905; x_wconf 84' lang='lat'>9.</span> 
     </span>
    </p>

    <p class='ocr_par' dir='ltr' id='par_1_29' title="bbox 1402 3927 2468 4061">
     <span class='ocr_line' id='line_1_95' title="bbox 1466 3927 2468 3992; baseline -0.008 -9"><span class='ocrx_word' id='word_1_476' title='bbox 1466 3938 1497 3982; x_wconf 87' lang='grc'><strong>5</strong></span> <span class='ocrx_word' id='word_1_477' title='bbox 1531 3932 1615 3982; x_wconf 72' lang='lat' dir='ltr'>Sic</span> <span class='ocrx_word' id='word_1_478' title='bbox 1647 3938 1732 3983; x_wconf 75' lang='lat' dir='ltr'>tua</span> <span class='ocrx_word' id='word_1_479' title='bbox 1760 3933 2033 3992; x_wconf 72' lang='lat' dir='ltr'>laudentur,</span> <span class='ocrx_word' id='word_1_480' title='bbox 2072 3927 2179 3991; x_wconf 57' lang='grc' dir='ltr'>ὅπη]</span> <span class='ocrx_word' id='word_1_481' title='bbox 2233 3927 2468 3990; x_wconf 75' lang='lat' dir='ltr'>Propter</span> 
     </span>
     <span class='ocr_line' id='line_1_96' title="bbox 1402 4003 2435 4061; baseline -0.007 0"><span class='ocrx_word' id='word_1_482' title='bbox 1402 4009 1779 4061; x_wconf 76' lang='lat' dir='ltr'>obscuritatem</span> <span class='ocrx_word' id='word_1_483' title='bbox 1799 4016 1855 4058; x_wconf 91' lang='lat' dir='ltr'>et</span> <span class='ocrx_word' id='word_1_484' title='bbox 1875 4006 2151 4058; x_wconf 84' lang='lat' dir='ltr'>intricatas</span> <span class='ocrx_word' id='word_1_485' title='bbox 2173 4003 2435 4054; x_wconf 85' lang='lat' dir='ltr'>tenebras.</span> 
     </span>
    </p>

    <p class='ocr_par' dir='ltr' id='par_1_30' title="bbox 1400 4080 2468 4305">
     <span class='ocr_line' id='line_1_97' title="bbox 1463 4080 2467 4147; baseline -0.006 -11"><span class='ocrx_word' id='word_1_486' title='bbox 1463 4090 1498 4136; x_wconf 94' lang='grc'><strong>6</strong></span> <span class='ocrx_word' id='word_1_487' title='bbox 1547 4088 1618 4136; x_wconf 80' lang='lat' dir='ltr'>Et</span> <span class='ocrx_word' id='word_1_488' title='bbox 1658 4086 1762 4135; x_wconf 72' lang='lat' dir='ltr'>sine</span> <span class='ocrx_word' id='word_1_489' title='bbox 1820 4082 2185 4147; x_wconf 66' lang='lat' dir='ltr'>Grammaticis]</span> <span class='ocrx_word' id='word_1_490' title='bbox 2248 4080 2467 4146; x_wconf 78' lang='lat' dir='ltr'>Absque</span> 
     </span>
     <span class='ocr_line' id='line_1_98' title="bbox 1400 4160 2468 4229; baseline -0.006 -14"><span class='ocrx_word' id='word_1_491' title='bbox 1400 4178 1505 4229; x_wconf 84' lang='lat' dir='ltr'>ope</span> <span class='ocrx_word' id='word_1_492' title='bbox 1573 4162 2038 4225; x_wconf 83' lang='lat' dir='ltr'>Grammaticorum</span> <span class='ocrx_word' id='word_1_493' title='bbox 2103 4160 2468 4224; x_wconf 83' lang='lat' dir='ltr'>interpretum.</span> 
     </span>
     <span class='ocr_line' id='line_1_99' title="bbox 1404 4236 2467 4305; baseline -0.009 -10"><span class='ocrx_word' id='word_1_494' title='bbox 1404 4237 1610 4295; x_wconf 79' lang='lat' dir='ltr'>Quotus</span> <span class='ocrx_word' id='word_1_495' title='bbox 1658 4248 1838 4293; x_wconf 78' lang='lat' dir='ltr'>tamen</span> <span class='ocrx_word' id='word_1_496' title='bbox 1884 4239 2103 4305; x_wconf 88' lang='lat' dir='ltr'>quisque</span> <span class='ocrx_word' id='word_1_497' title='bbox 2152 4236 2467 4292; x_wconf 82' lang='lat' dir='ltr'>Grammati-</span> 
     </span>
    </p>
   </div>
  </div>
 </body>
</html>
