2985 4937
509 395 682 462 1246

507 552 629 619 byei
653 548 999 607 insolentia'in
1020 556 1451 619 provocandis-ad
1478 571 1569 621 pa·

504 633 734 682 laestram
756 630 1045 695 hospitibus
1068 632 1135 680 ab
1163 632 1394 682 Hercule
1416 634 1568 683 casti·

504 714 629 773 gata
660 715 846 757 morte.
917 708 1136 772 Ceroma]
1170 700 1324 761 Quod
1362 710 1444 760 hic
1480 726 1570 775 po·

502 785 778 849 nitur-pro
817 784 931 850 ipso
968 783 1161 835 Antaeo
1200 794 1462 837 ceromate
1496 788 1569 837 in·

502 867 680 912 uncto.
748 862 965 912 Ceroma
997 860 1308 924 ergo‘flebat
1343 878 1406 912 ex
1437 864 1571 931 oleo,

502 941 733 1004 pulvere,
755 946 812 990 et
831 955 955 990 cera
978 940 1333 1002 commixtum,
1349 956 1451 1005 quo
1475 956 1568 991 un·

502 1016 763 1078 gebantur
779 1016 1032 1068 Athletae.
1089 1017 1282 1082 Libycae
1300 1020 1569 1083 pnlaestroe]

430 1146 435 1161 Ι
499 1093 688 1158 Lybici
711 1094 1040 1144 certaminis:
1076 1109 1194 1144 nam
1232 1093 1453 1144 sumitur
1482 1095 1568 1146 hic

501 1184 597 1232 pro
619 1171 736 1234 ipsa
756 1170 901 1221 lucta
922 1177 978 1220 et
1000 1170 1303 1233 certamine,
1337 1171 1476 1237 quod
1512 1172 1566 1221 in

500 1245 671 1311 Libya
708 1248 1039 1299 commissum
1080 1254 1178 1297 est.
1262 1247 1399 1297 Vide
1440 1247 1567 1312 Epi-

498 1332 783 1388 grammate
803 1329 883 1375 57.
908 1325 1039 1375 libro
1062 1328 1108 1374 3.
1133 1340 1283 1375 versu
1306 1330 1390 1375 25.

563 1404 595 1449 4
630 1401 795 1466 Eryx]
826 1402 1047 1451 Veneris
1078 1401 1305 1452 flliusab
1329 1402 1565 1452 Hercule

497 1484 748 1527 caestuum
770 1478 1055 1528 certamine
1076 1478 1332 1529 devictus.
1367 1478 1565 1544 Virgil.

498 1560 547 1603 ὅ.
573 1555 775 1606 AEneid.

504 1640 516 1653 ⁴
558 1635 592 1680 6
628 1632 733 1682 Nee
752 1631 928 1697 rectas]
956 1632 1202 1696 Avernas,
1225 1647 1323 1697 per
1344 1632 1572 1683 caudam·

493 1713 711 1758 tractas.
767 1709 952 1772 Virgil.
1007 1714 1053 1759 1.
1099 1708 1300 1759 AEneid.
1390 1710 1565 1775 Cacus]

493 1783 716 1834 Vulcani
737 1783 873 1834 filius
908 1783 1104 1849 triceps
1135 1792 1267 1848 erat,
1288 1782 1372 1834 fur
1401 1793 1457 1835 et
1492 1787 1563 1853 la·

490 1865 594 1921 tro,
617 1874 782 1925 eoque
804 1860 1090 1910 viatoribus
1114 1860 1414 1912 timebatur.
1457 1863 1563 1915 Qui

491 1936 610 1986 ideo
645 1937 806 1988 boves
841 1937 898 1987 in
931 1945 1138 1988 antrum
1170 1952 1317 1988 snum
1349 1953 1561 1992 aversas

490 2013 758 2077 trahebat,
779 2029 847 2064 ne
871 2015 1226 2080 quaerentibus
1249 2013 1446 2065 factum
1471 2017 1559 2066 de·

489 2089 916 2156 prehenderetur,
972 2106 1088 2141 cum
1146 2091 1365 2156 vestigia
1417 2091 1559 2144 foras

489 2166 765 2231 ducerent,
799 2184 901 2219 non
924 2169 1080 2220 intro.

505 2257 513 2266 ·
552 2248 584 2293 ’1
619 2244 724 2294 Ista
746 2250 861 2309 tuae,
881 2248 1061 2310 Coesar,
1081 2246 1188 2310 ξω]
1224 2248 1358 2299 Haec
1382 2250 1470 2299 vel
1490 2249 1557 2299 is·

486 2325 542 2369 ta
565 2322 737 2371 omnia
760 2322 1005 2386 Herculis
1038 2322 1184 2374 facta
1217 2326 1405 2375 collata
1435 2341 1554 2376 cum

487 2398 710 2450 Caesaris
728 2403 1040 2465 spectaculis
1065 2404 1115 2453 in
1135 2403 1554 2472 Amphitheatro,

483 2479 644 2541 quota
666 2494 799 2544 pars
832 2482 992 2532 sunt?
1026 2485 1172 2548 quasi
1208 2484 1426 2550 diceret,
1459 2486 1553 2537 mi·

471 2553 642 2605 nima.

462 2687 466 2696 ,
548 2633 580 2678 8
613 2631 830 2697 Maiora]
866 2633 1014 2685 Dicit
1050 2650 1180 2700 ergo
1219 2636 1412 2702 Poeta,
1445 2637 1552 2689 Ro-

480 2719 580 2756 mae
604 2707 658 2757 in
683 2707 1083 2774 Amphitheatro
1110 2713 1332 2777 majores
1354 2714 1551 2765 bestias

429 2801 432 2802 ⁷
480 2791 814 2850 monstraque
838 2801 940 2836 uno
965 2788 1071 2849 die,
1094 2797 1149 2837 et
1172 2790 1379 2853 quidem
1405 2791 1551 2840 dimi-

479 2858 623 2908 diato
648 2867 702 2910 et
726 2862 1222 2927 matutino,conflci,
1238 2881 1389 2929 quam
1415 2867 1564 2926 Her-³

478 2935 623 2984 cules
648 2942 761 2986 tota
781 2937 890 2987 vita
913 2937 1158 2991 confecit.
1227 2942 1394 2991 Novus
1425 2943 1551 3007 dies]

477 3011 799 3063 Matutinum
825 3017 1202 3081 spectaculum,
1230 3033 1328 3082 quo
1353 3019 1550 3069 bestia·

479 3086 544 3136 rii
582 3102 700 3138 cnm
729 3088 928 3139 ‘bestiis
964 3090 1378 3157 depugnabant:
1428 3105 1548 3158 post

476 3166 774 3230 meridiem,
799 3169 887 3234 qui
910 3179 1241 3238 supererant,
1265 3175 1403 3225 inter
1424 3191 1498 3229 se.

495 3257 499 3262 ’
558 3247 623 3293 10
660 3245 876 3296 Collocat
912 3247 1050 3298 hasta
1074 3250 1217 3314 sues]
1262 3252 1545 3309 Interficit.

473 3317 712 3384 Metaph.
736 3331 943 3389 sumpta
965 3325 1032 3375 ab
1055 3328 1270 3394 antiquo
1288 3331 1547 3381 collocan-

473 3393 543 3454 di¹
572 3395 845 3450 cadaveris
888 3417 1031 3452 more
1055 3419 1069 3453 ι
1122 3403 1187 3453 de
1232 3420 1335 3470 quo
1378 3409 1545 3458 multa

471 3471 679 3535 Lipsius
704 3475 792 3527 lib.
815 3482 861 3527 l.
887 3479 1056 3531 Elect.
1079 3495 1195 3545 cap.
1217 3485 1265 3531 6.
1321 3482 1408 3531 Sic
1430 3501 1540 3548 προ-

468 3548 679 3601 τίθεσθαι
713 3553 935 3607 Graecis.
1001 3558 1072 3608 Et
1101 3571 1202 3606 non
1235 3559 1398 3609 solum
1430 3575 1544 3624 pro,

467 3627 728 3678 collocare
751 3629 802 3679 in
828 3631 1082 3682 vestibulo
1106 3633 1324 3695 aedium3
1360 3650 1541 3687 verum

468 3710 526 3758 et
548 3702 599 3752 in
622 3703 736 3756 loco
761 3707 991 3769 publico,
1013 3716 1073 3757 ut
1096 3725 1192 3773 pro
1213 3710 1415 3761 Rostris
1437 3712 1542 3761 Ro·

466 3793 586 3844 mae,
606 3781 694 3832 ubi
707 3789 761 3833 et
775 3784 1007 3835 laudatio
1028 3788 1397 3851 peragebatur.
1412 3790 1539 3839 Her.

470 3856 573 3907 Tua
595 3859 756 3923 Ιιαετα]
780 3861 888 3911 Pro
913 3862 1236 3927 Carpophori
1259 3864 1426 3928 hasta,
1447 3867 1537 3930 qui

463 3938 548 3982 est
572 3941 690 4006 tuus
713 3943 961 4001 venator3
984 3939 1227 4006 quodque
1250 3940 1366 4006 ipse
1389 3941 1539 4009 fecit,

465 4017 523 4058 tu
549 4010 742 4061 videris
767 4012 977 4067 fecisse.

530 4090 589 4135 11
616 4088 836 4139 Pastoris
855 4090 1010 4155 Iberi]
1043 4093 1322 4159 Geryonis,
1348 4096 1535 4147 tricor·

463 4162 625 4229 potis,
648 4164 1003 4231 Hispanorum
1028 4170 1192 4235 regim*
1248 4173 1386 4223 Vide
1417 4174 1535 4239 My·

461 4239 712 4303 tbologos.
779 4243 880 4292 Sed
907 4260 990 4294 res
1014 4246 1087 4296 ita
1107 4262 1164 4298 se
1187 4248 1364 4300 habet.
1425 4253 1532 4301 Ge·

461 4330 593 4381 ryon
609 4323 719 4369 tres
735 4319 916 4373 habuit
930 4322 1071 4375 filios
1091 4326 1382 4393 Geryones,
1401 4344 1529 4394 quos

1162 437 1168 443 ·
1201 413 1417 461 NOTAE
1466 413 1875 471 vAluoRUM
1912 410 2002 465 'm

1645 559 1901 611 Hercules
1947 558 2194 625 Libycus,
2245 572 2365 612 cum
2412 561 2465 613 in
2510 556 2712 628 subjec·'

1646 644 1723 686 tos
1743 637 2006 701 Hispanos
2030 639 2355 702 tyrannidem
2382 650 2705 705 exercerent,

1643 719 1946 776 comparato
1968 714 2225 777 exercitu,
2250 730 2313 763 ex
2337 716 2704 779 provocatione

1643 805 1775 847 nnus
1800 805 1995 855 omnes,
2013 799 2121 842 tres
2144 794 2282 842 solus
2306 792 2555 843 confecit.
2600 796 2706 844 Un-

1643 869 1709 918 de
1733 878 1859 920 nata
1887 877 1971 919 est
2003 869 2201 933 fabula,
2235 871 2531 935 Geryonem
2566 872 2704 924 triciss

1643 947 1806 1010 pitcm
1828 946 1894 996 ab
1918 947 2147 997 Hercule
2174 949 2386 999 victum.
2425 949 2546 1000 Rau.

1707 1027 1769 1071 12
1823 1023 1921 1079 Qui
1962 1024 2125 1086 possit,
2159 1024 2275 1088 ’qt-‚J
2324 1020 2706 1091 carpophorus,

1641 1110 1731 1146 seu
1748 1098 1860 1163 quis
1883 1098 2013 1148 alins
2029 1116 2044 1149 z
2062 1099 2223 1150 Libro
2240 1102 2421 1166 Spect.
2440 1103 2702 1168 Epigram-

1640 1178 1781 1223 mate
1803 1178 1888 1225 2⁷.

1657 1262 1668 1267 ’
1707 1255 1767 1301 13
1794 1252 2090 1302 Numeretnr
2110 1253 2261 1304 bellua
2283 1254 2474 1320 Len-me]
2506 1256 2705 1322 Hydra,

1640 1342 1967 1378 numerosum
1990 1330 2456 1395 (repullulantibus
2477 1348 2596 1399 ‘quae
2620 1348 2705 1383 ex·

1640 1403 1960 1456 cidebantur·
1982 1407 2269 1473 capitibus)
2306 1409 2515 1459 malum.
2584 1411 2716 1477 Epi:

1638 1495 1803 1546 gram.
1825 1487 1904 1533 2⁷.
1929 1483 2016 1534 lib.
2038 1485 2217 1547 Spect.
2731 1490 2734 1493 “

1704 1561 1767 1607 14
1800 1558 2020 1623 Improba
2057 1560 2280 1625 Niliacis,
2312 1562 2422 1626 ξω]
2467 1562 2591 1613 Non
2633 1569 2704 1613 ta-

1638 1653 1757 1689 men
1790 1639 2106 1690 conferenda
2142 1649 2223 1691 est
2253 1656 2381 1690 cum
2420 1641 2706 1692 crocodilis

1639 1717 1934 1783 Niligenis,
1969 1717 2058 1782 qui
2102 1717 2152 1766 in
2194 1717 2398 1767 theatro
2435 1717 2704 1793 interfecti

1638 1802 1775 1845 sunt.
2661 1808 2662 1811 ’

1705 1874 1765 1919 15
1805 1870 1903 1920 Pro
1935 1871 2139 1933 meritis,
2168 1871 2278 1936 qa]
2327 1871 2605 1923 Conclusio
2641 1887 2703 1923 ex

1634 1945 1934 1997 adulatione
1952 1957 2004 1997 et
2025 1947 2413 2012 comparatione
2436 1958 2702 2012 gestorum

1637 2022 1703 2072 ab
1724 2023 2030 2074 Herculeset
2048 2025 2374 2075 Domitiano.
2418 2027 2495 2074 Ex
2524 2027 2701 2089 quibus

1636 2113 1732 2162 par
1776 2101 2049 2164 praemium
2090 2101 2173 2150 vel
2212 2102 2379 2165 majus
2416 2102 2486 2150 sit
2527 2102 2712 2150 Domi·'

1636 2176 1778 2226 tian‘o
1796 2177 2232 2242 exspectandum.
2275 2178 2365 2228 Dii
2390 2178 2613 2229 Herculi
2638 2177 2701 2227 ob

1633 2260 1908 2304 aerumnas'
1940 2262 1997 2304 et
2046 2254 2251 2304 labores
2291 2255 2400 2304 cito
2443 2254 2702 2304 dederuut

1632 2330 1853 2379 coelum:
1893 2330 1988 2381 tibi
2024 2345 2140 2381 sero
2170 2331 2402 2393 dabunt;
2437 2339 2543 2381 tam
2570 2346 2701 2394 sero,

1630 2414 1689 2454 nt
1736 2421 1831 2457 nec
1879 2407 2049 2457 adhuc
2086 2407 2350 2474 dederint,
2391 2423 2489 2457 nec
2525 2409 2697 2458 daturi

1627 2473 2001 2551 sint‘unquam.
2036 2486 2165 2535 Rau.

1651 2589 1657 2596 ·
1696 2567 1761 2613 16
1793 2563 1911 2614 Sero
1944 2555 2145 2627 dabunt]
2174 2564 2250 2614 Ut
2279 2562 2368 2613 diu
2393 2578 2623 2630 praeesse
2647 2570 2699 2613 et

1629 2638 1879 2702 prodesse
1911 2639 2161 2704 Reipubl.
2193 2640 2383 2707 possis.
2447 2640 2538 2691 Sic
2576 2641 2706 2705 Epi·'

1629 2732 1791 2782 gram.
1815 2722 1897 2767 89.
1922 2718 2011 2770 lib.
2036 2723 2085 2768 8.
2365 2705 2383 2720 “
2679 2777 2684 2780 k

1697 2795 1859 2853 Erro.
1884 2808 2037 2844 nxvr.
2073 2796 2201 2844 Cum
2228 2795 2358 2846 adeo
2382 2796 2452 2845 sis
2474 2795 2699 2845 inhuma-

1626 2884 1741 2933 nus,
1780 2877 1837 2921 ut
1862 2886 1959 2923 nec
1983 2871 2180 2923 salutes
2203 2886 2300 2923 nec
2325 2875 2581 2924 resalutes
2615 2875 2702 2939 (ut

1626 2949 1805 3012 Epigr.
1840 2952 1922 2999 51.
1958 2947 2156 3014 supra),
2191 2950 2430 3014 quoniam
2467 2950 2565 3001 tibi
2598 2966 2694 3001 non

1625 3026 1803 3088 placet
1824 3027 1841 3053 ⁴
1858 3025 2030 3075 Salve’
2054 3025 2182 3075 illud
2204 3029 2288 3076 vel
2313 3025 2474 3077 ‘Ave’
2496 3027 2551 3077 in
2567 3041 2694 3077 con·

1625 3120 1806 3169 gressu
1849 3101 2066 3156 solenne
2092 3123 2107 3169 ;
2167 3107 2265 3158 tibi
2314 3107 2593 3158 inhumano
2640 3115 2694 3157 et

1624 3183 1772 3248 quasi
1796 3189 1998 3233 mortuo
2030 3184 2263 3234 dicemus
2297 3199 2461 3251 usque
2494 3184 2696 3246 ‘Vale‚’

1625 3260 1708 3309 vel
1730 3262 1747 3289 ‘
1761 3260 2032 3312 AEternum
2054 3262 2169 3312 vale
2183 3265 2218 3312 τ’
2240 3262 2328 3328 qui
2351 3277 2462 3312 mos
2481 3262 2691 3312 Veteri·

1623 3335 1720 3386 bus
1741 3336 1843 3388 fuit
1864 3339 2124 3389 salutandi
2143 3346 2395 3398 mortuos,
2431 3338 2517 3410 qui
2553 3353 2707 3389 resa-³

1619 3412 1791 3463 lutare
1814 3430 1915 3464 non
1946 3423 2203 3478 poterant.
2260 3416 2396 3466 Vide
2419 3415 2689 3481 Epigram-

1620 3505 1703 3540 ma
1730 3497 1779 3542 8.
1805 3492 1941 3541 libro
1964 3498 2013 3544 9.
2035 3502 2092 3543 et
2117 3494 2435 3544 Lucianum:
2471 3492 2587 3559 ὑπὲρ
2606 3495 2689 3544 τοῦ

1620 3566 1671 3615 ἐν
1692 3570 1756 3634 τῇ
1776 3569 2146 3636 προσαγορεύσει
2166 3570 2477 3634 πταίσματος.

1681 3648 1713 3693 2
1748 3645 1830 3694 Sic
1859 3646 1953 3695 erit
1985 3646 2238 3710 aternum]
2272 3648 2425 3697 Tunc
2446 3647 2583 3698 enim
2608 3662 2685 3696 sa·

1617 3718 1890 3785 lutaberis,
1938 3737 2105 3788 neque
2145 3725 2432 3774 resalutare
2467 3726 2682 3789 poteris.

1618 3797 1804 3846 Placet
1844 3806 1903 3848 nt
1944 3799 2171 3863 legatur,
2204 3802 2473 3859 AEternnm,
2510 3801 2682 3856 Ponti-

1613 3867 1758 3934 liu'ne,
1789 3874 1912 3932 vale,
1948 3875 2288 3939 conjunctim,
2318 3882 2378 3926 ut
2400 3876 2682 3926 sintverba

1612 3949 1883 3999 salutantis
1893 3950 2269 4013 Pontilianum,
2272 3952 2384 4016 jam
2394 3950 2538 4014 μηδὲν
2552 3951 2678 4001 ὄντα.

1611 4026 1861 4088 Virgilius
1887 4031 1968 4077 11.
1992 4026 2196 4089 AEneid,
2226 4028 2241 4055 ‘
2258 4028 2413 4079 Salve
2428 4031 2688 4078 aeternnm‘

1610 4105 1681 4153 mi
1703 4104 1925 4154 maxime
1958 4104 2124 4166 Palla,
2145 4104 2515 4171 AEternumqne
2531 4103 2680 4155 vale?

1611 4181 1755 4231 Nota
1773 4195 1877 4243 res,
1893 4187 1948 4230 et
1968 4180 2113 4233 verbi
2130 4196 2191 4231 ac
2208 4180 2419 4246 φράσεως
2451 4183 2677 4248 proprie·

1610 4264 1708 4306 tas.
1753 4256 1885 4307 Inde
1909 4266 2085 4308 autem
2112 4267 2257 4323 nata,
2280 4260 2400 4325 quia
2418 4260 2673 4310 existima·

1607 4331 1736 4384 bant
1780 4335 1967 4387 miselli
1996 4335 2072 4388 illi
2105 4334 2218 4389 τοὺς
2248 4338 2504 4403 μακαρίτας
2536 4352 2589 4387 se
2620 4337 2671 4387 in
