2985 4937
839 811 1243 945 NoTAE
1310 821 2061 918 VARIORUM

1403 1069 1483 1113 IN

444 1275 578 1351 M.
620 1278 859 1354 VAL.
925 1278 1515 1358 MARTIALIS
1572 1284 2424 1359 EPIGRAMMATA.

861 1784 973 1843 DE
1015 1784 1558 1846 SPECTACULIS
1599 1782 2006 1843 LIBELLUS.

336 1972 568 2043 Etim-1.
636 1971 745 2023 Per
785 1973 1138 2027 inductionem
1185 1978 1388 2028 collati&

397 2064 513 2099 vam
529 2049 797 2100 Titianum
811 2050 1263 2116 Amphitheatrum
1281 2069 1388 2104 om·

398 2125 550 2176 nibus
573 2126 715 2177 orbis
736 2127 984 2191 operibus
1009 2130 1243 2193 praefert.

394 2206 422 2250 1
456 2202 705 2266 Barbara]
755 2203 838 2253 Ad
858 2204 1156 2256 Graecorum
1178 2206 1387 2258 distinc-

330 2279 543 2341 tionem,
594 2280 784 2346 quibus
820 2282 909 2332 alii
948 2297 1125 2334 omnes
1172 2284 1381 2335 barbari

331 2356 489 2419 dicti;
519 2359 625 2408 imo
658 2373 725 2408 ex
765 2360 894 2422 suis,
928 2362 1016 2426 qni
1049 2376 1150 2412 non
1171 2362 1384 2413 *Ελλάδα

325 2433 644 2497 incolebant,
681 2436 839 2502 quive
875 2451 979 2487 non
1023 2452 1114 2489 ore
1157 2440 1417 2490 rotundo*

323 2512 549 2563 molliter
577 2520 634 2564 et
655 2511 837 2564 Attice
870 2513 1230 2579 loquebantur.
1296 2515 1380 2566 Ab

321 2601 512 2654 aspera
567 2591 705 2641 enim
739 2597 796 2641 et
838 2591 1035 2641 inculta
1077 2593 1382 2656 pronuntia-

318 2667 461 2716 tione
478 2668 495 2695 ‘
507 2666 795 2717 Barbaros’
811 2666 980 2718 dictos
994 2675 1177 2719 censet
1189 2668 1380 2719 Strabo

320 2742 461 2802 Lu.
506 2744 716 2795 Dicitur
742 2749 1007 2812 postremo
1034 2745 1050 2773 ‘
1067 2745 1384 2809 barbarum,’

321 2820 567 2885 quicquid
589 2819 657 2870 ab
681 2820 916 2871 hnmana!
947 2821 1070 2872 vitae
1101 2823 1267 2884 cultu,
1301 2838 1380 2872 ra·

321 2896 484 2958 tione,
522 2897 700 2960 lingua
740 2896 1010 2960 abhorret3
1045 2904 1103 2948 ct
1135 2899 1379 2965 quicquid

318 2971 502 3036 ferum,
522 2971 848 3036 inurbanum,
871 2989 975 3039 qua
997 2974 1246 3037 moribus,
1277 2991 1379 3040 qua

315 3049 507 3114 lingua,
518 3049 807 3115 judicatur.
833 3052 1042 3103 Farnob.
1061 3053 1239 3104 Ruder.
1277 3055 1378 3119 Py-

314 3125 574 3189 ramidum]
638 3127 806 3176 Moles
841 3127 998 3177 hasce
1024 3128 1298 3192 altissimas
1323 3131 1376 3180 in

313 3202 706 3268 sepulchrorum
749 3218 914 3267 usum,
956 3218 1061 3256 non
1103 3204 1215 3254 sine
1258 3220 1377 3270 pro·

313 3278 427 3328 fusa
435 3293 592 3343 opum
604 3281 977 3344 ostentatione,
987 3295 1136 3346 reges
1146 3282 1377 3348 AEgyptii

313 3362 614 3417 extruxere,
654 3370 686 3405 a
726 3356 980 3421 quadrata
1026 3357 1136 3407 basi
1170 3358 1375 3409 decres-

313 3432 478 3496 cendo
502 3432 848 3498 ascendentes
883 3433 937 3482 in
960 3432 1179 3504 formam
1215 3434 1375 3501 πυρὸς,

311 3510 448 3559 unde
465 3516 524 3559 et
541 3524 745 3559 nomen.
760 3518 879 3573 post
895 3509 1240 3574 Herodotum,
1255 3512 1373 3562 Me-

308 3587 431 3649 lam,
468 3587 695 3638 Plinium
727 3603 776 3638 c.
813 3592 894 3638 12.
932 3588 967 3637 1.
986 3592 1076 3648 ³36.
1119 3588 1371 3654 Solinum,

308 3664 691 3727 Marcellinum,
706 3665 867 3716 Diod.
890 3664 1138 3728 Siculum,
1154 3668 1255 3716 &c.
1281 3667 1370 3731 qui

308 3740 374 3789 de
410 3739 489 3791 his
529 3742 809 3807 scripsere,
846 3741 1005 3791 etiam
1040 3742 1156 3807 lege
1193 3742 1369 3793 Bello-

303 3819 465 3882 nium,
501 3821 589 3884 qui
612 3818 941 3884 Pyramides,
962 3832 1078 3883 qnae
1109 3818 1263 3869 hodie
1295 3820 1369 3869 vi·

286 3901 505 3960 'suntnr,
536 3897 651 3960 ipse
690 3896 950 3945 dimensus
986 3901 1083 3945 est.
1117 3895 1153 3945 1.
1175 3899 1223 3945 2.
1258 3895 1368 3945 Ob·

303 3988 438 4025 serv.
464 3989 514 4025 c.
546 3976 738 4035 42,4s‚
775 3979 841 4022 et,
868 3975 954 4022 44.
1011 3971 1190 4035 Silene]
1251 3972 1397 4037 Sig·’

303 4057 427 4100 nate
474 4049 538 4099 ad
582 4047 891 4098 ‘Barbaros'
916 4054 971 4099 et
992 4046 1232 4110 ἄφόνουςι
1269 4049 1368 4114 vel,

299 4124 315 4152 ‘
333 4125 488 4174 sileat
510 4123 796 4187 miracula,’
815 4123 870 4173 id
892 4130 993 4187 est,
1013 4120 1116 4174 non
1146 4126 1366 4189 amplius

299 4202 536 4264 miretur,
557 4202 814 4262 habeatve
837 4215 933 4265 pro
948 4201 1230 4252 miraculis.
1264 4204 1365 4252 Mi-

299 4278 483 4344 racula]
516 4276 760 4342 Θεάμμτα,
797 4279 1083 4344 conspicua
1104 4293 1197 4332 seu
1217 4294 1364 4345 spec-

1468 1977 1628 2029 tanda
1651 1982 1867 2041 propter
1897 1973 2171 2025 artificium
2206 1985 2385 2036 opera,
2404 1984 2520 2036 quae

1464 2059 1669 2118 septem
1728 2058 2079 2112 numerantur,
2121 2049 2249 2098 muri
2298 2046 2524 2110 Babylo·

1467 2131 1588 2193 nim,
1610 2131 1795 2178 Dianae
1823 2126 2060 2192 Ephesiae
2084 2125 2355 2188 templum,
2372 2121 2521 2172 ,lovis

1467 2206 1731 2272 Olympici
1748 2206 2094 2264 simulacrum,
2110 2199 2418 2266 Pyramides
2436 2198 2523 2248 ΙΕ-

1463 2284 1685 2349 gyptiae,
1706 2284 2028 2335 Mausoleum
2050 2281 2395 2346 sepulchrum,
2422 2278 2521 2328 Co-

1464 2366 1627 2414 lossus
1657 2363 1903 2425 Rhodius,
1933 2362 2059 2425 Cyri
2095 2360 2254 2424 regia.
2318 2356 2519 2410 Quibus

1462 2448 1520 2493 et
1562 2441 1649 2492 alii
1683 2446 1902 2505 septena
1940 2439 2106 2490 altera
2143 2435 2521 2496 adnumerant;

1461 2533 1676 2584 quorum
1725 2517 1849 2579 duo,
1888 2515 2035 2566 ,lovis
2081 2512 2345 2577 Olympici
2388 2517 2519 2560 tem-

1460 2596 1694 2658 plum,et
1714 2594 1957 2644 colossus
1981 2590 2227 2652 Rhodius,
2260 2603 2375 2654 quae
2404 2588 2518 2653 jam

1460 2671 1526 2721 ad
1565 2672 1772 2736 plenam
1805 2666 2245 2719 enumerationem
2282 2681 2315 2715 a
2346 2664 2519 2715 Poeta

1455 2754 1579 2799 sunt
1598 2747 1801 2798 omissa.
1842 2746 1889 2797 1.
1907 2747 2116 2809 Scoppa
2138 2749 2318 2794 censet
2333 2742 2519 2792 voluis-

1455 2839 1514 2874 se
1553 2823 1851 2873 Martialem
1872 2821 1971 2872 hoc
2011 2820 2378 2885 epigrammate
2406 2833 2513 2867 am-

1454 2901 1803 2966 phitheatrum
1852 2898 2080 2964 quinque
2122 2896 2199 2946 his
2232 2896 2512 2947 structuris

1453 2984 1793 3042 anteponere,
1822 2982 2060 3040 propter,
2094 2977 2141 3024 1.
2164 2971 2511 3035 altitudinem,

1449 3051 1501 3103 2.
1519 3052 1867 3112 celeritatem,
1888 3055 1937 3101 3.
1963 3055 2184 3110 statuas,
2213 3051 2265 3099 4.
2285 3048 2510 3097 varieta-

1454 3136 1649 3194 tem,ot
1662 3136 1711 3182 5.
1726 3128 2053 3179 nobilitatem
2070 3144 2086 3189 3
2116 3132 2174 3177 et
2193 3129 2209 3155 ‘
2226 3123 2507 3176 assiduum’

1449 3206 1588 3256 inter
1609 3213 1804 3257 caetera
1824 3204 1929 3254 dici
1950 3203 2044 3267 ait,
2065 3202 2203 3268 quod
2223 3216 2327 3251 non
2346 3201 2509 3252 inter-

1449 3284 1703 3336 mittitur:
1738 3289 1795 3333 et
1810 3281 1958 3331 labor
1973 3279 2257 3344 Babylonis
2280 3276 2507 3328 conden-

1449 3361 1531 3410 dae
1562 3374 1841 3424 nunquam,
1861 3368 1920 3407 ut
1939 3373 2004 3407 ex
2020 3357 2383 3406 historicorum
2400 3368 2506 3405 mo·

1446 3436 1709 3488 numentis
1740 3434 2021 3498 colligitur,
2048 3433 2365 3482 intermissus
2396 3438 2502 3481 est:

1444 3509 1645 3565 idcirco
1683 3513 1751 3563 de
1785 3513 1882 3564 hac
1919 3511 2212 3571 celeritate,
2229 3516 2286 3560 et
2307 3524 2410 3572 non
2436 3507 2504 3559 de

1445 3591 1658 3655 pensilis
1692 3590 1832 3640 horti
1864 3588 2167 3653 irrigatione
2200 3593 2283 3636 est
2315 3585 2508 3636 intelli-

1444 3669 1690 3734 gendum.
1755 3670 1925 3721 Quem
1957 3667 2079 3717 vide
2113 3666 2345 3726 collect.
2382 3665 2418 3713 l.
2457 3670 2505 3715 1.

1443 3761 1491 3796 c.
1515 3751 1600 3797 29.
1634 3745 1896 3810 Memphis]
1945 3742 2274 3794 Nobilissima
2290 3741 2503 3805 AEgypti

1441 3824 1647 3887 civitas,
1667 3823 1821 3873 hodie
1857 3822 2018 3871 Cairo.
2085 3822 2173 3870 De
2197 3820 2299 3869 situ
2335 3819 2503 3868 Mem-

1440 3901 1604 3966 phios,
1624 3914 1686 3951 ac
1708 3905 1916 3960 natura,
1950 3897 2179 3961 ingenio,
2213 3894 2512 3971 munitione„

1438 3980 1566 4042 loci,
1586 3978 1708 4028 vide
1728 3976 2020 4027 Diodorum
2040 3974 2268 4024 Siculum
2294 3973 2328 4023 l.
2352 3976 2398 4024 1.
2521 3977 2524 3980 ’

1503 4061 1536 4107 2
1567 4052 1823 4117 Assiduus]
1859 4054 2004 4117 Lego
2034 4065 2152 4101 cum
2177 4050 2384 4100 Alciato
2407 4050 2501 4100 As-

1437 4133 1615 4195 syrius,
1652 4137 1708 4181 et
1747 4129 1903 4179 tertio
1944 4142 2113 4190 versu,
2151 4142 2249 4191 pro
2288 4127 2502 4190 honores,

1439 4223 1556 4260 cum
1570 4207 1836 4271 Scaligero
1850 4204 1991 4254 Iones
2000 4220 2020 4263 ,-
2042 4210 2229 4274 quarto
2249 4218 2418 4267 versu,
2432 4219 2499 4255 ex

1451 4286 1667 4336 Thuana
1684 4282 2001 4346 membrana,
2026 4280 2308 4332 Dissimulet
2326 4281 2501 4333 Delon.
