2985 4937
605 468 711 538 -M.
761 464 935 512 VAL.
984 456 1405 509 MARTIALIS
1456 456 1704 503 Erum.
1756 456 1898 502 LIB.
1952 451 2112 499 vnl-

290 609 586 661 amovendus
609 615 721 657 erat
744 605 959 656 fictitius
987 605 1075 654 hic
1097 602 1335 653 Scoevola

290 691 348 738 ab
382 689 512 751 igne,
529 687 677 750 jussu
712 682 1091 749 Imperatoris3
1125 687 1209 730 'ut
1242 679 1332 728 illc

287 781 440 825 verus,
460 759 611 828 regis.
787 786 796 795 ·

339 847 372 892 8
400 842 568 890 Lassus
602 841 691 904 ire,
719 837 827 903 qua]
882 837 1067 886 Victos
1106 839 1162 884 et
1182 833 1335 884 forti·

287 919 440 968 tudini
473 917 738 968 cedentes.
802 915 902 965 Vel
920 915 1086 963 lassus
1109 912 1242 976 ignis
1257 910 1333 959 di·

283 997 425 1056 citur,
441 996 642 1060 quinon
660 995 822 1058 viget,
837 992 928 1042 sed
940 991 1050 1055 jam
1066 988 1333 1038 minuitur.

336 1077 369 1121 9
398 1073 532 1122 Scire
564 1073 721 1136 piget,
753 1069 858 1140 qm]
894 1069 1017 1119 Non
1053 1067 1331 1131 quaerimus

281 1163 497 1214 quaenam
551 1149 754 1199 scelera
801 1145 1123 1196 commiserit
1176 1150 1329 1203 ante3

279 1225 410 1275 illum
442 1224 634 1276 fortem
676 1238 792 1275 esse
832 1222 998 1273 virum
1034 1222 1117 1271 vel
1148 1220 1333 1269 exlioc

281 1307 505 1366 apparet.

336 1379 487 1429 Eme.
513 1391 680 1428 xxxx.
716 1382 743 1426 1
773 1375 948 1426 Nescio
966 1374 1097 1439 quid,
1116 1372 1224 1438 εγω]
1255 1370 1333 1422 Te

276 1469 444 1518 parum
466 1469 582 1505 esse
617 1454 807 1520 virum,
842 1468 941 1503 nec
970 1451 1166 1502 Veneri
1187 1450 1333 1500 habi·

275 1535 385 1584 lem.

331 1616 363 1661 2
390 1613 517 1660 Jum
544 1614 749 1675 patema
783 1607 934 1673 petis]
966 1607 1066 1658 Jus
1091 1604 1248 1655 trium
1269 1603 1330 1653 li-

275 1686 516 1738 berorum.
585 1687 723 1736 Vide
753 1673 939 1750 Epigr.
962 1688 1046 1734 ⁹1.
1070 1690 1127 1732 et
1152 1682 1332 1747 Epigr.

278 1768 351 1814 92.
371 1766 407 1814 l.
425 1770 476 1815 2.

329 1845 357 1891 3
389 1839 694 1906 Supplicibus
733 1837 929 1901 libellis]
980 1834 1333 1900 snpplicatio-

271 1918 441 1968 nibus:
478 1916 843 1980 withpetitions
863 1928 918 1963 or
937 1917 1166 1977 requests.
1227 1912 1332 1962 Do·

269 1996 458 2060 mium]
492 1995 897 2058 Imperatorem.

235 2123 239 2127 ,
323 2076 355 2122 4
392 2073 497 2123 Et
477 2089 530 2122 m
547 2069 785 2136 patriam]
819 2068 1006 2131 Poeta,
1025 2074 1087 2117 nt
1104 2081 1169 2115 ex
1184 2065 1332 2117 Urbe

266 2150 547 2200 maturius
533 2163 592 2198 m
613 2148 836 2212 patriam
855 2145 1042 2195 redeat
1063 2144 1187 2210 (nec
1198 2144 1334 2193 enim

267 2232 372 2276 erat
394 2223 686 2287 Romanus)
710 2231 905 2286 monet,
926 2237 1030 2272 non
1051 2223 1335 2287 impetrato

260 2303 369 2366 jure
392 2305 546 2354 trium
569 2302 886 2361 liberorum3
938 2305 1160 2364 quatuor
1193 2296 1335 2347 domi

265 2390 589 2444 reperturum
623 2394 689 2428 ex
719 2377 977 2427 adulterio
1017 2375 1195 2425 uxoris
1227 2390 1337 2425 sus-

269 2467 461 2524 ceptos.
518 2455 804 2509 Concludit
820 2470 941 2518 ergo
966 2459 1173 2517 argute,
1193 2451 1333 2503 domi

265 2537 591 2588 inventurum
614 2541 672 2585 et
702 2533 943 2598 amplius,
976 2531 1120 2597 quod
1143 2530 1335 2595 quaerit

266 2614 402 2667 floris.
440 2617 576 2666 Rad.
757 2631 764 2636 ·

287 2711 292 2716 ·
323 2703 354 2747 6
389 2699 637 2755 Quattuor
671 2691 906 2756 invenies]
960 2692 1041 2740 Ex
1073 2688 1332 2738 adulterio

265 2775 448 2833 uxoris,
512 2773 717 2823 Milone
775 2783 995 2834 peregre
1061 2765 1331 2832 profecto:

264 2851 586 2915 Epigramm.
606 2853 721 2899 101.
744 2847 835 2897 lib.
859 2851 909 2897 7.

323 2928 789 2978 Epic.xxx11.1
824 2923 959 2974 Δὲηι
991 2937 1081 2986 per
1118 2921 1336 2985 tacitum,

261 3001 363 3066 μη]
403 3001 693 3057 ominatur
733 2999 1011 3063 Aretullae,
1051 2998 1231 3050 fratris
1269 2998 1334 3092 ab

263 3080 415 3129 exilio
433 3080 685 3130 reditum.

322 3161 351 3206 3
383 3158 595 3207 Luserat
618 3156 706 3206 hoe
735 3169 895 3217 casus,
914 3154 1024 3219 θα]
1077 3154 1218 3203 Casu
1242 3153 1333 3203 ali-

263 3249 358 3297 quo
381 3236 531 3285 velut
569 3233 638 3283 ab
678 3234 931 3296 accipitre
971 3240 1095 3281 acta
1132 3232 1333 3281 videre-

265 3318 362 3376 tur,
400 3314 499 3363 nisi
522 3313 657 3363 etin
691 3311 889 3377 gremio
915 3310 1173 3361 Aretullae
1196 3325 1336 3360 man-

265 3390 434 3441 sisset.

319 3472 348 3515 6
375 3466 674 3529 sinaeum-a,
691 3463 795 3529 eya]
825 3464 883 3513 si
905 3462 1162 3513 Aretullae
1176 3461 1336 3513 liceat

260 3557 322 3592 ex
337 3545 432 3594 boc
447 3544 623 3594 omine
636 3557 783 3607 spem
796 3540 1334 3607 aliquam-concipere.

321 3626 355 3671 6
383 3622 672 3683 Dominum,
694 3618 799 3685 qua]
830 3619 1201 3667 Domitianum.

233 3699 240 3712 ³
319 3701 353 3747 7
386 3699 432 3747 Α
455 3697 677 3762 Sardois]
708 3699 754 3747 Ε
775 3696 1035 3758 Sardinia,
1056 3694 1144 3744 ubi
1167 3694 1335 3744 frater

261 3780 393 3839 taus,
434 3791 470 3825 o
516 3775 775 3832 Aretulla‚
814 3775 1012 3825 exulat.
1091 3773 1336 3822 Sardinia

260 3859 430 3901 autem
455 3853 631 3917 gravis
663 3851 850 3912 insula,
879 3849 933 3898 in
958 3863 1113 3914 quam
1137 3850 1335 3911 exules,

262 3936 319 3978 ut
351 3938 409 3979 et
438 3930 495 3979 in
532 3930 759 3993 Gyaros,
791 3928 1153 3977 mittebantur.
1224 3926 1336 3976 Tibi

250 4004 487 4070 for-sitan,
500 4006 606 4071 δῖα]
651 4006 801 4055 Felix
824 4005 1096 4068 augurium
1121 4018 1335 4053 revoca-

262 4089 367 4131 tum
385 4084 460 4132 iri
483 4081 702 4133 fratrem
722 4089 867 4133 tuum
888 4099 901 4131 ε
937 4082 1021 4131 vel
1040 4081 1231 4130 nuncia
1250 4086 1334 4129 est

259 4174 288 4209 a
311 4161 479 4212 frat-re
497 4176 790 4212 reversuro.
856 4158 1033 4225 Atque
1056 4157 1244 4208 alludit
1266 4158 1331 4208 ad

260 4238 528 4292 columbas
545 4240 614 4288 ab
647 4237 824 4288 Hirtio
857 4251 976 4287 cum
1011 4236 1179 4286 literis
1211 4236 1333 4285 mis·

261 4328 360 4378 sas,
411 4316 480 4365 ad
526 4317 744 4365 Brutum
785 4303 1012 4364 Mutinae‘
1052 4314 1330 4365 obsessum.

263 4393 541 4446 Frontinus
557 4395 654 4445 ²lib.
678 4397 727 4444 3.
748 4392 1061 4456 stratagem.

2303 434 2477 500 1307

1473 600 1635 649 Eme.
1659 611 1865 648 xxxin.
1898 598 2163 647 Extenuat
2183 591 2351 643 Paulli
2371 604 2480 642 mu

1408 690 1526 738 nus,
1549 676 1649 727 sibi
1670 675 1904 724 missum.

1475 759 1503 803 1
1536 753 1635 818 De,
1663 755 1746 816 ξε.
1750 750 1774 815 ]
1818 751 2054 800 Phialam
2079 747 2270 798 tenuis·
2266 746 2478 795 lamine

1408 844 1501 879 seu
1524 829 1775 889 bracteae,
1813 831 2165 890 comparatam
2204 821 2481 872 levissimis

1409 906 1816 972 quibuscumque
1849 904 2027 964 rebus,
2059 906 2327 950 extenuat.
2381 899 2482 947 Mi-

1406 985 1521 1035 sisti
1543 985 1686 1048 mihi,
1706 982 2012 1049 (inquiens,)
2028 998 2058 1031 o
2077 981 2282 1043 Psalle,
2297 978 2480 1029 folium

1408 1062 1621 1112 corolloe
1643 1068 1906 1125 argenteae
1944 1074 2043 1124 pro
2081 1057 2272 1122 phiala.
2339 1056 2483 1105 Prae-

1407 1138 1603 1202 toria-ia]
1654 1137 1699 1187 A
1726 1145 1952 1202 praetore
1998 1137 2079 1185 vel
2118 1136 2219 1184 alio
2241 1132 2484 1183 ludorum

1410 1215 1665 1280 praefecto
1686 1215 1881 1264 donata
1907 1214 2114 1264 victori.
2180 1212 2369 1262 Folium
2390 1212 2481 1261 mi-

1407 1294 1481 1355 hi,
1494 1292 1604 1355 δῖα]
1642 1293 1859 1342 Coronae
1877 1290 2260 1355 effingebantur
2276 1303 2341 1336 ex
2358 1302 2484 1338 auro

1403 1362 1748 1436 argentoque,
1779 1369 1836 1418 in
1872 1369 2202 1418 tenuissimas
2241 1366 2484 1417 bracteas

1409 1448 1647 1510 diducto,
1666 1449 1750 1498 vel
1773 1446 1917 1508 folia,
1955 1447 2038 1495 vel
2072 1443 2247 1506 flores,
2286 1444 2371 1493 vel
2392 1442 2485 1493 flo-

1409 1541 1523 1575 rum
1552 1525 1836 1574 cauliculos
1855 1523 2203 1588 exprimente.
2233 1519 2374 1574 Plin.
2393 1520 2486 1571 lib.

1408 1605 1489 1652 22.
1510 1615 1627 1664 cap.
1649 1605 1699 1650 2.
1737 1599 1747 1609 “
2198 1586 2202 1595 “

1473 1684 1503 1729 8
1541 1679 1729 1729 Nebula
1754 1692 1928 1742 pegma
1960 1674 2262 1740 perunctum]
2310 1673 2484 1723 Tenui

1408 1763 1464 1807 et
1501 1756 1684 1808 stibtili
1723 1755 1835 1805 auri
1875 1752 2146 1818 argentive
2181 1750 2338 1814 folio,
2368 1752 2486 1814 gold

1396 1835 1514 1899 soil,
1545 1851 1599 1885 οι·
1619 1835 1764 1884 silvei·
1789 1833 1908 1897 soil,
1947 1846 2051 1898 quo
2082 1831 2298 1880 inducta
2332 1843 2484 1880 orua-

1411 1912 1602 1963 bantur
1625 1918 1884 1976 pegmata,
1906 1909 1974 1959 de
2015 1907 2209 1974 quibus
2235 1908 2414 1973 Epigr.
2434 1911 2486 1957 2.

1407 1990 1542 2041 libro
1554 1991 1802 2054 Spectac.
1832 2001 1975 2036 vers.
1999 1990 2051 2036 2.

1472 2071 1506 2117 4
1547 2068 1689 2117 Unda
1725 2065 1876 2128 croci]
1926 2062 2220 2127 Adspersio
2260 2075 2291 2110 e
2328 2073 2486 2110 croco

1408 2144 1566 2195 misto
1590 2144 1727 2194 dulci
1750 2143 1892 2192 vino.
1927 2140 2112 2205 Epigr.
2135 2143 2184 2188 3.
2205 2137 2300 2188 lib.
2323 2137 2487 2197 Spec-

1410 2223 1572 2273 tacul.
1590 2236 1724 2272 vers.
1747 2223 1799 2269 8.
1852 2216 2052 2268 Dilutis
2077 2223 2251 2265 autem
2276 2227 2489 2277 pegma·

1411 2300 1479 2349 tis
1525 2296 1876 2349 evanescebat
1917 2292 2098 2344 folium
2144 2305 2356 2341 aureum
2395 2303 2488 2339 seu

1409 2384 1715 2440 argenteum
1737 2374 1899 2422 instar
1920 2370 2149 2420 nebulas.

1476 2460 1507 2505 6
1541 2453 1623 2505 An
1639 2451 1810 2514 magis,
1829 2446 1937 2513 ξω]
1971 2446 2057 2500 An
2081 2443 2255 2511 potius
2279 2449 2361 2494 est
2377 2442 2490 2494 baec

1410 2532 1586 2599 phiala
1606 2546 1638 2579 e
1660 2530 1876 2580 bractea
1898 2524 2290 2590 argenti,quam
2314 2536 2492 2571 servus

1409 2608 1598 2673 aliquis
1616 2606 1768 2656 furax
1788 2602 1990 2653 derasit
2010 2616 2044 2650 a
2065 2598 2202 2664 pede
2227 2598 2352 2647 lecti
2375 2588 2496 2646 tui·

1409 2684 1726 2752 Hujusmodi
1783 2696 1911 2731 vero
1974 2678 2205 2729 bracteis
2245 2690 2276 2726 e
2324 2676 2488 2740 ligno,

1409 2766 1589 2827 ebore,
1627 2776 1773 2823 auro,
1794 2761 2033 2823 argento,
2064 2752 2349 2815 testudine,
2386 2752 2493 2800 lec-

1411 2851 1495 2895 tos
1519 2854 1705 2892 ornare
1729 2837 1883 2888 moris
1907 2840 2043 2885 erat.
2077 2833 2221 2882 Suet.
2243 2829 2412 2893 Calig.
2435 2831 2489 2878 2.

1408 2924 1495 2970 82.

1474 3001 1507 3047 7
1541 2996 1639 3045 Illa
1657 2997 1835 3059 potest,
1868 2988 1974 3055 ζα]
2025 2987 2115 3037 Ita
2149 2984 2282 3036 levis
2304 2988 2404 3045 est,
2430 2986 2490 3033 ut

1407 3075 1490 3125 vel
1516 3090 1547 3124 a
1589 3069 1871 3137 papilionis
1911 3064 2162 3116 culicisve
2200 3067 2488 3148 praetervo·

1407 3151 1568 3201 lautis
1589 3149 1712 3199 aere
1735 3146 1962 3211 impulso
1984 3143 2149 3193 etiam
2165 3141 2368 3204 alonge
2387 3136 2491 3201 agi·

1411 3237 1572 3280 tetur.
1593 3224 1933 3292 Hyperbole.

1473 3316 1508 3361 9
1546 3311 1751 3371 Volet-t,
1784 3305 1893 3372 εγω]
1952 3302 2040 3354 ob
2076 3301 2369 3361 levitatem,
2400 3294 2485 3345 vel

1407 3390 1640 3439 lucernae
1658 3398 1906 3449 suspensa
1928 3382 2123 3444 avolat,
2139 3394 2171 3427 a
2193 3390 2387 3442 vapore
2408 3376 2487 3424 lu-

1410 3481 1584 3518 ceruae
1609 3465 1826 3528 agitata.

1475 3549 1540 3593 10
1575 3542 1787 3601 Leviter,
1819 3540 1901 3601 ᾂο.
1905 3535 1929 3600 ]
1980 3531 2165 3586 Cedit
2179 3530 2402 3593 fatiscit,
2443 3527 2488 3577 si

1406 3623 1495 3672 vel
1517 3621 1617 3672 levi
1642 3632 1796 3668 manu
1817 3612 2076 3665 infuderis
2100 3623 2315 3659 merum.

1477 3704 1537 3750 11
1575 3693 1750 3762 Spum]
1801 3691 1968 3742 Tenui
1999 3687 2163 3748 corio,
2186 3689 2378 3744 crusta,
2398 3679 2486 3729 vel

1397 3774 1654 3836 ¹tectorio.
1706 3770 1791 3821 An
1815 3766 1985 3817 forte·
1974 3781 2024 3814 ιιι
2045 3759 2341 3812 deaurando
2363 3772 2487 3820 spu-

1405 3860 1468 3902 to
1490 3849 1775 3902 utebantur
1799 3846 1913 3893 vice
1953 3838 2182 3906 gummi?
2245 3834 2366 3884 Jam·
2391 3834 2490 3882 Ca-

1407 3927 1589 3990 lendis]
1645 3921 1909 3978 Januariis
1946 3915 2168 3969 calend.
2205 3912 2315 3961 ubi
2331 3910 2489 3960 xenia

1408 4007 1693 4056 mittuntur
1731 3996 1987 4065 patronis.
2059 3996 2146 4043 Ca·
2150 3990 2294 4057 vota]
2331 3989 2486 4038 Hunc

1407 4084 1580 4132 locum
1598 4075 1886 4129 illustravit
1908 4084 2140 4122 summus
2162 4067 2397 4130 Scaliger
2417 4063 2486 4114 ad

1404 4158 1690 4210 Tibullum.
1757 4155 1887 4204 Cum
1910 4153 2134 4211 caryota
2154 4145 2316 4208 igitur
2339 4141 2491 4190 simul

1408 4244 1462 4286 et
1482 4247 1651 4285 assem
1675 4226 2015 4296 porrigebant
2033 4233 2306 4287 pauperes.
2346 4218 2481 4267 Nam

1404 4312 1618 4361 ineunte
1655 4319 1790 4356 anuo
1821 4303 1956 4366 stips
1979 4301 2117 4352 Jauo
2140 4295 2481 4348 offerebatun.

1407 4388 1497 4440 Sic
1521 4391 1578 4436 et
1601 4384 1721 4435 Diis
1755 4382 1858 4433 sais
1877 4375 2244 4446 peculiaribus,
2265 4369 2495 4440 singulis
