2985 4937
688 447 766 493 M.
813 445 985 493 VAL.
1030 440 1453 497 MARTlAmS
1499 439 1744 487 EPIGR.
1793 439 1942 487 LlB.
1990 437 2154 485 vul.

318 597 458 643 runt.

320 744 542 795 dedico!
613 746 686 795 Et
724 745 952 808 reposui,
986 749 1085 794 tres
1127 744 1225 793 tria
1259 743 1382 801 dona

314 823 503 872 tribus:
523 876 529 890 1
553 830 613 872 ut
656 837 985 887 unaquaeque
1028 823 1193 873 tribus
1234 835 1380 869 suum

309 904 508 953 donum
534 903 810 953 dedicarit.
845 903 1101 952 Dor-leuas.

374 985 408 1030 6
435 982 543 1030 Nec
558 981 732 1041 minor,
752 980 859 1044 ξω]
894 980 1049 1032 Quod
1070 995 1186 1029 cum
1205 978 1379 1028 licuis-

307 1067 388 1107 set
399 1060 611 1123 ‚iustum
628 1072 782 1121 agere
802 1058 1137 1122 triumphum,
1154 1057 1379 1104 lauream

310 1141 516 1183 tantum
554 1133 676 1186 -Jovi
712 1134 1008 1197 Capitolino
1029 1132 1208 1180 maluit
1228 1129 1380 1180 infer·

307 1225 381 1261 re.
453 1213 580 1273 Vei,
614 1218 673 1261 ut
710 1209 943 1262 Raderns
979 1209 1227 1272 exponit:
1265 1208 1379 1258 Nec

307 1293 475 1341 minus
515 1289 748 1340 celebris·
779 1290 891 1337 haec
926 1295 1018 1336 tua
1050 1287 1154 1334 erit
1184 1287 1378 1349 laurea,

307 1383 411 1431 qua
448 1381 635 1432 pacem
663 1367 857 1431 populo
880 1367 1114 1414 Romano
1136 1363 1379 1426 attulisti,

305 1459 367 1494 ac
389 1446 436 1494 si
457 1444 1027 1508 magnificentissimum
1062 1441 1376 1506 triumphum

307 1524 527 1587 egisses.

351 1606 398 1650 ’7
426 1601 575 1658 Quod
591 1600 682 1649 :ibi
697 1602 772 1661 de,
785 1598 893 1662 asa]
913 1599 1082 1650 Quam
1105 1597 1240 1646 bene
1259 1611 1375 1645 sen-

303 1677 372 1727 tis
411 1677 479 1727 de
516 1677 719 1727 civibus
760 1678 882 1739 tuis,
918 1690 1071 1741 quum
1108 1675 1281 1724 credis
1319 1682 1374 1724 te

299 1766 405 1804 non
447 1755 653 1804 minore
694 1753 1038 1803 admiratione
1083 1751 1197 1801 fore
1235 1752 1374 1816 apud

302 1840 438 1895 tuos,
464 1833 652 1882 laurea
674 1838 875 1881 tantum
898 1832 1084 1892 relata,
1109 1844 1170 1878 ac
1196 1830 1238 1878 si
1263 1830 1373 1893 ple-

297 1924 419 1960 num
435 1912 758 1974 triumphum
775 1908 999 1973 egisses?
1017 1907 1222 1957 sciebas
1235 1907 1373 1956 enim

302 1990 425 2054 qnid
453 1990 523 2038 de
549 1996 601 2037 te
626 1989 791 2036 Roma
811 1987 1047 2035 sentiret.

363 2075 397 2119 8
432 2071 595 2119 Nosse
612 2065 741 2129 suos]
767 2064 1067 2114 'Benevolos
1100 2062 1295 2111 animos
1318 2067 1375 2111 et

302 2161 534 2195 amorem
570 2144 894 2194 subditorum
932 2156 1138 2191 suorum
1164 2155 1290 2206 erga
1316 2155 1373 2189 se

298 2231 524 2286 propter
546 2222 678 2270 bene
701 2220 886 2269 merita
909 2224 1212 2280 agnoscere.

362 2301 536 2349 Eme.
561 2311 677 2349 xvi.
712 2302 744 2347 2
780 2298 919 2346 Nunc
939 2308 1103 2345 causas
1122 2295 1246 2357 agis,
1265 2292 1376 2356 asa]

300 2378 436 2428 Nam
475 2377 611 2426 facis
645 2388 850 2439 panem,
888 2375 1010 2422 dum
1040 2387 1223 2423 causas
1247 2373 1376 2435 agis,

300 2465 355 2508 et
390 2457 630 2506 ducenta
660 2452 873 2518 quaeris,
908 2464 1020 2517 quse
1055 2449 1153 2500 tibi
1188 2455 1374 2498 contra

296 2535 467 2599 legem
474 2532 730 2594 Cinciam,
741 2532 866 2582 licet
876 2529 1155 2586 immerito,
1169 2527 1372 2576 solvun-

300 2621 404 2662 tur.
477 2611 632 2663 Facis
659 2613 816 2660 etiam
848 2607 1087 2666 farinam,
1107 2605 1228 2654 dum
1255 2617 1374 2653 cou-

297 2692 455 2740 sumis
481 2690 622 2754 qnod
644 2690 779 2738 male
800 2686 1097 2753 quesivisti.
1140 2684 1276 2734 Nam
1291 2683 1373 2732 fa-

255 2782 264 2790 ’
297 2769 430 2829 rina,
459 2768 588 2815 dum
610 2773 869 2827 saccatur,
887 2761 1074 2812 defluit
1097 2769 1152 2811 et
1177 2774 1269 2825 per
1293 2758 1369 2810 fo-

301 2846 507 2894 ramina
532 2842 759 2892 labitur:
796 2842 888 2903 ita,
910 2840 1046 2903 quod
1070 2838 1206 2887 male
1229 2851 1371 2901 quae-

298 2924 440 2983 sivit,
480 2920 792 2985 deperditur
829 2926 883 2967 et
919 2915 1205 2966 evanescit.
1239 2915 1367 2963 Dor-

296 3002 444 3050 leans.
516 2997 843 3058 Opulescere
864 2997 940 3045 vis
961 3005 1016 3046 et
1044 3009 1156 3044 rem
1192 2992 1369 3042 facere

300 3092 367 3127 ex
390 3075 593 3127 causis:
625 3074 714 3123 sed
734 3073 864 3122 nihil
887 3071 983 3121 tibi
1005 3070 1208 3120 feiicius
1231 3084 1367 3119 nuuc

300 3155 446 3204 cedit
472 3153 664 3216 forum,
696 3165 848 3217 quam
879 3148 1032 3198 modo
1053 3149 1365 3212 pistrinum:

299 3233 547 3297 namque,
580 3239 641 3280 ut
663 3229 736 3279 ibi
757 3227 973 3282 farinam
999 3226 1258 3292 pinsebas‚
1280 3224 1368 3273 de-

299 3310 420 3359 inde
446 3321 637 3372 panem
660 3304 994 3367 confidebas,
1024 3318 1057 3353 e
1082 3305 1227 3367 cnjus
1253 3317 1369 3366 pre-

301 3388 374 3436 tio
399 3400 577 3435 rursus
600 3382 818 3432 farinam
842 3381 1177 3444 comparasti,
1211 3390 1369 3445 atque

300 3466 434 3513 adeo
468 3464 521 3512 in
546 3463 792 3512 circulum
815 3455 1292 3516 laboransvivebas
1315 3456 1368 3504 in

300 3545 436 3592 diem
460 3558 475 3602 ;
512 3542 585 3589 ita
607 3541 691 3589 hic
715 3538 928 3604 quaeris,
964 3537 1152 3586 deinde
1185 3548 1368 3585 consu-

302 3622 418 3681 miS,
443 3633 621 3668 rursus
645 3617 913 3677 mutuaris,
934 3618 1035 3663 ὅτε.
1151 3613 1156 3620 ’

368 3698 531 3746 Eme.
570 3707 715 3743 xvii.
766 3693 895 3741 Plus
929 3691 1030 3740 sibi
1071 3689 1255 3739 deberi
1294 3688 1369 3737 ait

297 3773 566 3822 Martialis
588 3771 655 3820 ob
684 3769 917 3817 amissam
944 3780 1193 3826 caussam,
1214 3778 1367 3829 quam

301 3850 571 3898 obtentam
592 3864 605 3896 :
657 3845 794 3912 quia,
833 3844 1019 3907 inquit,
1058 3852 1148 3890 tua
1187 3855 1370 3889 caussa

303 3925 508 3985 erubui,
530 3923 668 3989 quod
703 3917 907 3985 gravius
929 3927 1031 3978 est,
1055 3919 1271 3983 quamsi
1295 3920 1367 3966 vi-

302 4002 507 4063 cissem,
526 4011 582 4049 et
604 3999 818 4049 fuissem
842 3998 1076 4048 laudibus
1094 4001 1367 4046 mactatus.

370 4160 400 4204 8
424 4154 659 4205 Nam-asti
678 4152 818 4215 nihil,
833 4150 942 4216 qa]
965 4151 1110 4200 Dicis
1129 4161 1212 4199 me
1233 4149 1370 4199 male

303 4233 471 4294 egisse
491 4242 545 4280 et
568 4245 799 4281 caussam
816 4228 1122 4294 prodidisse.

371 4314 401 4359 4
425 4307 579 4360 Tanto
599 4309 707 4373 plus
725 4308 879 4371 debes,
897 4306 1006 4370 asa]
1035 4306 1103 4355 >In
1115 4305 1365 4355 solatium

2351 420 2527 495 13⁰ss

548 591 777 656 Reposui
813 597 987 645 autem
1025 590 1205 652 dicant,
1241 587 1381 653 quod
1438 585 1711 637 dedecoris
1730 585 1830 636 mei
1851 591 1908 635 et
1922 585 2150 648 jacturae
2163 582 2340 645 famae,
2355 596 2527 650 qum

317 678 559 717 votorum
580 669 797 718 verbum
818 677 957 717 esset
975 669 1209 728 solenne,
1241 667 1256 693 ‘
1282 667 1385 727 Do,

1459 679 1525 714 ex
1547 679 1729 714 caussa
1751 671 1844 714 tua
1865 661 2106 712 sustinui.
2498 700 2501 705 .

1526 742 1685 791 EP1G.
1709 753 1881 790 xviu.
1919 742 1944 788 1
1972 739 2055 789 Sic
2075 737 2182 801 tua]
2207 737 2469 790 Gruterus
2493 753 2523 789 e

1458 819 1588 869 Mss.
1611 820 1698 869 ubi
1720 828 1776 868 et
1791 833 1884 866 nos
1906 816 2212 877 invenimus,
2234 815 2294 865 Εἰ
2314 821 2398 865 tua
2413 833 2431 867 :
2466 824 2525 867 et

1456 912 1569 963 seq.
1615 913 1688 946 vs.
1730 896 1814 946 Vel
1848 911 2044 956 mecm,
2084 900 2140 944 et
2171 901 2330 943 sexto
2369 908 2523 943 versu

1453 974 1580 1036 legit
1603 976 1888 1037 nossee,boc
1909 987 2091 1022 sensu:
2127 971 2184 1021 Si
2223 979 2300 1033 tu,
2329 971 2520 1035 inquit,

1455 1051 1752 1114 publicai-es
1785 1051 2178 1114 Epigrammata
2204 1056 2313 1110 tna,
2347 1050 2428 1098 vel
2452 1065 2521 1099 ie-

1455 1143 1557 1192 que
1580 1143 1820 1192 maguum
1843 1143 2029 1177 nomen
2050 1128 2100 1176 iu
2124 1142 2188 1177 eo
2222 1141 2411 1188 genere
2444 1133 2523 1175 at-

1454 1221 1555 1271 que
1587 1221 1685 1270 ego
1724 1211 2033 1255 consecutus
2068 1219 2203 1264 sum,
2238 1203 2322 1252 vel
2361 1204 2522 1267 maius

1454 1284 1612 1333 etiam
1632 1297 1978 1346 comparares.
2046 1281 2150 1331 Sed
2177 1289 2233 1330 tu
2255 1295 2336 1330 me
2361 1282 2441 1331 sie
2468 1297 2520 1330 a·

1451 1377 1586 1423 mas,
1607 1372 1666 1412 ut
1689 1362 1785 1411 tibi
1811 1361 1909 1424 ipsi
1940 1360 2012 1409 sis
2046 1361 2273 1424 iniquus,
2306 1365 2366 1408 ut
2401 1348 2539 1422 pre-⁵

1451 1453 1564 1487 mas
1584 1447 1692 1498 tua,
1706 1447 1760 1487 et
1781 1438 1899 1486 mihi
1917 1437 2013 1487 soli
2031 1452 2143 1486 eam
2157 1435 2520 1486 famam-relin-

1447 1530 1608 1580 quas:
1642 1517 1715 1564 ita
1751 1514 1916 1577 major
1952 1527 2086 1572 sum,
2118 1513 2240 1576 quia
2264 1520 2318 1562 te
2337 1526 2517 1575 ⁴parem

1452 1607 1570 1642 esse
1608 1591 1896 1655 ignoratur.
1964 1590 1978 1616 ‘
2004 1590 2199 1639 Nosset
2239 1589 2523 1653 superare’

1452 1671 1608 1719 etiam
1630 1669 1942 1733 exquisitum
1963 1674 2045 1715 est
2066 1683 2078 1715 :
2115 1666 2300 1728 virgil.
2338 1667 2391 1715 iu
2415 1667 2519 1717 Cu-

1451 1748 1586 1797 lice:
1620 1750 1636 1775 ⁴
1656 1748 1857 1811 Dignus
1880 1759 2024 1793 amor
2041 1744 2208 1804 venia,
2234 1757 2448 1806 parvum
2474 1744 2517 1792 si

1448 1828 1674 1876 'l‘artara
1695 1832 1909 1875 nossent
1929 1824 2211 1873 Peccatum
2228 1820 2520 1886 ignovisse:

1451 1908 1663 1956 Gronov.
2418 1902 2425 1911 ⁸

1512 1988 1546 2034 2
1587 1984 1673 2034 Vel
1699 1997 1892 2043 mecm,
1916 1981 2025 2045 ξω]
2060 1981 2272 2031 Bonane
2306 1979 2518 2029 brecti-

1449 2061 1553 2111 de?
1587 2075 1652 2109 an
1685 2059 1914 2109 ironice?
1954 2058 2160 2107 videtur
2195 2071 2319 2107 sane
2358 2065 2414 2106 et
2449 2072 2517 2107 ex

1450 2140 1640 2197 animo,
1688 2144 1911 2199 propter
1954 2134 2252 2197 exemplum
2291 2133 2517 2197 Virgilii.
2576 2152 2579 2155 ’

1450 2215 1603 2264 Prior
1637 2215 1739 2277 ipse
1774 2212 1890 2276 legi]
1938 2209 2132 2274 Majori
2170 2209 2326 2261 lande
2363 2223 2517 2274 quam

1450 2307 1599 2355 ego.»
1656 2330 1663 2343 ,

1517 2374 1547 2419 3
1582 2369 1681 2418 Sed
1701 2367 1793 2416 tibi
1814 2371 1998 2425 tantus,
2029 2363 2133 2430 qa]
2167 2364 2285 2414 Hac
2316 2363 2518 2413 modes-

1451 2447 1527 2496 tia
1550 2453 1606 2496 et
1624 2445 1857 2495 ¹amicitia
1876 2444 2119 2492 inductus
2135 2440 2385 2503 Virgilius
2406 2454 2518 2489 ces-

1450 2527 1521 2575 sit
1537 2525 1759 2574 Horatio
1782 2523 1930 2586 lyrici
1953 2520 2195 2570 carminis
2219 2517 2442 2580 laudem,
2463 2524 2519 2569 et

1449 2603 1611 2652 Vario
1648 2600 1783 2665 epici
1823 2589 2087 2655 carminis,
2124 2596 2206 2652 vel
2241 2595 2514 2658 tragoediae

1447 2678 1695 2743 gloriam:
1732 2689 1850 2725 cum
1880 2674 2026 2722 illum
2055 2670 2353 2721 Pindaricae
2386 2672 2516 2733 lyrae

1450 2754 1635 2816 modis,
1651 2753 1788 2801 hunc
1801 2749 2079 2813 Sophoclei
2096 2747 2339 2797 cothurni
2361 2747 2519 2796 subli-

1447 2834 1635 2881 mitate
1659 2830 1842 2879 vicisse
1867 2825 2057 2891 potuit.
2116 2824 2333 2873 Varium
2357 2824 2518 2887 siqui-

1448 2909 1566 2958 dem
1586 2921 1646 2957 ut
1663 2907 1868 2972 epicum
1885 2913 1942 2954 et
1965 2901 2180 2952 Maeonii
2203 2900 2341 2950 alitis
2357 2915 2519 2950 aemu-

1423 2988 1554 3036 *lum
1577 2986 1722 3042 canit
1743 2982 1990 3034 Horatius
2014 2979 2134 3030 Ode
2151 2982 2202 3027 6.
2235 2977 2322 3028 lib.
2357 2982 2404 3028 1.
2438 2978 2518 3027 ita

1449 3066 1593 3114 Varii
1630 3061 1945 3128 ‚tragoediam
1992 3058 2256 3124 Thyesten
2296 3053 2515 3104 cuilibet

1421 3143 1753 3193 -Graecorum
1777 3143 2047 3201 comparat
2072 3132 2294 3188 Quintil.
2318 3130 2410 3181 lib.
2437 3135 2516 3180 10.

1448 3224 1908 3355 eng-jurwmssm]
1968 3290 2136 3340 Censu
2177 3301 2249 3354 se*
2272 3285 2385 3335 aliis
2423 3284 2514 3332 ha-

1447 3373 1559 3424 beri
1581 3372 1854 3421 inferiores
1878 3367 2053 3416 ferunt
2073 3377 2176 3413 non
2200 3362 2382 3426 pauci:
2418 3360 2512 3409 sed

1447 3466 1597 3501 nemo
1614 3450 1730 3499 fere
1751 3453 1834 3497 est
1853 3446 1941 3510 qui
1965 3458 2023 3491 se
2047 3442 2215 3491 altero
2247 3439 2414 3488 minus
2438 3438 2513 3485 in-

1448 3530 1711 3594 geniosum
1734 3524 1890 3573 fater-i
1910 3520 2056 3570 velit.

1512 3605 1672 3654 Eme.
1691 3613 1818 3652 xix.
1852 3600 2020 3649 Cinna
2039 3596 2127 3645 hic
2144 3593 2266 3643 vere
2292 3606 2512 3656 pauper,

1444 3682 1591 3747 quasi
1633 3677 1984 3729 dissimularet
2028 3687 2176 3734 opes,
2217 3667 2516 3717 ostentabat

1445 3773 1667 3825 pannos,
1689 3764 1747 3806 et
1771 3758 2133 3819 paupertatem
2164 3760 2326 3809 nsque
2341 3743 2514 3807 jacta-

1443 3839 1556 3898 bat,
1578 3842 1636 3884 ut
1660 3833 1808 3883 stuiti
1832 3838 1887 3879 et
1907 3826 2040 3877 ebrii
2062 3823 2306 3874 simulare
2330 3819 2511 3868 volunt

1445 3930 1549 3963 non
1596 3927 1713 3961 raro
1758 3906 2037 3959 stultitiam
2081 3910 2136 3950 et
2181 3900 2512 3958 ebrietatem,

1441 4007 1561 4041 rum
1597 3992 1671 4040 nil
1692 4001 1821 4051 opus
1855 3985 1923 4033 sit
1959 3977 2303 4031 simulatione.
2373 3972 2510 4022 Vide

1443 4069 1628 4132 Epigr.
1651 4068 1732 4114 83.
1756 4061 1846 4112 lib.
1872 4064 1956 4109 11.

1510 4147 1668 4195 Eme.
1703 4154 1803 4190 xx.
1836 4138 2032 4187 Varum
2075 4128 2404 4181 schediasteu
2443 4127 2512 4176 si-

1439 4223 1549 4273 mul
1565 4221 1639 4271 ait
1657 4231 1839 4281 sapere
1861 4221 1917 4264 et
1935 4210 2209 4273 desipere:
2246 4205 2511 4270 desipere,

1439 4299 1577 4368 quod
1602 4297 1796 4348 frustra
1827 4292 2056 4354 laboret,
2078 4294 2137 4339 et
2167 4283 2400 4352 quotidie
2434 4281 2510 4332 ef-
