2985 4937
673 387 752 474 ιξι.
804 426 976 476 viu..
1021 425 1443 477 usmisms
1494 427 1739 480 spica.
1789 428 1933 479 ms.
1983 430 2093 480 ιιι.

340 572 374 621 8
405 569 635 633 Vareno,
658 571 957 636 Eridu-aque
970 571 1222 634 pieriam,
1242 569 1351 634 ξω]

280 644 443 696 Locus
466 645 642 696 dubiae
682 646 839 710 plane
882 644 1143 709 sanitatis,
1183 660 1249 695 ne
1272 645 1348 695 di-

276 736 385 775 cam
407 723 718 787 deplorate,
733 724 817 773 cui
839 722 1200 789 restituendae,
1231 728 1349 787 post

277 800 496 850 Criticos
521 815 703 849 omnes
724 800 1350 864 majornmminorumque

276 875 508 940 gentium
525 876 866 959 Machaqas,
881 890 1086 927 manum
1102 876 1352 940 admovit,

275 951 473 1001 utinam
498 952 790 1014 Paeoniam,
832 952 914 1002 ci.
954 954 1059 1003 Ph.
1081 952 1352 1004 Cluverius

224 1024 229 1031 “
272 1028 324 1078 iu
348 1043 515 1091 opere
539 1027 954 1099 elaboratissimo
977 1028 1350 1079 laudatissimo-

274 1121 372 1169 que
394 1106 558 1157 Italia
580 1107 808 1170 antiqua.
874 1107 928 1157 Is
967 1104 1102 1157 infra
1134 1107 1352 1156 Imolam

270 1181 463 1244 (forum
496 1182 888 1248 >Corneliisque
913 1183 1026 1248 jam
1067 1187 1354 1237 secesserat

274 1259 459 1321 Poeta,
482 1266 548 1309 ut
574 1259 690 1323 ipse
712 1267 941 1311 testatur
961 1258 1133 1323 epigr.
1155 1263 1201 1308 l.
1222 1265 1279 1308 et
1299 1261 1351 1307 4.

274 1335 452 1402 supra)
504 1337 800 1389 Vatrenum
848 1335 1136 1389 lentissime
1187 1332 1353 1384 fluere

271 1414 474 1476 asserit,
498 1422 561 1463 nt
585 1420 641 1463 et
656 1412 791 1464 Padi
807 1414 1032 1474 alveum,
1066 1425 1221 1476 quem
1246 1403 1351 1460 Va·

270 1496 449 1541 trenus
494 1498 680 1554 auget,
713 1490 925 1554 proprie
967 1495 1210 1539 vocatum
1234 1486 1350 1536 Eri·

273 1570 483 1632 dantum,
508 1568 563 1618 in
588 1574 776 1632 stagna
796 1582 852 1616 se
875 1565 1188 1617 diffundere.
1209 1563 1352 1613 Vide

272 1646 338 1696 sis
377 1645 556 1711 ipsum
592 1644 629 1695 l.
665 1648 714 1694 1.
749 1659 796 1694 c.
817 1648 904 1695 85.
970 1643 1249 1702 Gruterus,
1283 1654 1350 1691 ex

274 1722 448 1773 Palat.
469 1720 625 1784 legit,
664 1721 869 1771 Vaterno
895 1719 1163 1781 Resinaqae
1194 1716 1350 1780 pigri-

272 1813 390 1861 ores,
412 1797 650 1863 dicitque
671 1811 785 1846 esse
811 1796 913 1846 duo
936 1798 1144 1845 nomina
1159 1793 1352 1843 rivulo·

275 1890 383 1929 rum
409 1889 547 1940 quos
568 1873 849 1938 navigabat
870 1872 1148 1923 Martialis.
1219 1871 1350 1921 Tur-

276 1951 437 2003 nebus
463 1954 503 2002 l.
524 1956 603 2001 13.
638 1955 782 2003 c.19.
814 1966 932 2002 cum
971 1949 1146 2013 Lipsio
1181 1948 1350 2011 legit:

282 2030 559 2091 Veientanae,
576 2028 796 2091 asiaeque
812 2027 1066 2092 pig-riores.
1100 2026 1220 2078 Hoc
1233 2040 1348 2074 sen-

277 2121 368 2157 ωε
404 2104 556 2159 Quid
567 2105 802 2166 cessatis,
816 2103 938 2170 quid
958 2102 1129 2167 agitis,
1148 2101 1350 2152 nautae?

276 2183 399 2235 nihil
413 2183 609 2245 mostis,
625 2189 716 2233 aut
733 2180 1063 2245 promovistis
1082 2179 1352 2241 hactenus,

276 2259 573 2324 Vejentone
591 2259 679 2308 illo
698 2264 990 2317 veternoso,
1005 2262 1062 2305 et
1082 2255 1226 2305 lenta
1258 2254 1354 2304 asi·

274 2351 339 2387 na
356 2335 638 2400 pigriores.
659 2335 693 2386 J
699 2333 1098 2397 nvenal.Satyra
1111 2336 1160 2383 8.
1179 2330 1280 2381 ‘Ut
1298 2339 1351 2381 te

278 2413 537 2479 respiciat
554 2411 965 2476 clausaVejento
983 2407 1210 2460 labello.'
1245 2408 1351 2458 Sed

278 2489 602 2541 Ramiresius
628 2490 892 2552 vulgatam
925 2486 1203 2537 lectionem
1227 2486 1351 2537 reti·

278 2575 368 2618 net
392 2584 409 2615 ε
471 2566 676 2616 Veterum
712 2566 954 2629 resinaque
987 2564 1226 2628 pigriores
1240 2579 1259 2612 .-
1298 2568 1355 2613 ut

278 2644 348 2696 sit
379 2642 675 2708 hyperbole
697 2657 716 2703 ;
749 2649 993 2693 veternus
1013 2641 1150 2691 enim
1173 2648 1355 2706 torpor

280 2730 363 2773 est
400 2720 569 2771 somni
592 2719 837 2769 morbosi.
903 2718 989 2768 Sic
1021 2724 1352 2768 veternosum

280 2787 575 2864 appeliant,
616 2796 754 2862 quod
793 2794 1124 2859 pigerrimum
1161 2799 1243 2844 est
1296 2800 1356 2843 et

280 2876 427 2942 quasi
468 2880 685 2925 veterno
730 2879 1062 2936 occupatum.
1160 2869 1355 2920 Resina

284 2968 407 3004 vero
426 2968 524 3004 sua
549 2953 840 3003 tenacitate
863 2954 919 3000 et
941 2949 1252 3000 lentitudine
1274 2949 1353 3013 pi·

285 3030 513 3094 gerrima
530 3036 610 3079 est
633 3044 651 3089 ς
686 3027 772 3078 vel
787 3025 925 3092 qnod
951 3027 1065 3091 ipsa
1087 3038 1183 3090 per
1205 3025 1353 3074 arbo-

288 3122 397 3159 rum
410 3113 628 3157 truncos
644 3103 928 3155 lentissime
943 3100 1094 3163 fiuat;
1112 3102 1196 3150 vel
1212 3099 1354 3167 quod

290 3183 543 3235 detineat.
582 3183 673 3232 -Et
691 3196 787 3247 pro
807 3183 1020 3238 Quorum
1041 3178 1172 3244 legit
1198 3180 1353 3235 Quor-

287 3277 407 3327 sum,
428 3276 549 3313 cum
588 3268 715 3312 nota
738 3257 1179 3322 interrogationis,
1217 3263 1275 3307 et
1295 3257 1357 3307 fit

290 3353 467 3391 sensus
486 3339 836 3405 planissimus.
894 3339 1153 3399 Quorsum,
1176 3337 1229 3387 id
1257 3344 1358 3400 est,

293 3431 391 3481 quo
414 3416 521 3467 fine
566 3415 716 3480 pueri
749 3414 1056 3479 navigantes
1086 3429 1181 3478 per
1222 3414 1358 3464 vada

293 3493 463 3556 tarda,
497 3492 641 3543 nulla
675 3491 724 3542 vi
767 3489 974 3541 fluentis
999 3507 1145 3556 aquae
1177 3491 1363 3555 adjuti,

294 3569 414 3627 dum
448 3584 751 3636 promovere
776 3584 833 3636 se
853 3583 883 3618 a
898 3582 1153 3618 remorum
1175 3568 1357 3631 impul-

299 3647 441 3697 sione
476 3647 546 3696 sit
586 3661 818 3708 necesse,
854 3652 1100 3709 tanquam
1132 3645 1285 3694 otiosi
1305 3650 1360 3695 et

298 3722 555 3787 ludentes,
573 3722 769 3787 tingitis
791 3723 843 3772 in
863 3737 996 3787 aqna
1027 3737 1214 3786 remos,
1232 3722 1361 3772 leni.-

299 3802 592 3852 ter'motos
630 3815 729 3849 nec
750 3800 994 3863 impulsos
1036 3798 1360 3849 brachiorum

301 3878 370 3940 vi,
410 3878 478 3927 ad
501 3892 738 3927 numeros
782 3875 1113 3927 celeusmatis
1147 3891 1362 3943 exspec-

300 3960 475 4005 tantes
497 3960 698 4018 cantus,
723 3956 826 4005 διο.
869 3953 1104 4003 Ramires.

362 4035 396 4081 4
451 4032 694 4098 Celeia-rma
733 4029 908 4094 remos]
977 4031 1267 4081 Clamorem
1307 4033 1365 4080 et

302 4106 641 4158 hortationem
656 4107 941 4170 nauticam,
956 4121 1058 4171 qua
1072 4120 1126 4155 se
1144 4105 1365 4155 invicem

308 4191 496 4247 nautae,
525 4184 613 4235 vel
636 4184 749 4234 illos
792 4184 1042 4234 celeustae
1076 4183 1365 4233 hortantur.

310 4267 366 4309 ut
386 4262 570 4311 nostris
595 4278 608 4310 2
653 4260 762 4322 Via,
782 4261 879 4322 via,
898 4260 1082 4323 cheerly
1104 4265 1268 4308 males.

370 4342 399 4385 5
433 4339 590 4386 Prono
625 4336 924 4386 Phaethonte
944 4334 1109 4399 sudat]
1144 4335 1193 4385 A
1214 4336 1365 4386 meri-

434 4420 609 4484 Delph.
627 4423 674 4469 et
706 4418 821 4469 Var.
845 4419 971 4469 Clas.

1327 4419 1554 4470 Martial-

2313 418 2484 488 1185

1421 570 1511 627 die
1552 572 1662 622 sola
1697 571 1992 627 inclinante.
2054 573 2259 639 AEtleon]
2291 576 2482 626 Unusa

1421 647 1555 697 Solis
1575 648 1734 712 equis.

1438 780 1443 783 ,
1488 729 1519 774 7
1571 724 1885 791 Ιιιεοήιιιιςίι]
1948 726 2208 790 Sejnngit,
2247 726 2485 793 abjungit

1424 801 1611 865 qnietis
1633 817 1833 853 caussa.
1899 803 2034 854 Vide
2055 819 2140 869 ep.
2157 806 2255 861 ed.
2276 809 2326 856 2.
2352 820 2481 856 vers.

1488 961 1523 1006 9
1561 957 1683 1008 Tuta
1709 959 1880 1009 *luditis
1894 961 2043 1009 otiam
2067 958 2254 1021 manc]
2286 958 2481 1008 Mirum

1425 1041 1510 1084 est
1529 1035 1757 1097 potuisse
1794 1036 1878 1085 hic
1922 1035 2103 1085 doctos
2138 1035 2273 1089 viros
2303 1036 2479 1099 legere

1425 1114 1545 1158 tato
1575 1111 1771 1172 carina,
1804 1118 1859 1161 et
1879 1111 2116 1162 dubitare
2140 1126 2206 1161 an
2237 1111 2362 1165 satis
2384 1113 2483 1165 Ln-

1425 1185 1537 1236 tine
1552 1186 1758 1237 dicatur
1771 1188 1928 1239 ludere
1949 1189 2115 1253 uiam,
2142 1196 2201 1239 et
2218 1189 2365 1241 otiam
2400 1204 2479 1243 cs·

1424 1263 1546 1312 νίκα
1587 1263 1928 1327 interpretari
1964 1265 2105 1329 ipsos
2149 1266 2243 1315 hos
2275 1272 2480 1317 nautas.

1427 1340 1567 1388 Ecce
1601 1349 1657 1388 et
1679 1339 1766 1388 alii
1790 1338 2034 1403 displicet
2051 1345 2184 1404 tata,
2206 1342 2484 1406 placetque

1424 1418 1562 1466 tarde
1584 1422 1640 1466 ct
1656 1415 1780 1481 quid
1803 1416 1988 1467 simile.
2056 1417 2129 1466 At
2152 1417 2275 1482 quid
2297 1419 2482 1473 melius

1427 1491 1651 1542 omnium
1674 1492 1919 1542 librorum
1942 1494 2254 1557 scriptorum
2277 1500 2332 1542 et
2375 1493 2482 1559 edi-

1426 1578 1596 1623 torum
1609 1573 1868 1634 scriptura
1889 1573 1908 1620 ?
1959 1572 2066 1622 Vos
2089 1573 2138 1621 in
2157 1577 2266 1621 tutu
2286 1579 2341 1622 et
2355 1572 2483 1623 nihil

1426 1648 1759 1713 periclitante
1796 1654 2014 1712 propter
2059 1648 2285 1710 placidas
2320 1648 2483 1698 undas

1423 1726 1608 1786 mrim,
1637 1724 1804 1775 luditis
1833 1724 1999 1786 otium,
2038 1723 2091 1774 id
2126 1731 2228 1788 est,
2248 1725 2483 1774 utiamini

1425 1800 1687 1861 ludentes,
1723 1799 1903 1849 luditis
1950 1815 2045 1864 per
2073 1801 2264 1861 otium,
2303 1800 2482 1851 luditis

1425 1878 1610 1928 otiose.
1675 1877 1862 1927 Ludere
1903 1892 2092 1941 operam
2133 1883 2215 1926 est
2254 1876 2480 1927 ludendo

1425 1968 1728 2004 consumere
1746 1969 1980 2018 operam,
2000 1969 2090 2003 sen
2115 1954 2254 2004 iuter
2269 1967 2482 2018 operam

1425 2029 1612 2080 ludere
1630 2046 1646 2078 ε
1672 2031 1748 2079 sic
1766 2031 2096 2093 merentium,
2119 2030 2345 2080 ludendo
2362 2044 2486 2079 con-

1425 2115 1598 2159 terere
1619 2107 1805 2171 otium,
1817 2122 1910 2157 seu
1923 2107 2062 2158 inter
2076 2108 2238 2157 otium
2255 2114 2312 2158 et
2329 2106 2487 2157 ferias

1425 2184 1626 2234 ludere.
1667 2183 1811 2235 Nihil
1831 2184 1915 2235 hic
1929 2183 2256 2234 incommodi.
2298 2184 2484 2234 Grono-

1424 2261 1547 2311 vius.
1626 2260 1762 2311 2312oe
1778 2261 1963 2324 luditis,
1981 2260 2090 2326 ξω]
2132 2260 2217 2310 lta
2231 2260 2294 2311 P.
2312 2260 2486 2314 ScriV.

1426 2344 1486 2387 ut
1509 2336 1646 2402 pigri
1669 2344 1841 2387 nantoe
1858 2345 2109 2387 vocentur
2124 2338 2275 2387 ocium
2289 2339 2486 2388 carina.

1426 2414 1532 2466 Sed
1562 2429 1655 2479 pro
1694 2419 1812 2464 tutte
1850 2413 2177 2464 desideratur
2215 2414 2487 2478 epitheton
2527 2432 2532 2439 ·

1426 2492 1760 2558 apposititius
1780 2494 1953 2554 tardae,
1971 2500 2061 2541 aut
2081 2491 2122 2541 si
2145 2491 2267 2555 quid
2284 2491 2468 2543 simile.

1498 2573 1559 2619 1⁰
1590 2568 1918 2631 Argonautas]
1941 2567 2096 2617 Ludit
2113 2567 2166 2616 in
2182 2581 2309 2617 voce
2325 2567 2486 2630 Argo-

1426 2650 1606 2709 nuatoe,
1624 2644 1768 2709 quasi
1790 2643 1951 2707 dicat,
1969 2643 2092 2693 estis
2113 2643 2268 2707 pigri,
2290 2643 2486 2693 inertes

1429 2722 1593 2789 (qnod
1622 2720 1757 2786 ἀργοὶ
1774 2719 1949 2785 sonat)
1982 2727 2289 2785 nautae,non
2304 2719 2488 2771 heroc's

1427 2799 1508 2848 illi
1528 2797 1672 2862 Argo
1708 2797 1847 2847 vecti
1871 2796 1938 2848 ad
1975 2811 2186 2846 aureum
2208 2796 2373 2846 vellus
2395 2811 2486 2861 pe-

1431 2875 1662 2925 tendum.

1492 2955 1653 3004 Eme.
1696 2965 1895 3003 vam.
1940 2949 2024 3001 Aa
2045 2952 2320 3001 Matr-onam
2349 2950 2487 3015 pudi-

1427 3030 1553 3094 cum]
1572 3029 1988 3080 Admonitionem
2001 3028 2230 3078 continet
2253 3027 2319 3077 ad
2342 3026 2490 3092 pudi-

1428 3122 1519 3158 cas
1577 3113 1857 3167 matronas,
1895 3120 1960 3155 ne
2007 3104 2275 3169 sequentia
2312 3103 2491 3167 legant

1428 3183 1834 3248 Epigrammata,
1864 3180 1999 3247 quod
2033 3187 2349 3245 praetextata
2370 3179 2491 3241 sint,

1429 3272 1528 3309 nec
1545 3259 1699 3324 digna
1720 3258 1876 3308 castis
1896 3272 2072 3307 earum
2094 3258 2323 3309 auribus.
2387 3253 2491 3306 Sed

1429 3335 1723 3399 suspicatur
1739 3333 1852 3384 fore
1870 3339 1929 3384 ut
1954 3339 2074 3399 post
2093 3335 2225 3383 hanc
2263 3331 2493 3383 admoni-

1433 3411 1648 3474 tionem,
1693 3411 1894 3460 avidius
1932 3425 2082 3475 quam
2120 3408 2496 3473 praecedentia,

1430 3496 1665 3539 matrona
1687 3488 1831 3552 legat
1862 3503 1978 3553 quae
2018 3492 2321 3551 sequuntur,
2352 3484 2494 3551 quod

1432 3563 1629 3616 factum
1653 3580 1766 3615 esse
1792 3570 2013 3614 testatur
2044 3561 2181 3613 infra
2203 3563 2385 3626 Epigr.
2408 3566 2490 3610 86.

1434 3641 1672 3692 Ramires.
2241 3686 2246 3692 .

1500 3724 1531 3770 2
1566 3715 1827 3779 Interiora]
1897 3718 2030 3770 Quae
2092 3715 2494 3779 subsequuntur.

1437 3795 1675 3858 Metaph.
1737 3795 1801 3842 ab
1878 3792 2111 3842 aedificiis
2133 3807 2149 3852 ;
2220 3789 2496 3839 interiores

1436 3879 1638 3938 partes,
1667 3885 1781 3936 quae
1817 3885 1849 3919 a
1881 3869 2046 3933 primo
2071 3866 2307 3930 ingressu
2328 3880 2496 3917 remo·

1437 3952 1601 4005 tiores
1625 3957 1765 4000 sunt.

1502 4032 1533 4077 3
1561 4024 1894 4092 Gymnasium,
1910 4025 2018 4089 ism]
2040 4022 2325 4090 Gymnasio
2341 4021 2498 4089 enim,

1439 4106 1671 4169 thermis,
1687 4113 1743 4157 et
1758 4104 1929 4155 stadio
1951 4102 2290 4154 exuebantur.

1502 4187 1536 4232 6
1585 4181 1784 4244 Saucia]
1850 4180 2062 4231 Scilicet
2103 4193 2263 4244 mero,
2295 4178 2349 4230 id
2395 4184 2497 4243 est,

1439 4257 1612 4319 ebria;
1629 4257 1703 4307 sic
1722 4257 1859 4307 enim
1882 4263 2156 4321 usurpatur
2172 4256 2379 4308 Justino
2396 4257 2430 4306 l.
2448 4260 2499 4306 1.

1440 4343 1495 4385 et
1515 4339 1592 4385 11.
1614 4341 1776 4400 atque
1787 4334 2008 4399 Apuleio
2027 4336 2059 4385 Ι.
2085 4338 2132 4384 7.
2157 4341 2212 4383 et
2230 4339 2277 4384 9.
2349 4335 2490 4396 Terp-
