2985 4937
505 397 679 466 1326

503 554 702 614 factum
716 568 747 606 a
765 552 1069 609 Domitiano
1100 555 1246 621 dicit,
1277 570 1380 607 non
1398 555 1565 608 refec-

507 639 637 684 tum.
672 640 678 646 “

570 716 603 760 8
641 712 876 776 Tarpeia,
911 710 1020 776 qm]
1076 712 1298 763 Corona
1331 727 1567 778 querat,

501 795 566 840 ut
582 797 637 839 et
655 791 850 840 laureo
868 789 1196 854 Capitolinae.
1229 790 1365 857 Vide
1380 791 1564 855 Epigr.

506 874 556 920 1.
603 886 738 922 vers.
780 875 832 921 0.
876 879 933 922 et
976 872 1159 937 Epigr.
1218 875 1303 922 54.
1336 885 1469 924 vers.
1516 877 1563 925 1.

504 947 596 997 lib.
625 951 678 998 4.

566 1030 601 1076 9
637 1026 768 1082 Quid
797 1040 884 1089 pro
932 1024 1230 1089 culminibus,
1269 1026 1378 1090 ζα]
1421 1024 1563 1079 Quid

503 1117 600 1166 pro
624 1103 842 1166 geminis
862 1103 1097 1154 delubris
1119 1104 1435 1161 tibisolvere
1472 1118 1564 1170 po-

482 1187 611 1229 ‹test
638 1179 817 1232 Juno?
1089 1196 1096 1205 ¹

568 1260 631 1305 10
666 1256 868 1307 Pallada
884 1257 1137 1323 prater-eo]
1169 1257 1287 1322 ‘Cui
1309 1257 1562 1308 Chalcioe·

503 1347 578 1383 σω
618 1334 870 1399 templum
908 1335 1144 1386 erexisti.
1203 1335 1434 1386 Cassiod.
1453 1336 1562 1387 1.0.

503 1424 621 1474 cap.
648 1411 1422 1464 11.cu1statnammcnbiculo
1440 1426 1564 1463 eon

501 1487 722 1551 seer-sti
777 1494 836 1538 et
886 1488 1235 1553 quinquatria.
1301 1489 1443 1541 Quin
1507 1497 1564 1540 et

500 1565 735 1616 Palladis
772 1565 909 1616 filius
950 1565 1058 1619 dici
1112 1566 1348 1616 volebat.
1412 1566 1567 1633 cujus

498 1652 652 1694 saura
668 1642 788 1694 ideo
810 1641 875 1694 ab
914 1657 978 1693 eo
1001 1643 1376 1707 religiosissime
1404 1645 1564 1696 culta.

500 1721 727 1784 Βαίας-ἐι
760 1722 848 1772 illa
880 1720 1011 1785 tuas]
1044 1721 1146 1772 Illa
1167 1737 1200 1771 a
1221 1727 1277 1770 te
1298 1728 1438 1772 stat·
1423 1757 1440 1784 ,
1479 1737 1565 1773 res

500 1804 639 1861 tuas,
670 1799 898 1850 rationes
930 1808 990 1848 et
1045 1797 1259 1848 consilia
1297 1797 1560 1862 disponit;

500 1874 601 1925 tibi
619 1874 873 1929 familiare
898 1889 1088 1924 numen
1109 1882 1213 1937 est,
1229 1875 1333 1925 imo
1353 1882 1558 1927 mater:

499 1952 588 2001 ubi
622 1951 761 2000 enim
805 1950 1134 2001 Domitianus
1176 1951 1458 2003 audivisset
1495 1968 1561 2003 ex

496 2028 589 2077 lib.
609 2027 892 2092 Sibyllinis,
926 2025 1060 2090 fore,
1081 2034 1140 2077 ut
1162 2029 1310 2092 virgo
1348 2037 1563 2093 pareret

500 2110 753 2154 aeternuin
805 2105 1204 2171 Imperatorem,
1266 2106 1396 2155 nihil
1429 2122 1560 2157 *am-

498 2183 633 2247 plius
656 2182 822 2232 voluit
850 2196 1008 2247 quam
1044 2196 1100 2232 se
1121 2197 1235 2232 esse
1255 2180 1415 2232 filium
1448 2198 1564 2248 per-

498 2266 674 2322 petuoe
699 2259 910 2323 virginis
935 2260 1141 2310 Dianae.

566 2338 628 2384 11
662 2335 883 2397 Alciden,
905 2334 1012 2398 qun]
1046 2335 1264 2386 Herculi
1308 2337 1562 2403 templum

498 2412 553 2462 in
588 2412 672 2462 via
701 2412 879 2477 Appia
907 2413 1133 2478 positum
1158 2421 1213 2464 et
1234 2420 1479 2479 statuam,
1503 2424 1564 2467 ut

498 2501 554 2545 et
591 2493 843 2559 Apollini,
876 2502 934 2545 et
965 2510 1031 2545 ex
1085 2496 1287 2560 pietate
1325 2483 1559 2548 Pollucis

497 2586 625 2638 erga
667 2570 883 2623 fratrem
920 2573 1216 2622 alternatim
1257 2573 1562 2625 immortali-

492 2649 591 2699 bus
613 2648 818 2701 Castori
837 2655 895 2700 et
913 2650 1120 2700 Polluci
1134 2649 1253 2700 filiis
1280 2643 1440 2702 Ledae
1463 2653 1562 2701 La-

496 2740 662 2777 ceuae.

563 2809 626 2855 12
659 2806 843 2856 Addita
859 2804 1112 2869 quamsi-m]
1146 2806 1420 2870 Templum
1437 2807 1558 2858 Fla-

495 2882 594 2933 viae
618 2885 811 2947 gentis,
850 2882 989 2947 quod
1013 2884 1200 2933 coelum
1224 2884 1423 2933 vertice
1445 2891 1559 2935 tan-

494 2961 590 3023 git.
656 2958 1028 3009 Excelsissima
1048 2959 1187 3008 enim
1209 2959 1321 3008 haec
1341 2960 1557 3024 templa.

495 3036 669 3086 Alibi:
706 3037 877 3085 ‘Dum
924 3036 1070 3087 videt
1108 3036 1333 3100 Augusti
1377 3036 1559 3088 Flavia

496 3111 690 3175 templa
712 3111 852 3175 poli.'
898 3113 972 3161 Et
992 3111 1060 3161 de
1078 3111 1157 3161 his
1188 3112 1557 3176 intelligendus

492 3188 576 3238 liic
618 3189 761 3238 locus
803 3188 955 3252 Epig.
989 3192 1073 3237 51.
1111 3187 1204 3238 lib.
1247 3192 1330 3239 1⁰.
1401 3190 1555 3241 ‘Nec

500 3263 782 3329 Capitolini
838 3280 1089 3315 summum
1144 3264 1416 3329 penetrale
1453 3267 1554 3322 'ro-

493 3340 682 3404 nantis,
702 3342 939 3406 Quaeque
959 3341 1131 3391 nitent
1164 3342 1294 3392 coelo
1316 3342 1558 3406 proxima

492 3418 688 3480 templa
722 3417 850 3470 suo!
930 3417 1186 3468 Solebant
1219 3418 1414 3483 templa
1457 3418 1559 3470 ista

492 3500 770 3543 exstruere
803 3493 944 3543 elata
965 3500 1022 3544 et
1044 3494 1281 3545 excelsa:
1317 3495 1456 3560 quod
1499 3502 1558 3547 et

494 3570 772 3622 Christiani
809 3569 1070 3635 fecerunt,
1110 3581 1381 3637 praeeunte
1421 3573 1555 3625 Con-

491 3649 744 3701 stantino.
795 3650 995 3700 Herald.
1060 3650 1292 3712 Tum,nt
1328 3650 1556 3701 Torren-

492 3725 597 3775 tius
632 3727 765 3790 vult,
810 3727 1053 3779 ‘Latium
1077 3726 1281 3791 polum'
1323 3728 1558 3792 appellat

490 3817 606 3854 eam
627 3804 792 3854 veluti
839 3804 944 3869 poli
973 3811 1199 3869 partem,
1232 3805 1318 3855 cui
1342 3806 1553 3856 Latino-

489 3894 601 3930 rum
640 3882 1085 3946 Romanorumque
1122 3882 1207 3931 Dii
1247 3883 1554 3946 transcripti

490 3956 719 4022 fuerant,
756 3973 951 4024 eosque
990 3959 1131 4009 inter
1179 3958 1552 4023 Vespasianus.

488 4034 630 4084 Latio
670 4036 843 4085 Flavia
880 4036 1053 4100 templa
1072 4033 1202 4100 polo]
1235 4038 1322 4086 De
1342 4051 1445 4101 quo
1466 4052 1561 4090 sue

488 4125 586 4173 pra
600 4111 782 4175 Epigr.
797 4115 845 4162 2.
859 4119 915 4161 et
930 4110 1073 4162 mfra
1086 4114 1267 4178 Epigr.
1283 4117 1365 4164 35.
1381 4120 1438 4165 et
1457 4115 1549 4166 lib.

492 4191 572 4237 10.
595 4187 781 4252 Epigr.
803 4192 887 4238 51.

555 4264 861 4314 EP1G.V.1
905 4265 1145 4329 Aureolis,
1176 4268 1281 4333 ξω]
1312 4244 1559 4332 Numinis

489 4341 678 4392 aureis.
740 4340 947 4392 AEreolis
981 4343 1259 4407 legendum
1283 4352 1435 4409 putat
1454 4345 1488 4397 J
1496 4361 1548 4395 a

1211 413 1425 464 NorAE
1475 414 1875 485 mmmmm
1926 416 2006 466 m

1637 572 1736 609 nus
1777 557 2021 623 Rutgers.
2063 574 2222 625 quum
2262 562 2465 627 vulgari
2529 569 2698 614 scorto

1637 636 1850 688 nimium
1894 639 1964 688 sit
1997 639 2144 691 illud.

1701 719 1736 764 2
1770 716 1894 765 Plus
1929 731 2069 779 quam
2090 716 2250 778 salai,
2289 716 2396 781 qua]
2430 718 2700 783 Epigram-

1636 802 1778 841 mate
1792 795 1878 843 52.
1906 792 2025 843 libri
2045 797 2096 844 2.
2120 800 2178 844 et
2200 795 2592 859 Epigrmmate
2614 798 2695 846 35.

1636 865 1795 919 infra.

1698 948 1731 994 4
1766 945 1932 1015 met]
1986 945 2094 997 Ore
2153 947 2515 1013 morigeratur.
2580 947 2702 1012 Epi·

1636 1034 1797 1083 gram.
1815 1026 1896 1073 95.
1918 1022 2011 1073 lib.
2031 1027 2078 1074 3.
2104 1037 2236 1073 vers.
2257 1029 2308 1073 2.

1702 1101 1861 1155 Eme.
1902 1105 2041 1151 v1.l
2080 1100 2296 1163 Nubere]
2330 1099 2500 1150 Diviti
2522 1107 2579 1150 et
2610 1115 2699 1151 no-

1636 1175 1727 1226 bili
1765 1176 1954 1227 Paulla
1985 1174 2190 1231 infamis
2228 1176 2413 1227 mulier
2454 1176 2702 1242 cupiebat

1634 1253 1877 1305 nubere..
1933 1252 2144 1307 Priscus
2183 1252 2439 1316 impuram
2495 1253 2699 1318 rejecit.
2773 1258 2780 1268 “

1635 1330 1734 1394 Tu,
1754 1328 1940 1395 inquit,
1975 1330 2181 1392 Paulla,
2200 1329 2339 1379 haud
2371 1330 2534 1379 stulte
2574 1330 2703 1395 agis,

1637 1407 1760 1458 dam
1782 1405 2003 1458 affectas
2035 1406 2253 1470 nuptias
2279 1404 2487 1467 divitis3
2517 1405 2701 1456 ⁸211ae-

1637 1498 1737 1549 que
1777 1484 2044 1550 sapienter
2073 1483 2182 1544 ille,
2204 1481 2293 1547 qui
2317 1488 2372 1532 te
2392 1482 2698 1541 contemnit.

1638 1561 1824 1612 Rada.
1886 1559 2080 1624 Prisco]
2113 1555 2301 1610 Div'iti.

1699 1644 1733 1689 2
1771 1639 1862 1702 Te]
1896 1637 2171 1694 Infamem.
2198 1658 2220 1717 g

1703 1716 1863 1766 Erro.
1908 1729 2008 1767 vu.
2059 1719 2087 1765 1
2136 1714 2298 1764 Rheni
2328 1713 2553 1779 maor,
2596 1714 2703 1780 qm]

1637 1796 1970 1847 Germanice.
1992 1795 2108 1847 Lib.
2131 1803 2180 1846 5.
2200 1796 2382 1859 Epigr.
2401 1800 2455 1846 2.
2477 1809 2614 1845 vers.
2626 1800 2675 1845 7.

1699 1877 1732 1923 2
1768 1875 1949 1924 Pudice
1964 1875 2201 1939 princeps,
2215 1873 2325 1938 &ct-J
2349 1873 2533 1938 Epigr.
2547 1878 2597 1925 4.
2609 1873 2695 1924 lib.

1633 1955 1683 2003 0.
1708 1966 1841 2002 vers.
1872 1957 1923 2001 5.

1701 2031 1732 2078 3
1765 2029 1975 2093 Populos
1996 2027 2249 2092 habebunt]
2280 2028 2568 2094 Postquam
2589 2041 2705 2089 cas·¹

1637 2105 1764 2156 trari
1786 2121 1951 2156 mares
1974 2107 2151 2157 edicto
2189 2104 2514 2169 prohibuisti.
2560 2103 2693 2154 Vide

1635 2183 1906 2247 Epigram.
1945 2187 1993 2235 2.
2035 2183 2127 2234 lib.
2163 2188 2214 2235 0.
2246 2197 2381 2232 vers.
2404 2186 2451 2230 3.
2483 2189 2539 2231 et
2562 2179 2696 2230 infra

1637 2261 1820 2325 Epigr.
1857 2265 1908 2312 9.
1964 2262 2165 2333 Parere,
2199 2259 2305 2324 lya]
2337 2257 2472 2308 Vide
2515 2258 2694 2322 Epigr.

1638 2343 1721 2389 07.
1741 2337 1833 2390 lib.
1848 2342 1898 2388 0.

1699 2420 1734 2466 0
1771 2417 1872 2466 Nec
1898 2413 2178 2480 quamq-a]
2210 2414 2328 2464 Nec
2360 2428 2393 2462 a
2414 2426 2697 2479 paupercu

1634 2495 1687 2544 la
1714 2503 1882 2544 matre
1905 2494 2023 2543 leno
2047 2493 2294 2544 conducit
2317 2493 2400 2554 vel
2422 2494 2552 2543 emit
2575 2508 2704 2558 pue·‚

1635 2585 1747 2620 rum
1771 2570 2208 2635 prostituendum.
2258 2569 2406 2620 Infra
2423 2570 2693 2636 Epigram-

1633 2655 1775 2697 mate
1814 2652 1866 2698 9.
2754 2691 2757 2692 γ

1698 2730 1730 2775 8
1767 2726 1867 2783 Qui
1907 2740 1992 2775 nec
2032 2725 2199 2790 cubili,
2237 2723 2347 2788 ξι]
2389 2723 2527 2774 Vide
2571 2724 2694 2789 Epi·

1634 2817 1864 2868 gramma
1903 2805 1954 2851 2.
1995 2802 2083 2852 lib.
2118 2806 2168 2852 0.

1699 2880 1862 2931 Eme.
1887 2892 2013 2929 vul.
2037 2877 2171 2928 Afer
2186 2878 2459 2942 superbus,
2472 2894 2539 2929 ex
2557 2877 2693 2929 Afri-

1626 2969 1696 3012 ,ca
1728 2955 1910 3019 redux,
1934 2971 2036 3005 non
2052 2956 2364 3006 admittebat
2384 2956 2605 3007 Poetam
2629 2956 2696 3005 ad

1632 3033 1996 3096 gratulandum
2064 3032 2362 3082 adventum.
2447 3032 2696 3095 Indigna-

1632 3109 1836 3159 bundns
1852 3110 2040 3172 Poeta,
2058 3110 2140 3159 vel
2158 3109 2330 3172 potins
2347 3109 2695 3173 jocabundus,

1632 3186 1689 3236 Si
1723 3201 1828 3236 non
1848 3187 1944 3250 vis,
1966 3187 2155 3252 inquit,
2172 3186 2390 3248 salvere,
2423 3185 2559 3237 vale.
2625 3188 2693 3235 Et

1629 3262 1689 3311 τὸ
1725 3262 1907 3327 ‘vale,'
1966 3263 2116 3313 simul
2165 3264 2409 3313 amicitiae
2466 3265 2693 3320 solutum

1629 3337 1800 3389 foedus
1837 3346 2017 3391 notat:
2055 3355 2160 3406 quo
2203 3348 2361 3406 pacto
2395 3356 2485 3391 eos
2519 3343 2691 3391 valere

1621 3415 1888 3479 jubemus,
1913 3431 2041 3481 quos
2084 3432 2117 3466 a
2138 3417 2286 3467 nobis
2307 3417 2583 3484 abigimus,
2603 3424 2691 3466 aut

1631 3493 1807 3558 potius
1828 3509 1858 3543 a
1881 3494 2067 3606 quibus
2097 3509 2191 3545 nos
2208 3496 2536 3548 discedimus.
2591 3497 2690 3546 Ra-

1633 3574 1797 3621 derue.

1699 3654 1726 3699 1
1766 3649 1965 3713 Dicere,
2000 3648 2110 3713 εμπ]
2142 3649 2315 3699 Volui
2342 3656 2399 3701 te
2417 3664 2487 3700 ex
2509 3649 2690 3701 Africa

1631 3725 1896 3778 reversum
1917 3728 2180 3778 salutare·
2214 3726 2306 3778 sed
2327 3743 2433 3778 non
2451 3727 2688 3779 admitte·

1631 3805 1746 3856 bar.

1694 3888 1728 3933 4
1763 3883 1878 3933 Non
1896 3882 2123 3948 vis,5‘c.]
2165 3883 2223 3933 Si
2256 3896 2360 3933 non
2393 3882 2687 3934 visxsalvere

1629 3968 1688 4011 et
1711 3960 1903 4024 vivere,
1925 3960 2011 4010 abi
2032 3961 2083 4009 in
2100 3961 2290 4011 malam
2312 3965 2423 4016 rem
2445 3969 2501 4011 et
2523 3974 2685 4010 more-

1628 4052 1706 4088 re.
1738 4037 1874 4087 Vide
1895 4036 2233 4100 Epigramma
2254 4040 2335 4099 17.
2357 4037 2477 4087 libri
2495 4043 2543 4087 5.
2610 4083 2611 4086 ,

1694 4116 1856 4167 Erro.
1876 4128 1960 4165 1x.
1984 4120 2016 4164 3
2047 4117 2163 4165 Joem
2197 4129 2350 4178 σωκῶ,
2384 4113 2492 4178 ξω]
2523 4114 2687 4177 Supra

1626 4192 1883 4257 Epigra.
1908 4205 2042 4240 vers.
2059 4194 2109 4240 0.

1689 4275 1720 4319 5
1754 4267 2260 4332 Immaturawcorpora]
2290 4266 2592 4317 Infantiam.

1690 4349 1725 4395 0
1758 4345 1871 4395 Non
1909 4344 2042 4410 tulit,
2074 4343 2180 4408 θα]
2208 4343 2398 4395 Edicto
2430 4341 2681 4408 prohibuit
