2985 4937
661 434 734 482 M.
783 432 951 480 VAL.
1002 425 1420 479 MAR'mALls
1473 426 1717 475 Epicu.
1770 427 1910 474 mu.
1963 426 2068 472 XI.

287 574 703 641 projectissimam
745 590 871 626 ‘esse
927 576 997 625 ad
1037 573 1324 624 'libidinem

285 661 498 717 gentem,
537 659 656 704 utut
696 652 964 716 religione,
1001 650 1327 713 commercio,

289 730 472 792 officiis,
506 740 560 782 et
593 731 872 781 concubitu
907 730 1191 779 alienorum
1215 729 1326 778 abs-

290 810 443 858 tinere
476 806 778 872 professam:
810 806 938 857 Scio
967 806 1149 857 itidem
1188 804 1325 870 apud

290 899 371 932 vos
407 883 620 948 profana
654 898 766 934 esse
808 883 997 945 omnia,
1034 897 1150 947 qnae
1188 880 1326 946 apud

285 975 527 1013 nos‘sacra
548 978 570 1012 ι
594 962 713 1013 Scio
734 961 871 1025 apud
899 976 989 1011 vos
1012 960 1152 1024 ipsos
1172 959 1326 1010 fidem

283 1052 393 1087 *esse
432 1039 759 1101 obstinatam,
801 1038 1050 1088 adversus
1089 1038 1217 1088 alios
1256 1038 1329 1086 le-

285 1130 422 1166 vem:
463 1115 584 1167 Scio
621 1116 779 1166 nihilo
820 1130 912 1165 vos
959 1115 1101 1179 prius
1147 1114 1327 1176 imbui,

286 1207 426 1257 qnam
448 1199 779 1243 contemnere
811 1192 951 1242 Deos
979 1191 1198 1252 alienos,
1217 1204 1330 1239 ves-

285 1275 412 1319 trum
434 1270 595 1320 solum
616 1269 814 1331 colere,
832 1267 1021 1325 vereri,
1039 1269 1326 1331 respicere,

281 1348 375 1397 dte.
393 1346 553 1398 Tacit.
577 1353 629 1396 5.
648 1345 845 1396 Histor.
880 1343 1135 1396 Quoniam
1149 1343 1329 1407 itaque

285 1432 338 1474 te
359 1431 664 1488 ,suspectum
708 1421 876 1471 babeo
921 1434 1016 1484 pro
1054 1419 1332 1480 scarabaeo,

283 1498 694 1564 muntani-m
728 1497 1001 1562 anamma,
1038 1512 1138 1546 non
1173 1495 1331 1547 credo

286 1577 372 1627 tibi
393 1577 603 1642 neganti
641 1589 738 1640 per
766 1576 1035 1639 Templum
1058 1575 1252 1639 jurato,
1273 1579 1342 1623 nt,

286 1654 368 1718 qui
383 1654 523 1704 nulla
546 1662 599 1704 te
616 1653 698 1702 bic
729 1652 980 1717 religione
1003 1657 1095 1701 aut
1111 1649 1333 1715 perjurii

284 1745 427 1794 poena
464 1730 632 1782 teneri
662 1736 847 1794 putes:
884 1742 1061 1778 verum
1095 1726 1249 1790 adigo
1278 1734 1333 1776 te

284 1807 348 1857 ad
366 1809 716 1871 juramentum
753 1820 847 1871 per
881 1808 1053 1858 Deum
1086 1812 1335 1866 vestrum,

283 1899 373 1948 per
394 1901 542 1951 quem
550 1886 732 1950 jurato
754 1884 850 1934 tihi
868 1883 1092 1933 credam.
1124 1883 1333 1933 Clarias.

280 1961 527 2012 Seldenns
560 1962 619 2011 in
655 1960 1051 2024 Prolegomenis
1088 1960 1154 2009 ad
1191 1960 1335 2024 peni-

283 2038 485 2088 tissimoe
515 2037 828 2089 eruditionis
863 2037 1186 2100 opusculum,
1206 2039 1223 2067 6
1248 2039 1335 2087 De

279 2114 715 2178 successionibus,
735 2129 824 2163 seu
856 2114 891 2165 J
896 2128 987 2163 ure
1007 2113 1337 2164 hereditario

279 2190 619 2256 Ehroeorum,’
667 2186 828 2241 etiam
883 2189 1053 2240 tendit
1097 2191 1337 2251 ulterius,

282 2275 590 2334 conceptum
616 2267 972 2332 scriptumque
989 2282 1021 2315 a
1042 2267 1213 2318 Poeta
1226 2282 1339 2317 ver·

281 2358 388 2395 snm
411 2346 547 2397 bunc
570 2352 846 2395 autumans
861 2345 925 2394 ad
946 2343 1083 2393 hunc
1101 2343 1336 2395 modum:

285 2421 393 2473 Noa
404 2426 583 2483 crodo3
604 2422 724 2485 jin-a
739 2436 879 2486 verpe
909 2423 1087 2484 iper-am
1108 2422 1307 2473 chalam
1321 2438 1338 2473 .·

281 2507 341 2548 ut
379 2501 588 2564 integra
630 2499 702 2550 sit
745 2498 1036 2561 juramenti
1086 2497 1338 2550 formula:

286 2561 418 2631 hbui
438 2583 502 2628 ’Π
528 2582 674 2633 ΠἸΨ
713 2581 728 2608 6
767 2580 1055 2630 vindictam
1091 2588 1262 2631 sumat
1295 2580 1339 2639 is

283 2658 370 2721 qui
407 2658 537 2709 vivit
578 2658 634 2707 iu
676 2658 968 2708 aternum?
1023 2658 1149 2707 Ecce
1177 2673 1344 2720 negas,

271 2732 496 2799 ,iurasque
527 2734 671 2796 mihi,
701 2733 808 2798 ξω]
857 2735 1030 2784 Nemo
1055 2733 1192 2783 enim
1224 2735 1341 2798 lege

281 2811 557 2877 tenebatur
593 2811 803 2875 perjurii
836 2818 929 2861 ant
953 2811 1239 2876 juramenti
1264 2819 1343 2861 te·

282 2889 486 2938 merarii
527 2888 618 2937 vel.
656 2888 789 2949 vani,
827 2887 915 2952 qui
944 2888 1216 2952 juraverat
1249 2896 1344 2953 per

284 2976 390 3014 rem
406 2965 635 3031 aliquam
657 2969 922 3024 creatam3
956 2973 1184 3029 excepto
1197 2965 1343 3028 jura-

283 3049 458 3094 noento
502 3057 602 3109 per
643 3056 824 3092 aurum
860 3043 1082 3107 Templi,
1117 3044 1343 3109 itemque

275 3121 576 3186 juramento
626 3121 832 3195 ἶῦἸΡὲ.
904 3125 1009 3176 Qui
1068 3139 1191 3175 vero
1249 3139 1345 3190 per

285 3200 457 3252 Deum
470 3202 762 3266 juraverat,
783 3201 895 3251 sive
916 3202 969 3251 in
986 3202 1211 3266 judicio,
1232 3203 1344 3253 sive

284 3283 437 3328 extra
462 3278 747 3343 judicium,
777 3279 1056 3329 tenebatur
1077 3280 1198 3344 lege
1233 3295 1348 3344 per-

275 3354 420 3419 jurii,
462 3362 557 3406 ant
597 3355 881 3420 juramenti
925 3358 1194 3407 temerarii
1233 3359 1346 3408 sive

281 3433 425 3495 naui,
445 3431 491 3482 si
506 3431 855 3497 pejeraverat,
879 3432 1235 3500 quodcumqae
1258 3451 1348 3486 cu-

288 3516 456 3561 rasset
481 3509 843 3575 jusjurandum
877 3511 1212 3560 temerarium
1258 3516 1349 3560 ant

283 3587 496 3637 vanum
534 3585 796 3635 Videntur
817 3593 992 3636 antem
1026 3587 1264 3637 Gentiles
1295 3587 1350 3636 iu

281 3664 514 3728 aliquam
542 3662 698 3727 hujus
730 3662 1210 3715 moris-Jndaeorum
1233 3678 1349 3727 cog·

283 3738 537 3790 uitionem
561 3736 791 3788 venisse:
827 3744 948 3786 nam
972 3738 1227 3788 Martialis
1246 3753 1351 3788 non

285 3816 411 3865 satis
431 3813 665 3864 habebat
687 3813 824 3878 quod
844 3814 1063 3865 Judaeus
1085 3829 1184 3880 per
1203 3816 1351 3865 Tem-

287 3892 430 3954 plum
459 3890 693 3955 jurarit3
744 3898 963 3940 noverat
998 3890 1154 3955 enim,
1196 3891 1240 3941 si
1269 3893 1354 3957 ju·

288 3975 466 4017 rantes
524 3980 623 4030 per
676 3966 952 4030 Templum
1010 3967 1353 4032 pejerassent,

291 4046 427 4097 omn
447 4044 584 4111 ebat,
615 4052 675 4096 ut
707 4047 940 4112 loquitur
972 4047 1228 4111 Christus,
1262 4048 1354 4098 sed

290 4125 410 4175 vult
439 4124 612 4190 jurari
655 4137 750 4187 per
785 4123 973 4173 Deum
1028 4122 1217 4188 ipsum,
1260 4111 1361 4187 per'

291 4216 445 4266 quem
467 4200 555 4265 qui
566 4200 862 4264 juraverat,
885 4200 928 4249 si
952 4200 1228 4264 pejeraret,
1242 4215 1352 4250 cer-

291 4281 412 4329 tum
450 4283 564 4329 erat
605 4274 834 4341 ὀφείλειν.
900 4277 997 4326 Est
1036 4277 1214 4343 itaque
1256 4278 1355 4327 hoc

290 4352 667 4421 jusjurandum
690 4350 1010 4404 -abnutivum
1053 4353 1217 4407 tribus
1251 4353 1355 4409 diso

2286 402 2459 473 141st

1402 571 1581 621 tinctis
1613 570 1850 632 vocibus,
1881 572 1901 599 6
1925 570 2046 632 An‚’
2080 568 2221 633 quod
2242 576 2335 618 'est
2358 561 2458 623 '’n,

1395 652 1512 701 sive
1537 654 1627 713 18,
1652 650 2034 702 confunduntur
2055 651 2189 700 enim
2212 649 2305 698 lm,
2344 647 2461 697 duze

1403 746 1583 794 voces,
1603 732 1655 781 id
1676 740 1778 793 est,
1806 747 1939 783 non:
1975 735 2038 778 ’Π
2065 733 2080 759 6
2107 731 2235 781 vivit
2254 728 2288 779 :'
2313 707 2460 789 ΓΜ),

1403 811 1418 838 6
1458 808 1629 871 Alon,’
1663 816 1723 859 nt
1767 823 1798 857 e
1840 809 2031 859 Plauto
2074 805 2462 872 pronuntiatum

1404 886 1566 938 fnisse
1585 894 1806 949 constat,
1836 888 1942 938 Dei
1972 900 2185 937 nornen:
2219 893 2300 934 est
2324 897 2464 946 erge

1396 963 1763 1028 jusjurandum
1801 964 2019 1013 hominis
2049 962 2287 1026 negantis
2314 969 2368 1009 et
2390 961 2465 1009 ins

1401 1040 1627 1091 ficiantis
1665 1041 1881 1102 crimen,
1921 1041 2068 1104 cujus
2106 1037 2465 1088 accusabatur.

1405 1118 1558 1167 Unde
1580 1131 1706 1181 ergo
1730 1126 1905 1182 patet,
1938 1116 2145 1166 omnino
2181 1115 2258 1164 his
2293 1113 2468 1163 verbis

1405 1201 1421 1225 ‘
1442 1212 1537 1260 per
1555 1196 1860 1247 Anchialon'
1873 1195 2109 1246 denotari
2114 1195 2468 1259 juramentum

1408 1288 1505 1337 per
1528 1273 1714 1322 Deum.
1748 1273 1955 1323 Petitur.

1469 1355 1505 1401 8
1533 1352 1677 1413 dura,
1697 1364 1855 1414 verpe,
1873 1364 1961 1412 ρει·
1980 1346 2288 1410 Anchialum]
2341 1346 2469 1397 Om-

1407 1429 1529 1479 nino
1563 1427 1838 1491 legendnm
1859 1434 1977 1476 est:
2014 1426 2127 1475 Non
2157 1427 2294 1474 credo
2309 1440 2329 1482 ‚-
2350 1424 2470 1484 jura

1405 1519 1544 1569 verpe
1580 1519 1669 1567 per
1706 1503 2005 1553 mnodum,
2051 1501 2345 1551 Ancharius
2385 1499 2469 1548 vel

1407 1582 1647 1634 ancarius
1663 1590 1745 1632 est
1767 1581 1957 1631 asinus.
1994 1577 2277 1641 Ἀχθοφόρον
2293 1575 2471 1628 Graeci

1406 1661 1821 1724 interpretantur
1873 1655 2147 1721 ’Δγ-γάμων,
2186 1653 2481 1718 accipiunt-x

1408 1752 1512 1804 que
1555 1734 1695 1786 istud
1744 1734 2051 1784 vocabulum
2093 1746 2240 1796 aeque
2281 1730 2348 1779 de
2386 1730 2475 1793 ju·

1407 1820 1593 1865 mento
1617 1819 1773 1879 atque
1796 1811 1998 1862 homine
2019 1807 2281 1872 ἂχθοφόρῳ.
2323 1805 2500 1875 Simig

1406 1890 1532 1940 liter
1591 1885 1879 1952 sagmarius
1935 1886 2018 1936 vel
2073 1882 2355 1934 saumarius
2405 1881 2474 1932 de

1410 1973 1634 2031 utroque
1659 1964 1935 2028 accipitur.
2002 1962 2188 2012 Utitur
2211 1962 2307 2010 hac
2338 1972 2473 2008 voce

1411 2043 1674 2093 Lucilius:
1716 2044 1732 2069 ‘
1748 2040 1874 2103 Hic,
1890 2041 2117 2104 inquam,
2137 2038 2290 2087 rudet
2315 2050 2346 2084 e
2365 2049 2473 2084 ros·

1412 2120 1525 2182 tris,
1533 2127 1687 2184 atque
1701 2117 1978 2183 ejnlitabit,
1991 2117 2319 2167 Concursans
2333 2113 2478 2162 velu-

1413 2196 1455 2246 ti
1473 2196 1733 2257 ancarius,
1749 2195 1994 2260 clareque
2016 2190 2299 2258 quiritans?
2335 2190 2477 2240 Hinc

1412 2268 2318 2336 Anchariaffamilia,quemadmodum
2329 2266 2478 2317 Asel·

1411 2351 1500 2401 lia.
1541 2349 1749 2400 Vossius.
1786 2349 1888 2397 Per
1908 2346 2218 2409 Anchialum]
2261 2343 2479 2395 Omissis

1413 2442 1529 2495 quae
1575 2426 1661 2477 hic
1719 2424 1983 2477 Domitius
2043 2422 2346 2473 Calderinus
2409 2419 2477 2470 de

1413 2516 1589 2559 statua
1609 2513 1666 2556 et
1696 2506 1903 2555 numine
1932 2502 2274 2566 Sardanapali
2296 2501 2348 2549 in
2371 2499 2478 2548 An-

1415 2585 1583 2635 chiala
1600 2583 1729 2632 urbe
1747 2579 1946 2630 Cilicioe
1963 2579 2323 2642 culto,et·quae
2342 2574 2478 2624 Her-

1415 2661 1615 2712 molaus
1652 2658 1719 2708 ad
1759 2657 1985 2707 Plinium
2028 2654 2122 2703 lib.
2155 2659 2206 2704 ⁶.
2246 2666 2362 2715 cap.
2393 2654 2480 2701 2⁸1.

1418 2754 1535 2804 quae
1558 2736 1717 2787 etiam
1736 2736 1807 2801 N.
1831 2733 2089 2798 Rigaltins
2104 2731 2173 2782 de
2210 2729 2482 2791 Anchialo,

1415 2829 1578 2881 -quem
1617 2811 1880 2863 Martialis
1925 2824 2141 2873 puerum
2181 2807 2343 2857 fuisse
2392 2820 2482 2856 au-

1420 2898 1616 2942 tumat:
1679 2887 1895 2939 attende
1947 2887 2139 2936 clarius
2202 2883 2332 2949 (TW
2381 2881 2503 2944 ἐμοὶ.

1419 2965 1605 3032 δοκοῦν)
1629 2968 1802 3015 lumen
1834 2971 1894 3014 et
1927 2976 2147 3013 acumen
2180 2961 2292 3013 Jas.
2324 2961 2482 3010 Scali-

1420 3047 1528 3110 geri
1550 3046 1604 3094 in
1622 3043 1918 3105 Prolegom.
1948 3039 2015 3088 ad
2037 3038 2193 3088 libros
2214 3037 2280 3086 de
2300 3037 2484 3086 Emen-

1423 3123 1639 3173 datione
1659 3111 1977 3181 temporum3
2011 3115 2102 3165 ubi
2121 3114 2189 3165 de
2209 3113 2483 3178 Tyriorum

1420 3207 1478 3248 et
1494 3195 1820 3248 Sidoniorum
1831 3192 2053 3242 dialecto
2068 3190 2354 3250 disserens,
2377 3190 2392 3217 ‘
2414 3189 2485 3239 Et

1420 3273 1579 3338 sane,’
1601 3271 1788 3336 inquit,
1805 3272 1822 3300 6
1843 3269 2024 3318 mirum
2043 3274 2122 3316 est
2143 3265 2245 3316 illis
2265 3264 2487 3315 sanctis-

1420 3353 1605 3403 simum
1639 3348 1797 3399 fuisse
1827 3344 2186 3410 jusjurandum
2232 3341 2482 3392 Korbant

1421 3440 1484 3483 ut
1512 3428 1713 3484 Judae'is
1748 3407 1875 3475 35¹7&
1900 3426 1964 3472 ’fl
1991 3424 2075 3473 vel
2099 3424 2231 3470 'nm’
2260 3424 2324 3469 ’Π
2351 3422 2483 3472 cha-

1412 3510 1528 3575 jala
1577 3508 1664 3557 vel
1718 3501 2049 3566 Chajadonai.
2099 3499 2206 3551 Sed
2248 3505 2485 3563 tempore

1423 3582 1686 3637 Martialis
1695 3578 2104 3646 pronunciabant
2117 3575 2340 3626 Chialia:
2355 3575 2425 3626 Ju
2434 3589 2488 3624 ra

1426 3672 1588 3726 verpe
1611 3672 1707 3724 per
1726 3655 2051 3708 Anchialum.
2106 3654 2245 3704 Quia
2269 3651 2484 3703 Judaeos

1427 3737 1675 3790 audiebat
1722 3732 1902 3784 Chiala
1935 3731 2147 3794 jurat-(23
2202 3732 2484 3791 propterea

1426 3815 1646 3882 putabat
1684 3814 1798 3862 esse
1841 3807 2162 3866 Anchialum,
2205 3803 2342 3868 quod
2384 3815 2485 3853 vox

1427 3892 1707 3944 Anchialus
1762 3886 1931 3936 notior
1982 3883 2057 3933 illi
2114 3880 2287 3931 fuerat
2328 3894 2485 3945 quam

1428 4041 1742 4112 expositioni
1765 4037 2048 4097 subscribo,
2068 4033 2167 4083 nisi
2187 4033 2325 4098 qnod
2348 4033 2485 4083 Ροδ-

1430 4134 1538 4176 tam
1560 4118 1793 4187 posuisse
1826 4111 2133 4164 Anchialum
2166 4124 2264 4174 pro
2294 4110 2486 4163 notiori

1427 4198 1678 4252 vocabulo
1700 4191 1955 4260 (fueritne
1970 4186 2102 4239 illud
2117 4186 2278 4250 magi,
2298 4185 2488 4249 herois,

1429 4274 1716 4329 numinisve
1737 4267 1850 4319 ficti
1865 4278 2050 4317 nomen
2065 4263 2114 4330 ?)
2141 4262 2338 4314 inficias
2351 4277 2486 4312 eam.

1431 4353 1676 4412 Quinimo
1689 4355 1854 4401 totum
1871 4345 1969 4396 boc
1983 4350 2037 4395 et
2051 4343 2311 4407 integrum
2322 4338 2490 4391 fuisse
