2985 4937
680 398 751 445 M.
801 397 970 443 VAL0'
1017 395 1435 443 MAR'rlALls
1486 398 1728 447 EPIGR.
1778 401 1919 449 LIB.
1967 404 2076 451 XI.

347 544 498 592 Eme.
549 541 728 603 tvm„
785 548 817 593 4
872 542 1185 605 Permittunt,
1227 540 1334 604 ξω]

287 621 409 670 Quae
439 620 639 671 faciunt
662 629 723 672 ut
753 623 913 672 multa
941 622 993 671 in
1018 636 1100 671 me
1122 620 1335 670 licentia

285 698 356 746 uti
378 695 582 749 audeas.

339 779 369 822 7
404 776 507 825 Nec
527 776 654 824 enim
674 779 832 839 rogat,
849 774 958 839 ξω]
1010 775 1130 825 Νοιι
1153 782 1332 839 quate-

273 861 368 902 'nus
392 860 592 914 tonsor,
616 855 707 904 sed
732 856 881 919 quasi
902 855 1054 905 latro.

343 934 399 978 ll
434 930 530 981 Sed
573 933 688 993 lota,
729 932 837 995 ξω]
907 930 1045 981 Alii:
1092 932 1174 980 sed
1207 936 1333 980 mota

281 1007 476 1055 mentula
496 1008 646 1056 loevm
684 1015 739 1055 ιιι
764 1007 944 1071 Epigr.
967 1010 1050 1057 42.
1083 1007 1172 1056 lib.
1196 1011 1258 1056 9.·
1277 1015 1332 1056 et

280 1087 352 1132 74.
375 1081 525 1134 infra.

339 1164 397 1209 12
426 1159 701 1225 Λειχάζειν]
735 1161 1127 1211 Irrumationem
1146 1162 1332 1225 innuit,

279 1251 385 1297 quae
436 1239 515 1286 ori
567 1239 808 1288 obstruso
856 1240 1059 1304 quidvis
1115 1240 1331 1303 petendi

281 1310 578 1364 facultatem
655 1316 989 1366 intercludat.
1092 1316 1331 1366 Othmar.

279 1388 512 1453 Nactgal.
550 1391 603 1440 in
638 1391 768 1441 edit.
813 1391 1014 1456 Gryph.
1050 1393 1102 1444 J.
1135 1393 1329 1457 Scalig.

279 1465 459 1531 aliique
482 1467 773 1531 praeferunt
804 1469 1080 1519 lectionem
1125 1468 1330 1535 Αἷάζειν,

278 1542 368 1591 hoc
386 1551 482 1607 est,
503 1545 719 1609 jubebit
740 1552 794 1594 te
816 1560 1029 1595 avarum
1055 1547 1330 1611 plorarem

276 1618 485 1672 formula
508 1630 836 1683 testatorum,
867 1624 952 1689 qui
993 1625 1232 1688 ‘plorare
1245 1626 1329 1690 ju·

277 1695 475 1748 bebant’
496 1699 632 1765 illos,
649 1700 845 1766 ‘quibus
867 1701 989 1749 nihil
1011 1702 1262 1764 legarant.

336 1777 491 1827 Eric.
523 1791 643 1829 ux.
678 1783 704 1828 1
746 1776 895 1829 Senos
929 1772 1189 1841 Charinus,
1217 1780 1327 1844 ξω]

274 1852 538 1905 Charinum
583 1870 713 1919 opes
745 1861 1110 1920 ostentantem,
1140 1864 1199 1907 ut
1218 1856 1327 1907 ino-

276 1944 386 1993 pem
411 1932 704 1983 cavillatur.

330 2010 362 2055 4
396 2009 825 2073 Dactyliothecam,
860 2011 965 2075 ξω]
1008 2010 1129 2062 Non
1168 2012 1328 2063 habet

274 2085 628 2147 repositorium
667 2088 991 2149 annulorum,
1029 2096 1090 2138 ut
1121 2089 1209 2154 qui
1248 2090 1326 2139 sui

275 2174 367 2209 non
390 2163 512 2225 sint,
529 2163 623 2213 sed
642 2164 905 2213 conducti.

333 2238 485 2288 Eme.
510 2253 639 2290 αν.
704 2241 1015 2304 Expostulat
1030 2256 1144 2291 cum
1166 2242 1326 2293 Justi·

273 2323 350 2374 no,
369 2316 502 2381 quod
525 2332 663 2379 eum,
698 2325 757 2366 ιιι
793 2315 937 2381 olim,
966 2319 1031 2368 ad
1064 2319 1323 2369 natalitias

275 2387 426 2453 dapes
447 2407 547 2441 non
569 2394 828 2445 invitarit.

333 2474 357 2517 1
387 2468 634 2535 Sext-enti,
663 2474 770 2538 ξω]
827 2474 1100 2524 Permulti.
1134 2475 1322 2538 Synec.

332 2549 362 2594 2
392 2546 534 2598 Lucis
552 2551 618 2599 ad
638 2549 861 2616 officium]
908 2551 1051 2602 Quos
1076 2549 1323 2600 invitatas

269 2623 331 2670 'ad
354 2625 721 2677 celebrandum
744 2627 881 2677 diem
899 2634 1048 2677 'tuum
1084 2628 1325 2676 natalem.

275 2699 421 2752 Mane
460 2704 822 2763 sacrificabant
862 2705 913 2753 in
946 2703 1199 2766 ejusmodi
1241 2716 1323 2752 so*-

269 2773 633 2831 ieiunitatibus.
694 2781 709 2808 ‘
729 2778 988 2830 Officium'
1012 2786 1183 2828 autem
1208 2779 1322 2828 heic

275 2856 720 2918 proprieomnino.
786 2858 926 2907 Plin.
951 2857 1121 2920 Epist.
1144 2863 1192 2906 5.
1232 2857 1321 2906 lib.

277 2933 319 2977 1.
347 2932 362 2958 ‘
387 2933 590 2984 Paucos
615 2942 731 2998 post
764 2934 876 2983 dies
913 2933 1026 2997 ipse
1052 2949 1133 2983 me
1156 2935 1323 2998 Regu·

277 3005 346 3055 lus
366 3012 611 3073 convenit
631 3013 682 3060 in
706 3011 961 3060 Praetoris
987 3009 1192 3061 officio?
1260 3011 1323 3058 In

274 3085 454 3147 nuptiis
493 3089 597 3138 hoc
633 3086 856 3136 officium
896 3085 1157 3152 frequens.
1219 3086 1323 3135 Pe·

276 3164 491 3215 tronius:
549 3168 565 3195 ‘
591 3166 930 3216 consurrexit
980 3165 1043 3213 ad
1102 3162 1323 3214 officium

265 3239 533 3300 nuptiale?
548 3242 790 3293 Juvenal.
806 3243 914 3291 Sat.
927 3245 974 3290 2.
993 3244 1009 3268 ⁴
1029 3242 1161 3292 Quae
1181 3254 1323 3290 caus-

275 3325 328 3359 sa
341 3312 524 3365 officii?
541 3317 671 3383 quid
690 3319 899 3382 quaeris,
914 3316 1083 3366 Nubit
1100 3314 1325 3366 amicus!

277 3386 405 3439 Hinc
426 3401 479 3441 et
502 3400 517 3422 ‘
536 3392 727 3444 officia’
751 3393 997 3443 dicuntur
1019 3407 1049 3441 a
1066 3393 1100 3444 J
1106 3390 1323 3442 uv'enale

274 3461 436 3529 Satyr.
472 3474 550 3520 10.
575 3471 812 3532 clientes,
845 3470 957 3519 haec
988 3475 1045 3518 et
1072 3469 1325 3533 ejusmodi

270 3538 434 3603 *efficia
487 3548 718 3611 patronis
754 3554 1091 3612 praestantem
1136 3549 1151 3574 ‘
1168 3548 1324 3597 Illinc

266 3621 571 3684 cornicines,
608 3625 727 3675 hinc
782 3624 1143 3689 praecedentia
1182 3623 1323 3687 longi

241 3730 247 3734 -
278 3691 499 3758 Agminis
520 3700 691 3752 officia
707 3703 743 3752 :’
773 3703 839 3752 τὸ
856 3702 1122 3762 καθήκοντα
1140 3702 1322 3752 eodem

276 3773 419 3823 modo
440 3780 641 3842 reperio
657 3781 796 3845 apud
812 3782 1093 3830 Luciannm
1114 3780 1168 3828 in
1190 3792 1322 3827 som-

278 3848 372 3900 nio.
407 3853 659 3907 Her-aldus.

336 3932 365 3974 5
397 3930 607 3996 Postera,
626 3935 733 3997 ξω]
780 3935 899 3986 Jam
935 3948 1058 3983 vero
1073 3947 1163 3982 me
1181 3933 1325 3982 velut
1393 3947 1431 3984 a

278 4000 360 4052 imi
392 4010 582 4058 ordinis
616 4013 834 4060 amicum
873 4013 1063 4061 invitas
1102 4012 1169 4060 ad
1203 4012 1323 4060 reli*-

279 4081 411 4143 quias
427 4093 484 4135 et
506 4088 743 4138 analecta
753 4090 808 4137 in
832 4091 1062 4139 crastino
1079 4088 1321 4138 convivii.

327 4162 367 4205 ὃ
398 4160 641 4214 Sexceatis
651 4166 807 4228 hodie,
824 4167 934 4230 ξω]
952 4166 1123 4216 Hodie
1139 4166 1325 4229 itaque

282 4230 470 4287 invitati
492 4241 758 4292 celebrent
781 4244 1010 4293 natalem
1049 4250 1192 4293 tuum
1216 4256 1325 4293 mu-

2296 391 2468 456 1397

1403 544 1636 609 neribus,
1663 560 1757 609 pro
1780 562 1941 611 more,
1964 549 2333 612 genethliacis:
2369 555 2466 616 ego

1405 634 1519 670 cras
1547 623 1626 671 vel
1650 637 1937 689 nunquam:
1971 641 2138 692 neque
2170 628 2303 677 enim
2326 631 2465 678 veni—

1406 713 1487 746 am
1510 707 1734 751 vocatus.
1786 701 2043 753 Gruterus
2061 704 2366 767 simpliciter
2383 722 2465 757 ac·

1403 775 1555 838 cipit,
1576 777 1716 841 quasi
1739 780 1918 828 auctor
1950 781 2190 831 maluerit
2214 797 2270 833 se
2288 784 2466 846 'poste-
2545 833 2549 844 ,

1405 866 1463 901 ιο
1505 852 1590 903 die
1630 855 1836 905 invitari
1873 869 2024 922 quam
2052 858 2242 922 priore,
2270 860 2337 909 ob
2355 866 2466 909 tur·

1405 929 1660 993 bam‚&c.

1471 1006 1630 1057 Erro.
1670 1020 1821 1060 1.xv1.
1882 1014 1913 1059 4
1952 1010 2110 1066 Quare
2146 1027 2237 1062 nou
2279 1007 2465 1075 habeus,

1403 1084 1511 1148 ξω]
1543 1085 1694 1136 Quod
1731 1087 1882 1149 vulgo
1911 1087 2101 1138 dicitur
2127 1108 2140 1139 ς
2174 1090 2231 1139 he
2251 1090 2367 1140 nath
2386 1097 2464 1140 too

1395 1175 1547 1226 many
1569 1164 1864 1225 occupations
1884 1170 1932 1213 to
1953 1166 2120 1215 thva've.
2153 1167 2254 1219 Qui
2274 1167 2464 1233 ubique

1391 1245 1507 1298 est,
1551 1252 1809 1302 nunquam
1841 1248 1936 1289 est.
2002 1242 2202 1291 Seneca
2223 1243 2391 1306 Epist.
2412 1249 2462 1294 2.

1405 1320 1421 1342 ‘
1445 1314 1618 1363 Multa
1648 1315 1794 1365 novit
1828 1318 2029 1381 vulpes,
2064 1319 2275 1370 echinus
2308 1325 2464 1371 unum

1391 1389 1682 1450 ‘magnumst

1469 1467 1629 1516 Eme.
1649 1480 1822 1517 van.
1870 1473 1901 1518 2
1931 1470 2062 1525 Quid
2077 1472 2286 1536 cupiam]
2322 1473 2462 1522 Mor-

1390 1550 1514 1592 ·tem
1537 1550 1712 1592 tuam.
1737 1552 1808 1593 ·ut
1826 1544 2215 1608 Epigrammate
2232 1552 2313 1597 63.
2330 1548 2463 1598 libro

1402 1622 1452 1668 6.
1497 1632 1650 1668 versu
1684 1624 1732 1669 2.
1776 1621 2161 1685 Epigrammate
2184 1625 2464 1676 2⁷.1ib.8.

1405 1711 1564 1761 supra
1587 1699 1970 1763 Epigrammate
1991 1707 2076 1752 45.
2192 1712 2211 1747 t

1468 1775 1631 1825 Eric..
1674 1789 1871 1828 vam.
1935 1782 1966 1827 2
2028 1779 2094 1828 Ut
2132 1781 2324 1842 pudeat,
2356 1778 2462 1843 ξω]

1404 1852 1592 1901 Levior
1625 1854 1817 1917 quippe
1851 1855 2126 1918 ignominia
2159 1871 2224 1904 ex
2257 1857 2465 1919 repulsa

1401 1928 1453 1976 in
1499 1930 1698 1993 magnis
1735 1945 1883 1995 quam
1905 1933 2131 1995 ,parvisx
2167 1940 2221 1982 et
2247 1932 2461 1982 adverte

1401 2006 1723 2069 Polyptotou
1768 2009 1820 2056 in
1875 2009 2160 2074 6ιιιοςιιιιιιξ
2213 2009 2460 2075 ‘magnif

1399 2083 1416 2111 ‘
1435 2084 1656 2147 magna.’
1792 2125 1793 2130 ,

1460 2160 1631 2209 Emo-
1674 2174 1832 2211 thx.
1902 2161 2093 2211 Nobile
2132 2163 2461 2226 Epigramma

1398 2235 1452 2283 in
1483 2250 1666 2285 canem
1697 2238 2012 2287 venatricem
2047 2238 2114 2287 ab
2148 2253 2277 2301 apro
2303 2240 2464 2290 inter·

1397 2312 1624 2375 fectam3
1657 2328 1811 2378 quam
1845 2329 1961 2363 cum
1995 2314 2267 2378 Procyone
2301 2323 2357 2365 et
2380 2315 2458 2364 Si-

1391 2391 1477 2438 ‘rio
1503 2392 1553 2439 in
1577 2393 1761 2440 coelum
1785 2393 1981 2453 relatis,
2019 2407 2237 2456 cumque
2274 2393 2464 2442 Home·

1401 2466 1510 2517 rico
1533 2468 1736 2531 Ulyssis
1756 2482 1882 2518 cane
1900 2468 2043 2532 Argo
2065 2468 2289 2519 confert.
2334 2470 2461 2519 Per-

1400 2553 1636 2594 cusserat
1673 2544 1889 2607 Lydiam
1924 2559 2052 2608 aper
2074 2547 2264 2608 populo
2286 2554 2463 2595 notam

1400 2628 1455 2670 et
1477 2621 1704 2683 charam,
1737 2623 1882 2686 cujus
1917 2622 1998 2670 hic
2018 2622 2285 2685 ingenium
2311 2623 2364 2670 in
2386 2620 2464 2671 fe·-

1391 2713 1485 2748 =ras
1527 2713 1788 2762 asperum,
1827 2699 2069 2748 blandum
2106 2699 2167 2746 -in
2212 2698 2462 2762 dominos,

1399 2774 1668 2841 fatumque
1691 2776 1863 2825 nobile
1886 2775 2158 2825 describit.
2192 2775 2371 2824 Rader.
2436 2785 2444 2815 i

1465 2858 1491 2903 1
1527 2843 1961 2917 Amphilheatrales
1979 2851 2130 2914 inter]
2174 2851 2325 2901 Inter
2361 2846 2463 2901 Ve-

1391 2940 1604 2982 natores
1648 2932 1736 2996 qui
1768 2937 1973 2987 curant
1984 2931 2288 2980 ‘venationes
2319 2932 2462 2981 exhi-

1399 3008 1660 3058 bendasin
1680 3008 2074 3072 Amphitheatro
2097 3009 2310 3058 nutrita.
2357 3009 2462 3057 Nnc·
2494 3007 2502 3016 ‘

1399 3087 1520 3137 trita
1539 3088 1809 3149 mag-istros,
1826 3089 1907 3150 ξω
1911 3084 1935 3148 ]
1981 3085 2356 3150 Prosopopoeia
2375 3098 2460 3136 ca-

1398 3163 1511 3212 nis.

1455 3244 1494 3290 3
1529 3241 1754 3303 Domino,
1768 3240 1879 3304 ξω]
1928 3241 2149 3290 Domino
2168 3255 2287 3290 mco
2311 3255 2461 3306 aeque

1399 3317 1506 3367 fida
1547 3333 1608 3366 ac
1667 3318 1856 3367 dextra
1901 3318 2130 3380 propria.
2199 3318 2307 3366 Alii
2356 3320 2459 3383 leg.

1399 3395 1608 3457 Dextro,
1627 3402 1686 3444 ut
1705 3396 1772 3443 sit
1793 3393 1981 3458 κύριον·
1968 3428 1981 3442 .
2008 3402 2172 3443 recte.

1462 3477 1495 3522 4
1533 3472 1734 3534 cmm]
1766 3473 1989 3531 Metam,
2034 3471 2343 3534 Hymeram5
2372 3480 2464 3521 seu

1401 3549 1663 3609 Neaeram,
1697 3562 1899 3612 canem,
1930 3563 2047 3612 quae
2080 3549 2293 3610 Erigoni
2323 3562 2465 3597 mon·-

1397 3625 1606 3685 stravit,
1641 3625 1731 3674 ubi
1765 3632 1921 3689 pater
1952 3627 2152 3675 Icarius
2187 3624 2463 3688 apostori-
2518 3616 2523 3619 ’

1397 3704 1492 3754 bns
1517 3701 1922 3752 Atticisoccisus
1929 3703 2136 3766 jaceret
2152 3702 2461 3764 insepultus.

1396 3781 1597 3845 Hygia.
1616 3780 1747 3830 Fal).
1772 3783 1886 3827 130.

1463 3863 1491 3905 5
1529 3857 1638 3906 Nec
1657 3856 1754 3919 qui,
1771 3855 1880 3917 ξω]
1933 3855 2048 3903 Nec
2084 3853 2285 3915 Laelaps
2320 3851 2463 3901 canis

1482 3933 1618 3984 Jove
1671 3939 1844 3982 custos
1897 3932 2121 3993 Europae
2176 3928 2464 3992 appositus,

1399 4026 1553 4076 quem
1577 4026 1609 4059 a
1626 4009 1802 4058 Minoe
1818 4013 2091 4072 acceptum
2116 4004 2326 4055 Procris
2342 4020 2463 4054 con-

1389 4089 1507 4154 jugi
1536 4090 1643 4136 ”suo
1695 4084 1926 4147 Cephalo
1971 4083 2199 4146 reliquit.
2266 4080 2465 4144 Hygin-

1399 4166 1489 4216 lib.
1512 4169 1563 4213 2.
1585 4171 1639 4212 et
1663 4161 1820 4212 Ovid.
1845 4166 1896 4212 7.
1918 4157 2268 4221 Metamorph.

1467 4245 1513 4290 *6
1528 4238 1763 4301 Luciferae
1779 4234 1982 4303 pan‘ter,
2002 4235 2108 4301 ξω]
2140 4233 2224 4284 Ad
2248 4235 2465 4305 Lenam,
