2985 4937
426 338 429 343 ’
487 349 657 417 1152

487 517 545 560 et
585 509 918 574 voluptatem.
963 507 1081 560 vide
1124 509 1430 575 epigramm.
1466 514 1548 561 32.

486 587 618 640 libro
642 594 689 639 1.

550 672 582 717 7
616 667 741 716 Haec
762 671 958 730 proestu,
979 666 1086 730 ξω]
1120 667 1254 717 Haec
1275 667 1398 717 milii
1422 682 1546 716 con-

485 745 694 807 tingant
738 745 819 794 vel
854 745 905 793 in
938 743 1301 794 obscurissimo
1340 744 1545 807 Apuliae

485 821 682 884 oppido
719 822 938 883 Bitonti,
978 820 1305 886 habeantque
1342 821 1439 870 sibi
1461 820 1548 868 alii

485 898 582 962 (nil
602 897 797 964 moror)
809 899 1030 949 thermas
1043 912 1268 948 amoenas
1287 899 1336 945 -N
1346 898 1548 947 eronia-

490 988 583 1024 nas
605 983 928 1039 caeterasque
950 974 1160 1024 delicias
1180 977 1376 1024 Romae.
1416 976 1545 1026 Rau.

554 1051 716 1120 Erre.
749 1065 794 1102 1..
858 1056 885 1101 1
944 1053 1013 1102 Et
1043 1067 1212 1116 aquom
1245 1057 1403 1116 potas,
1436 1053 1546 1117 ξω]

488 1126 585 1177 Est
599 1142 666 1177 ex
686 1142 828 1177 more
842 1128 1056 1178 aliarum
1071 1128 1413 1192 foeminarum,
1431 1144 1546 1194 quae

485 1219 517 1255 a
554 1204 694 1255 coitu
713 1204 890 1254 lavant
909 1204 974 1254 τὰ
994 1205 1157 1256 αἰδοῖα.

553 1283 712 1331 Eme.
736 1293 811 1330 m.
835 1285 867 1330 2
891 1281 1093 1345 Trium]
1118 1284 1368 1333 Nummus
1391 1299 1547 1349 asper

488 1362 545 1409 et
598 1371 761 1406 novus
801 1359 928 1407 trito
975 1368 1031 1408 et
1062 1360 1230 1409 veteri
1270 1361 1547 1411 laudatior.

486 1435 607 1486 vide
631 1450 716 1498 ep.
740 1440 791 1485 ὅ.
818 1440 867 1484 8.
887 1436 923 1485 l.
947 1439 996 1486 9.
1531 1460 1536 1467 ·

480 1526 485 1531 ·
549 1516 583 1562 4
636 1513 733 1563 Sed
761 1513 806 1562 si
840 1513 962 1577 quis,
1000 1512 1106 1581 ξω]
1157 1512 1260 1563 Sed
1315 1514 1547 1566 cinoedus

488 1587 800 1656 ἆνδροσάθων.

550 1673 580 1716 6
635 1666 847 1731 Spectat,
889 1667 998 1731 ξω]
1052 1666 1178 1731 Ipse
1214 1682 1317 1718 non
1370 1667 1554 1727 edens,

484 1758 734 1807 esuriens,
749 1743 1112 1805 famelicus‚l
1128 1749 1173 1795 1.
1189 1745 1440 1809 epigram.
1463 1750 1546 1797 44.

488 1820 505 1849 ‘
531 1827 734 1871 tantum
759 1822 1109 1886 spectavimus
1129 1820 1341 1871 omnes!

551 1899 893 1950 Eme.1.11.1
927 1899 1152 1961 Laturus,
1193 1900 1300 1963 ξω]
1331 1898 1418 1949 Ita
1451 1900 1546 1952 Jo-

486 1976 635 2039 seph.
674 1976 812 2029 Scal.
845 1975 910 2027 ad
934 1977 1028 2028 lib.
1050 1981 1099 2028 4.
1116 1977 1383 2041 Propertii
1412 1979 1545 2042 legit

485 2051 830 2114 emendatius,
852 2067 1002 2117 quam
1027 2055 1161 2119 quod
1186 2055 1338 2118 vulgo
1372 2055 1547 2106 editur

486 2123 704 2192 lictum-i,
743 2136 801 2180 et
822 2131 1042 2195 intelligi
1085 2133 1196 2181 vult
1218 2131 1444 2197 οὐρήσεις.
1478 2149 1544 2183 an

485 2220 555 2255 ex
598 2207 795 2257 Valerii
816 2216 992 2259 mente
1020 2210 1216 2259 nescio.
1238 2211 1349 2274 Ego
1369 2211 1547 2275 λουτρὰ

482 2285 831 2348 exposuerim,
850 2285 1073 2337 lotiones
1095 2287 1296 2338 scilicet
1324 2303 1356 2337 a
1377 2289 1545 2339 tribus

483 2359 823 2426 impudicitiae
848 2364 1137 2426 generibus.
1160 2407 1167 2415 .
1190 2366 1323 2418 Quae
1346 2381 1446 2430 ego
1469 2373 1547 2416 ta-

488 2451 602 2488 ceo.
659 2439 764 2492 Qui
814 2455 905 2490 suo
960 2442 1192 2506 periculo
1247 2442 1547 2507 ingeniosus

485 2530 596 2564 esse
615 2517 782 2580 volet,
804 2518 979 2569 eliciat
996 2534 1063 2569 ex
1085 2519 1254 2583 epigr.
1270 2524 1352 2569 50.
1374 2534 1549 2586 snpra,

484 2599 542 2643 et
562 2593 874 2645 Mammosam
894 2596 947 2645 in
964 2597 1065 2646 hoc
1083 2593 1248 2660 epigr.
1313 2598 1415 2646 Vel
1439 2599 1550 2649 vult

482 2669 703 2721 Dasium
740 2673 1079 2737 praepositum
1116 2673 1323 2737 balneo,
1359 2689 1548 2739 popos-

485 2747 619 2797 cisse
669 2748 930 2811 triplicem
976 2750 1272 2800 mercedem
1306 2758 1361 2801 et
1399 2766 1547 2802 acce-

485 2822 643 2886 pisse.
688 2824 908 2874 Interim
927 2823 1119 2888 duplex
1144 2825 1438 2875 intellectus
1458 2840 1546 2876 vo·

489 2898 565 2948 cis
598 2901 764 2960 dedit5
807 2899 1186 2966 ambigiturque
1213 2917 1279 2952 an
1314 2916 1548 2952 nummos

486 2975 712 3040 dederit,
737 2992 800 3025 an
819 2976 990 3041 potius
1007 2977 1171 3042 ipsam
1194 2993 1271 3028 se.
1292 2979 1545 3029 Gruterus.

514 3073 519 3090 -“
551 3052 712 3103 Eme.
736 3067 858 3104 mn.
893 3058 917 3103 1
944 3054 1191 3118 Mentiris,
1201 3054 1303 3117 ξω]
1324 3056 1545 3120 Elegan-

486 3133 570 3178 ter
592 3129 851 3178 Martialis
865 3129 1180 3195 quorundam
1201 3130 1547 3181 ἐθελοδουλείαν

484 3205 811 3268 perstringit,
835 3207 922 3271 qui
946 3207 1027 3256 vel
1041 3208 1259 3269 ventris,
1283 3209 1363 3257 vel
1387 3209 1545 3258 ambi-

489 3282 648 3334 tionis
672 3297 854 3333 caussa
877 3283 1173 3334 libertatem
1198 3286 1350 3349 plane
1374 3288 1545 3349 perdi·
1549 3297 1564 3306 ‘⁸

487 3366 595 3422 tum
634 3369 778 3426 eunt,
813 3369 870 3411 et
902 3362 969 3412 ad
1003 3370 1183 3413 nutum
1206 3364 1430 3414 alienum
1470 3365 1546 3414 vi-

485 3444 645 3488 vunt:
694 3440 779 3489 cni
812 3439 1020 3505 quidem
1058 3442 1193 3491 malo
1236 3441 1437 3491 obviam
1479 3443 1543 3491 iri

378 3519 385 3534 ⁸
486 3530 636 3580 posse
654 3516 749 3580 ait,
769 3517 811 3567 si
833 3524 978 3567 sorte
996 3525 1168 3568 nostra
1188 3521 1439 3578 contenti,
1456 3534 1544 3569 ne·

485 3609 587 3659 que
601 3593 835 3658 delicias,
849 3610 1017 3661 neque
1039 3610 1164 3660 opes
1179 3611 1547 3661 supervacuas,

483 3684 653 3735 neque
667 3671 885 3735 gloriam
903 3673 1108 3723 inanem
1127 3680 1406 3723 sectemur.
1443 3673 1542 3723 He·

482 3751 606 3801 mm.

547 3830 579 3876 8
611 3826 758 3876 Liber
777 3828 895 3892 eris]
942 3827 1163 3877 Plurimi
1186 3827 1319 3877 enirn
1344 3807 1543 3879 ventris

481 3909 666 3955 caussa
681 3905 878 3968 seipsos
912 3903 1247 3966 addicebant,
1273 3918 1429 3969 quum
1452 3918 1544 3967 po·

483 3981 764 4030 tentiorum
794 3994 966 4030 coenas
997 3985 1290 4043 captarent,
1315 3980 1403 4030 ubi
1435 3996 1543 4030 om-

481 4057 571 4106 nia
625 4057 1047 4108 contumeliarum
1104 4071 1297 4119 genera
1357 4072 1542 4108 conco-

482 4132 689 4202 quenda
709 4137 878 4193 erant,
909 4132 1044 4195 quod
1061 4132 1141 4181 vel
1167 4146 1296 4182 unus
1315 4132 1349 4184 J
1353 4147 1541 4183 uvena-

489 4212 552 4260 lis
570 4212 842 4273 eleganter
855 4209 1101 4260 observat
1115 4211 1285 4273 Satyr.
1310 4217 1359 4261 5.

548 4290 580 4336 4
621 4284 875 4346 Veientana
907 4287 1023 4351 uva]
1078 4288 1266 4338 Vinum
1303 4298 1458 4339 tenue
1481 4304 1542 4339 ac

1186 366 1405 415 NO'rAE
1454 365 1856 416 vAmoRuM
1912 368 1989 419 ΙΝ

1622 510 1722 561 vile
1736 525 1802 559 ex
1826 526 1953 574 agro
1973 511 2292 575 Vejentano.

1684 593 1712 636 6
1749 586 1808 635 Si
1828 588 2004 650 ridere,
2024 588 2129 652 ξω]
2164 589 2218 638 Si
2245 595 2395 652 potes
2419 588 2676 653 negligere

1620 665 1902 734 luxuriosas
1940 681 2066 735 opes
2108 667 2345 730 divitum,
2374 668 2461 732 qui
2505 668 2567 716 iis
2602 667 2676 716 uti

1621 742 1894 804 nesciunt3
1927 743 2006 792 vel
2034 744 2078 791 si
2111 744 2214 793 risu
2250 753 2401 808 potes
2435 742 2677 808 excipere
2724 746 2729 758 '

1622 835 1868 875 vanorum
1898 823 2253 885 ψευδοπλονέῶν
2273 836 2513 886 pompam
2537 827 2593 871 et
2613 820 2678 868 si-

1619 899 1838 947 mulatas
1871 899 2098 948 divitias.
2187 900 2269 948 De
2311 896 2680 963 Chrysendetis

1622 974 1742 1025 vide
1759 991 1914 1040 supra
1936 977 2102 1041 epigr.
2120 980 2203 1026 43.
2231 979 2463 1038 versu-12.

1683 1056 1716 1101 6
1764 1053 1965 1112 Nostra,
2000 1052 2109 1116 ξω]
2165 1053 2311 1102 Trita
2355 1059 2411 1102 et
2455 1050 2677 1116 plebeia·

1620 1129 1878 1192 epigr.58.
1896 1145 2053 1193 supra
2075 1137 2131 1179 et
2150 1129 2316 1194 epigr.
2342 1132 2422 1178 36.
2442 1128 2480 1178 l.
2505 1132 2551 1176 3.
2671 1164 2674 1169 .

1686 1211 1716 1256 7
1745 1207 1803 1257 Si
1839 1203 2044 1272 plebeja,
2059 1207 2166 1272 ξω]
2199 1207 2253 1256 Si
2280 1221 2384 1255 non
2407 1205 2547 1255 albas
2569 1220 2677 1254 sec-

1625 1285 1747 1335 teris
1765 1287 1943 1348 stolas,
1961 1286 2237 1336 meretrice
2262 1290 2539 1333 contentus
2572 1282 2679 1345 ple·

1620 1360 1739 1412 beia
1742 1361 1927 1426 facili,
1942 1359 2300 1426 vili,parabili
2313 1361 2477 1424 epigr.
2490 1362 2570 1408 33.
2584 1359 2618 1407 1.
2629 1361 2678 1408 9.

1685 1443 1718 1488 8
1751 1439 1810 1489 Si
1841 1445 1925 1489 tua
1960 1455 2052 1489 uon
2090 1444 2263 1501 rectus,
2291 1426 2398 1501 ξω]
2450 1436 2680 1506 Cernuus

1620 1516 1821 1566 intrans
1855 1517 2099 1567 humilem
2133 1529 2341 1566 casam.
2392 1512 2474 1562 vel
2512 1511 2680 1576 potius

1621 1595 1864 1645 incurvus
1886 1609 1982 1658 per
2004 1595 2171 1643 scalas
2191 1590 2474 1641 ascendens
2494 1587 2558 1637 ad
2585 1602 2683 1635 coe·

1623 1675 1832 1737 nacula,
1854 1688 1969 1738 qnae
2012 1670 2374 1722 conducebant
2397 1678 2680 1731 pauperes3
2713 1672 2718 1675 '

1622 1751 1789 1814 epigr.
1835 1755 1949 1800 109.
1995 1764 2130 1800 vers.
2173 1750 2225 1797 2.
2271 1755 2325 1796 et
2364 1745 2529 1810 epigr.
2569 1745 2682 1792 108.

1621 1842 1756 1878 vers.
1777 1832 1826 1877 3.

1685 1908 1718 1953 9
1750 1904 1875 1953 Hoec
1897 1903 1988 1953 tibi
2026 1904 2071 1952 si
2103 1902 2195 1964 vis,
2231 1899 2343 1965 ξω]
2378 1897 2598 1948 Excelso
2621 1900 2676 1943 et

1619 1978 1743 2030 forti
1767 1979 1936 2029 animo
1958 1995 2088 2045 opus
2104 1968 2183 2029 est
2206 1978 2271 2028 ad
2290 1976 2501 2035 divitias
2517 1981 2572 2023 et
2595 1971 2678 2022 de-

1619 2055 1766 2106 licias
1790 2057 2212 2107 contemnendas.

1685 2136 1748 2182 10
1784 2133 1991 2196 Partho,
2009 2132 2115 2196 ξω]
2152 2131 2339 2182 Parthi
2380 2126 2680 2196 pertinacis·

1619 2209 1734 2258 simi
1769 2216 1890 2258 sunt
1931 2209 2192 2260 libertatis
2235 2223 2339 2257 suae
2387 2217 2680 2271 propugna-

1622 2294 1793 2338 tores:
1844 2284 2092 2353 quosque'
2110 2300 2253 2336 arma
2305 2287 2538 2334 Romana
2585 2279 2683 2331 sibi

1622 2365 1881 2430 subjicere
1909 2381 2167 2431 nunquam
2191 2371 2493 2428 potueruut.

1625 2489 1630 2500 .
1686 2444 2062 2495 Eme.1.1v.1
2087 2443 2215 2500 Quid
2236 2443 2294 2492 de
2320 2447 2388 2506 te,
2408 2439 2519 2506 ξω]
2553 2439 2679 2489 Esse

1622 2526 1678 2571 te
1694 2521 1977 2586 pathicum,
1990 2529 2046 2571 et
2062 2521 2284 2570 draucos
2307 2518 2544 2577 sectari3
2571 2529 2684 2579 pro-

1621 2599 1745 2649 inde
1785 2599 2026 2663 adjunxit
2057 2597 2154 2649 tibi
2190 2596 2461 2694 custodem
2499 2590 2683 2659 spado-

1621 2691 1762 2739 nem,
1801 2676 2071 2739 impotem.

1685 2761 1715 2804 5
1752 2754 1991 2804 Nasutius
2016 2751 2126 2815 hac]
2171 2750 2253 2801 Ad
2288 2750 2452 2800 adven
2456 2745 2681 2799 tendum

1622 2832 1981 2895 Malignimque
1999 2831 2094 2894 est]
2127 2829 2212 2880 Ad
2230 2826 2598 2896 coercendum.

1659 2935 1660 2938 =
1687 2910 1850 2958 Erm-
1882 2922 1971 2958 nv.
2026 2913 2050 2956 1
2098 2907 2184 2957 Vis
2220 2911 2288 2967 te,
2317 2904 2427 2968 ξω]
2460 2895 2685 2966 AEquali-
2744 2932 2746 2935 ι

1621 2993 1783 3037 tatem
1801 2996 1854 3036 et
1877 2985 2292 3050 familiaritatem
2321 2982 2492 3032 inesse
2529 2977 2683 3027 docet

1621 3075 1779 3112 merae
1799 3062 2060 3111 amicitiae.
2130 3059 2259 3124 Coti]
2292 3058 2443 3110 Quod
2464 3054 2681 3105 est-inas·

1619 3139 1868 3203 qualium,
1890 3137 2211 3201 potentiores
2234 3136 2369 3184 enim
2394 3134 2677 3183 coluntur-*a

1621 3214 1977 3274 tenuioribus,
1963 3230 1977 3242 ·
2012 3213 2241 3278 aequales
2279 3213 2418 3262 iuter
2448 3225 2503 3258 se
2538 3203 2681 3255 fami·

1618 3291 1817 3341 liariter
1835 3298 2026 3341 amant.
2081 3291 2263 3340 Rader.
2299 3288 2552 3340 Volebam
2584 3295 2678 3342 ego

1621 3376 1674 3419 te
1691 3383 1793 3432 pro
1801 3363 1982 3420 sodali
2017 3382 2211 3438 amare,
2250 3367 2342 3417 sed
2364 3374 2422 3417 tu
2455 3379 2537 3414 me
2560 3358 2680 3410 ami-

1620 3461 1737 3495 cum
1762 3446 2091 3508 dedignatus,
2122 3452 2177 3496 te
2203 3460 2233 3493 a
2256 3459 2338 3493 me
2362 3445 2553 3496 cliente
2578 3434 2677 3486 coli

1620 3523 1735 3573 vis.
1771 3524 1933 3573 colam
1953 3524 2149 3587 itaque,
2173 3536 2275 3571 non
2296 3522 2511 3572 amabo:
2528 3516 2677 3566 timo·

1620 3601 1661 3650 ri
1685 3601 1820 3650 enim
1841 3616 1957 3650 cum
1978 3615 2154 3651 amore
2175 3600 2311 3650 male
2334 3594 2604 3651 convenit
2589 3628 2604 3652 2
2623 3595 2678 3637 et

1619 3679 1733 3727 Deo
1756 3678 1882 3728 satis
1905 3685 2002 3741 est,
2041 3685 2099 3728 ut
2141 3684 2343 3728 ametur
2363 3684 2422 3729 et
2458 3672 2674 3725 colatur.

1617 3754 1993 3818 Senecaepist.
2014 3758 2098 3803 47.
2704 3775 2725 3782 -

1683 3836 1714 3881 3
1748 3830 1846 3881 Sed
1881 3830 1997 3880 site
2022 3832 2141 3894 colo,
2169 3828 2276 3895 ξω]
2318 3829 2383 3881 Id
2422 3835 2525 3886 est,
2555 3821 2675 3872 Non

1619 3914 1770 3972 potes
1792 3906 1983 3958 habere
2016 3923 2099 3958 me
2120 3909 2339 3959 amicum
2361 3913 2417 3958 et
2447 3900 2675 3953 adulato-

1618 4000 1747 4035 rem.
1812 3985 2010 4034 Multos
2030 3985 2166 4034 enim
2191 3986 2404 4035 colimus
2424 3986 2482 4030 et
2502 3968 2672 4026 servih

1619 4064 1952 4113 veneratione
1996 4063 2375 4128 prosequimur,
2408 4070 2536 4124 quos
2567 4060 2671 4101 non

1617 4140 1771 4190 modo
1794 4154 1895 4191 non
1906 4154 2151 4202 amamus,
2166 4139 2255 4188 sed
2281 4139 2437 4189 etiam
2452 4131 2670 4182 odimus:

1616 4216 1756 4281 quod
1780 4216 2009 4267 ostendit
2046 4218 2247 4266 Seneca
2270 4215 2358 4265 lib.
2400 4218 2447 4263 6.
2487 4207 2553 4257 de
2575 4204 2673 4251 Be-

1618 4291 1722 4343 uef.
1738 4308 1855 4359 cap.
1878 4297 1960 4343 33.
1981 4297 2037 4342 et
2057 4307 2169 4359 seq.
2188 4291 2398 4342 Her-ald.
