2985 4937
515 438 689 507 1428

517 598 659 648 visiae
683 605 869 647 nostrae
900 594 1037 645 haud
1072 592 1390 645 dissimilem.
1440 592 1573 641 Mal·

515 674 646 737 nm]
703 675 857 723 Potio
896 688 958 722 ex
999 686 1133 737 aqua
1169 676 1227 721 et
1261 670 1413 719 melle
1451 683 1572 718 con-

518 752 679 803 fecta.
724 749 889 811 Infra,
913 749 1062 811 Epig.
1089 751 1201 798 108.

527 861 530 862 ⁷
581 829 743 878 Erro.
788 840 889 876 vu.
949 830 973 875 1
1027 822 1248 888 δμωαί]
1297 821 1445 872 Inter
1488 836 1573 874 co-

518 904 796 971 quendum.
826 901 1013 964 Rutu-a]
1051 900 1224 953 Fictili
1250 913 1372 949 vase
1396 899 1572 961 rubro,

516 981 599 1030 vel
646 980 712 1028 ab
758 979 876 1041 igne
921 976 1159 1030 rubente.
1234 974 1436 1024 Cauchis
1482 973 1574 1023 eibi

513 1056 715 1121 pallida]
756 1055 897 1108 Faba
929 1068 1046 1104 cnm
1080 1052 1276 1104 cortice
1300 1052 1472 1111 elixa3
1506 1050 1573 1101 ad

515 1132 787 1183 discrimen
812 1130 945 1180 fabae
971 1128 1169 1190 fressae,
1189 1144 1304 1194 quae
1327 1129 1438 1178 sine
1461 1143 1573 1178 cor·

515 1209 622 1259 tice
674 1209 931 1272 coquitur.
1009 1206 1190 1270 Epigr.
1244 1210 1328 1256 78.
1380 1205 1472 1255 lib.
1523 1209 1571 1256 7.

518 1298 653 1333 vers.
685 1287 735 1331 2.
1549 1290 1558 1299 ·

579 1363 612 1408 2
643 1357 923 1421 Lautorum]
954 1357 1213 1408 Invitatus
1228 1364 1377 1421 potes
1396 1371 1573 1408 mensa

517 1436 730 1484 divitum
752 1450 951 1496 carere,
975 1435 1217 1499 domique
1240 1450 1464 1485 coenare.

580 1514 745 1563 Erro.
773 1526 896 1564 vm.
934 1517 956 1562 l
995 1512 1158 1564 Imbne
1174 1511 1402 1575 plebeias]
1438 1513 1571 1562 Con-

517 1588 644 1639 dito.
694 1589 905 1637 Clusinis
923 1589 1131 1653 pultibus
1164 1583 1302 1652 ollas]
1349 1589 1507 1638 Pulte
1541 1604 1571 1646 e

515 1663 655 1732 farre
690 1666 923 1728 Clusino,
954 1666 1089 1732 quod
1122 1669 1371 1731 optimum
1395 1676 1509 1728 θεῖς
1543 1682 1571 1715 e

517 1741 712 1802 Clusio,
732 1742 935 1790 Tusciae
959 1757 1089 1813 opp..
1122 1745 1138 1771 ‘
1166 1744 1294 1792 Far’
1316 1742 1574 1806 significat

515 1816 847 1877 frumentum,
894 1833 1048 1882 quum
1091 1833 1240 1869 omne
1284 1818 1419 1880 fere,
1464 1829 1593 1869 tum·

513 1894 834 1957 potissimum
852 1895 1095 1954 adoreum
1110 1912 1124 1956 3
1147 1896 1334 1947 deiude
1350 1894 1571 1948 farinam

516 1983 582 2018 ex
603 1970 784 2019 eodem
809 1969 1020 2033 factam,
1043 1981 1097 2021 et
1122 1965 1340 2036 pultem.
1379 1974 1508 2026 aaa.

579 2048 612 2094 2
653 2046 717 2094 Ut
737 2051 890 2106 satur,
911 2047 1020 2111 ξω]
1064 2048 1312 2099 Gratiora
1336 2051 1472 2099 enim
1499 2051 1573 2100 bi·

513 2121 709 2178 buntur
744 2136 774 2170 e
817 2125 947 2171 vasis
991 2125 1135 2188 pulte
1185 2126 1393 2176 imbutis
1438 2126 1573 2175 vina.

515 2196 747 2248 Turneb.
788 2198 876 2248 lib.
913 2203 995 2249 26.
1037 2215 1153 2266 cap.
1197 2206 1282 2253 28.
1322 2210 1377 2251 et
1408 2203 1572 2251 Theo·

515 2273 708 2338 phrast.
747 2274 839 2325 lib.
872 2275 938 2324 de
974 2275 1237 2326 Odoribus
1266 2278 1467 2343 scribit,
1488 2280 1574 2327 de-

514 2352 679 2404 missis
704 2352 754 2400 in
788 2351 921 2401 dolia
945 2351 1101 2402 farris
1123 2352 1253 2417 offis,
1285 2355 1455 2404 viuum
1482 2355 1573 2404 do·

513 2429 660 2491 mari,
674 2429 994 2494 mollescere,
1005 2438 1059 2480 et
1073 2445 1186 2481 cum
1199 2433 1392 2496 saporis
1404 2431 1574 2496 gratia

514 2505 806 2556 mitescere.

580 2581 738 2629 Eme.
776 2593 853 2630 rx.
910 2586 934 2631 1
974 2582 1235 2644 Niliacam,
1283 2585 1385 2648 ζα]
1436 2585 1572 2634 Lens

511 2657 648 2705 enim
667 2658 861 2721 optima
885 2660 1120 2709 nascitur
1133 2661 1273 2711 circa
1290 2661 1574 2721 Pelusium,

512 2746 636 2801 opp.
691 2734 916 2799 AEgypti,
960 2737 1115 2800 vulgo
1164 2737 1412 2799 Dumium,
1454 2737 1572 2787 aliis

511 2808 707 2870 Roseto,
749 2809 813 2858 ad
870 2819 1156 2862 extremum
1210 2815 1316 2864 Nili
1363 2816 1570 2863 ostium.

507 2884 523 2911 ‘
549 2885 663 2935 Nec
712 2887 992 2936 Pelusiacae
1015 2903 1189 2939 euram
1224 2891 1571 2954 aspernabere

511 2961 699 3023 lentis:
714 2962 860 3026 Belg.
877 2963 1070 3022 Lissen,
1091 2965 1282 3030 virgil.
1306 2967 1500 3031 Georg.
1521 2973 1569 3017 1.

578 3040 807 3091 Emmx.
847 3045 870 3088 l
900 3042 1051 3090 Dotes
1065 3057 1325 3103 numerare,
1347 3044 1572 3106 necusus]

506 3102 732 3164 Munera
765 3124 817 3164 et
851 3133 989 3166 usus.
1043 3118 1226 3167 Farina
1262 3120 1397 3168 enim
1434 3120 1569 3168 simi·

510 3190 717 3254 laginea
739 3192 893 3241 variis
918 3194 1161 3256 pistorum
1195 3195 1367 3244 usibus
1390 3196 1566 3245 servit.

425 3320 428 3327 K
510 3321 516 3327 .
578 3265 842 3316 Emesam.
880 3273 901 3316 1
939 3268 1112 3329 Mulio,
1130 3270 1237 3333 estu]
1274 3273 1392 3323 Quo
1409 3273 1567 3324 mulio

510 3341 783 3393 defraudat
809 3345 1047 3408 jumenta
1071 3356 1228 3398 muta.
1265 3350 1447 3413 Epigr.
1484 3356 1567 3403 28.

508 3418 600 3468 lib.
626 3425 705 3471 12.

508 3560 514 3567 ἱ
572 3501 605 3547 2
640 3497 762 3547 Hoec
793 3513 881 3561 ego
912 3501 1128 3562 cauponi,
1156 3500 1266 3565 qua]
1318 3501 1472 3555 Quod
1510 3511 1566 3553 tn

506 3571 703 3624 vendes
726 3577 967 3638 cauponi,
989 3576 1233 3639 pabulum
1256 3578 1401 3642 equis
1423 3576 1565 3628 futu-

505 3665 639 3713 rum,
656 3665 757 3701 non
773 3666 959 3716 panem
975 3652 1086 3703 tibi.
1122 3653 1255 3703 Vide
1272 3655 1566 3704 Turnebnm

499 3726 597 3781 lib.
620 3732 703 3778 25.
724 3743 840 3792 cap.
862 3733 941 3779 28.
990 3730 1163 3780 Dabat
1192 3730 1427 3785 dominus
1457 3746 1566 3781 mu·

505 3804 632 3853 lioni
675 3806 924 3856 hordeum
960 3806 1014 3855 in
1056 3816 1255 3870 pastum
1295 3810 1564 3859 mularum.

506 3879 627 3943 Ille,
668 3896 757 3932 eas
796 3882 935 3932 foeno
978 3892 1214 3935 saturare
1267 3894 1566 3948 contentus,

503 3971 795 4024 gnarusque
817 3968 984 4010 mutas
1000 3962 1225 4026 pecudes
1243 3961 1437 4013 furtum
1460 3979 1565 4013 non

503 4034 820 4097 prodituraS,
850 4040 1046 4086 mavult
1085 4038 1139 4088 id
1181 4040 1404 4093 vendere
1448 4056 1564 4090 cau·

503 4110 646 4179 poni,
676 4117 734 4160 et
765 4113 876 4175 ejus
909 4116 1075 4178 pretio
1106 4124 1193 4165 aut
1218 4117 1563 4167 mercedulam

506 4199 713 4248 augere,
736 4196 826 4237 aut
846 4202 1029 4238 curare
1052 4203 1242 4247 cutem.
1311 4194 1565 4257 Loquitur

505 4273 648 4323 ergo,
688 4269 929 4327 tauquam
971 4267 1181 4325 minime
1208 4268 1463 4333 'dubitans
1498 4268 1564 4318 de

503 4332 689 4389 fraude
725 4340 932 4391 servili:
968 4341 1168 4412 Accipe
1201 4345 1407 4410 quidem
1446 4346 1563 4395 hor·

1632 1973 1847 2034 perum.

1204 450 1444 499 NOTAE.
1471 447 1872 497 vanlonuu
1926 448 2003 495 ΙΝ

1648 590 1821 650 deum,
1844 590 1944 640 etsi
1980 589 2128 639 nimis
2160 603 2346 640 verear
2380 596 2436 638 ut
2467 587 2525 637 id
2561 589 2703 638 miili·
2748 607 2753 612 ·

1647 681 1906 730 apponas:
1944 667 2137 730 itaque,
2174 666 2293 729 quia
2329 664 2601 716 fraudator
2633 681 2707 726 es,

1648 751 1699 791 et
1724 741 1860 791 foeno
1883 745 2043 790 innuas
2068 741 2448 806 pascismidem·
2465 741 2705 790 hordeum

1650 819 1743 869 tibi
1767 834 1884 868 cum
1909 819 2131 869 maxime
2164 819 2311 879 daus,
2346 834 2448 870 non
2483 819 2598 883 tibi,
2619 819 2707 868 sed

1647 896 1871 959 cauponi
1893 896 2039 946 dare.
2092 896 2379 946 Gronovius.

1711 974 1874 1022 Eme.
1897 986 2002 1022 xn.
2042 978 2066 1023 1
2097 971 2586 1034 Tercentmnmodios]
2601 973 2708 1022 'Pri-

1648 1048 1802 1100 ticum
1819 1063 1882 1098 ex
1902 1048 2087 1098 Africa
2104 1046 2350 1099 frumeuti
2372 1048 2712 1108 feracissima,

1647 1125 1786 1190 quod
1827 1135 2030 1176 seratur
2066 1127 2118 1176 iu
2153 1141 2279 1190 agro
2311 1127 2613 1178 suburbano
2645 1142 2710 1177 ne

1647 1202 1940 1258 sterilescat
1962 1218 1975 1253 t
2014 1204 2096 1252 vel
2128 1218 2229 1267 quo
2254 1204 2425 1252 alatur
2447 1202 2569 1253 urbs
2589 1204 2710 1252 alio-

1648 1277 1734 1342 qui
1757 1278 1989 1341 peritura
2023 1278 2090 1327 ob
2121 1279 2229 1341 agri
2256 1276 2541 1327 suburbani
2564 1279 2710 1327 steri·

1646 1355 1866 1416 litatem,
1892 1369 1983 1404 seu
2006 1355 2252 1407 continua
2285 1356 2492 1404 cultura
2528 1352 2709 1404 effoeti.

1649 1433 1908 1481 Numerus
1949 1439 2123 1481 certus
2160 1447 2254 1496 pro
2293 1432 2518 1492 incerto,
2554 1431 2714 1495 quod,

1647 1523 1789 1559 more
1834 1507 2132 1570 Poetarum,
2186 1523 2280 1573 pro
2329 1523 2517 1572 magna
2562 1509 2711 1573 eopia

1648 1587 1872 1649 ponitur.
1924 1585 2094 1650 Libyci
2136 1588 2194 1635 de
2231 1600 2376 1635 messe
2407 1584 2585 1647 coloni]
2631 1586 2710 1635 De

1646 1662 1925 1723 frumento,
1947 1661 2089 1727 quod
2112 1661 2176 1712 ab
2198 1661 2440 1725 agricolis
2460 1676 2527 1710 ex
2555 1661 2713 1726 Libya

1647 1738 1907 1794 adfertur.

1714 1818 1875 1867 Eme.
1899 1829 2028 1866 xnl.
2065 1820 2089 1864 1
2129 1812 2531 1878 Supiantsatuoe]
2582 1813 2713 1862 Iusi-

1647 1892 1785 1957 pidae
1799 1892 1897 1943 nisi
1912 1888 2553 1951 condiantur.-Fabrorum]
2579 1889 2713 1937 Pau-

2488 1963 2519 1996 ο

1713 2047 1871 2106 Eme.
1900 2058 2018 2094 xiv,
2059 2048 2081 2093 l
2125 2045 2371 2105 claudere,
2390 2042 2496 2108 ξω]
2531 2044 2601 2092 Ut
2627 2040 2712 2090 fri-

1650 2120 1869 2183 giditate
1914 2135 2007 2169 sua
2052 2119 2393 2169 retunderent
2437 2121 2545 2166 vini
2578 2118 2710 2166 ealo-

1650 2209 1786 2248 rem:
1825 2204 1878 2246 et
1901 2195 2067 2245 somni
2091 2194 2401 2244 conciliandi
2428 2208 2571 2257 ergo.

1713 2276 1745 2321 2
1783 2271 1970 2335 Dupes]
2039 2270 2123 2320 Ad
2171 2269 2543 2319 lubricandum'
2591 2285 2707 2319 ven·

1649 2358 1813 2412 trem3
1847 2351 2112 2415 Epigram.
2145 2353 2225 2399 52.
2257 2349 2349 2397 lib.
2378 2354 2458 2397 ll.
2496 2364 2631 2397 vers.
2666 2354 2709 2396 ⁵.

1648 2427 1932 2479 tollendum
1957 2426 2213 2479 stomachi
2237 2423 2525 2489 fastndium,
2551 2434 2600 2474 et
2627 2440 2710 2488 ap-

1646 2506 1871 2570 petitum
1894 2505 2221 2556 irritandum.

1713 2585 1878 2633 EPtG.
1904 2596 2004 2632 xv.
2038 2586 2070 2631 2
2103 2580 2184 2630 Λᾶ
2215 2579 2382 2628 villam
2404 2594 2587 2638 moneo,
2609 2578 2710 2641 ma]

1648 2660 1887 2722 Namque
1909 2660 1960 2706 in
1985 2672 2111 2720 agro
2136 2657 2467 2705 Nomentano
2497 2663 2712 2718 propter

1645 2736 1891 2799 uliginem
1929 2742 1984 2785 et
2022 2732 2238 2798 paludes
2276 2744 2377 2780 non
2412 2739 2537 2780 sunt
2573 2733 2710 2780 sicca

1646 2812 1801 2874 ligna,
1818 2819 2046 2875 aptaque
2064 2809 2179 2858 foco
2195 2808 2455 2858 materies.
2491 2807 2710 2873 Acapna

1646 2902 1769 2951 ergo
1809 2889 1949 2950 ligna
1988 2886 2249 2943 dicuntur,
2300 2885 2436 2949 quod
2497 2886 2710 2933 incensa

1644 2966 1839 3015 nullum
1858 2964 2102 3012 exhalant
2128 2962 2322 3012 fumum
2345 2978 2357 3010 ι
2382 2961 2563 3011 καπνὸς
2579 2965 2707 3010 euim

1645 3040 1833 3090 Graece
1858 3040 2047 3089 dicitur
2069 3037 2266 3098 fumus3
2311 3037 2538 3103 ἄκαπνος,
2579 3038 2708 3104 quod

1645 3115 1787 3167 fumo
1809 3127 1975 3166 caret.

1709 3196 1869 3244 Erro.
1894 3206 2013 3242 xvi.
2052 3198 2075 3241 l
2104 3192 2345 3253 Brumoli,
2362 3190 2469 3256 ssa]
2496 3193 2709 3257 Frlgore

1642 3271 1872 3322 dulciora
1910 3270 2040 3320 fiunt
2074 3278 2130 3320 et
2168 3271 2482 3334 grandiora3
2538 3272 2706 3320 calore

1641 3350 1936 3414 spongiosa.
2004 3348 2206 3397 Plinius
2240 3348 2331 3398 lib.
2358 3353 2435 3398 18.
2456 3364 2575 3413 cap.
2598 3354 2673 3398 13.

1705 3430 1737 3474 2
1771 3425 1830 3473 ln
1850 3426 1976 3481 coelo,
2010 3423 2117 3486 ssa]
2153 3424 2449 3486 Frugaliter
2473 3434 2528 3472 et
2569 3425 2704 3475 aride
2756 3476 2761 3483 f

1641 3501 1904 3563 victitans,
1926 3509 1984 3551 ut
2003 3499 2261 3566 quondam
2286 3502 2336 3549 in
2364 3501 2514 3551 vivis.
2583 3502 2703 3549 Cre-

1639 3578 1831 3629 didisse
1876 3582 2014 3629 enim
2061 3576 2302 3627 videntur
2368 3578 2551 3641 prisci,
2611 3591 2703 3625 nou

1641 3663 1843 3711 tantum
1883 3665 2097 3706 nectare
2141 3662 2198 3703 et
2253 3653 2513 3703 ambrosia
2566 3655 2704 3703 Deos

1639 3732 1801 3796 pasci,
1820 3746 1996 3783 verum
2021 3730 2176 3780 etiam
2195 3729 2383 3779 vilibus
2397 3730 2699 3794 quibusdam

1638 3808 1790 3869 cibis,
1814 3816 1871 3858 ut
1897 3807 2168 3857 Romulum
2200 3807 2358 3869 rapis.
2428 3807 2602 3856 Credo
2637 3807 2700 3855 de

1639 3891 1949 3947 paupertate
1971 3884 2107 3933 illius
2131 3883 2306 3932 saeculi
2329 3897 2430 3948 quo
2455 3882 2700 3933 Romulus

1638 3961 1869 4022 vixerat;
1906 3959 2122 4025 proinde
2146 3960 2290 4025 quasi
2308 3961 2357 4008 iu
2375 3961 2508 4009 coelo
2527 3959 2699 4010 iisdem

1638 4037 1769 4100 cibis
1807 4038 2036 4100 victitet,
2069 4036 2253 4101 quibus
2280 4036 2332 4084 in
2369 4043 2511 4087 terra
2534 4037 2700 4087 aleba-

1642 4121 1743 4162 tur.
1795 4113 2021 4162 Turneb.
2042 4112 2178 4161 libro
2200 4116 2282 4161 18.
2297 4114 2474 4176 capite
2496 4118 2577 4164 13.
2601 4139 2605 4144 ·

1705 4194 1866 4243 Eme.
1893 4206 2040 4243 xvlr.
2074 4191 2332 4243 Brassicae
2358 4191 2479 4254 vim,
2501 4190 2695 4251 laudes,

1612 4263 1941 4319 ¹medicinam
1967 4270 2101 4320 Cato
2135 4267 2200 4316 de
2225 4267 2302 4316 Re
2333 4268 2554 4319 Rustica
2586 4282 2695 4331 cap.

1639 4351 1751 4399 156.
1776 4353 2162 4401 commemorat.
2228 4345 2418 4399 Caules
2435 4345 2597 4413 (uude
2612 4359 2691 4394 co·
