2985 4937
407 393 413 399 ’
505 409 676 477 1260

501 568 630 618 velit
651 567 854 631 bibere,
869 567 1150 621 exhauriat
1164 582 1349 636 aquam
1364 572 1569 634 clepsy-

502 643 648 706 drae3
680 644 730 694 id
756 653 855 708 est,
875 653 935 696 ιιι
966 647 1073 699 cito
1094 646 1242 699 finiat
1264 648 1586 719 orationem,

500 737 602 787 qua
623 722 895 775 occidebat
918 723 1201 776 auditores.
1235 726 1386 776 Rea„

505 836 530 853 -,
569 804 595 849 1
634 799 941 865 clepsydras]
1009 801 1293 865 Horologia
1342 801 1571 867 aquario,

498 876 699 940 phialas
741 892 771 926 e
809 878 964 940 vitro,
992 893 1174 942 cupro,
1209 888 1448 943 argento,
1466 881 1566 929 dte.

485 952 828 1006 *enaim-eet
866 954 1002 1019 ὕδωρ,
1036 971 1133 1021 per
1163 967 1283 1020 'qttae
1318 956 1568 1020 guttatim

497 1029 681 1093 defluit
700 1045 835 1094 aqua
857 1032 924 1081 ad
950 1041 1237 1095 temporum
1275 1032 1448 1094 spatia
1489 1030 1568 1082 di-

499 1108 782 1168 metienda,
799 1108 982 1172 priscis
1007 1109 1060 1157 in
1087 1117 1281 1175 nsufnt
1301 1109 1457 1159 hodie
1477 1109 1567 1159 ho·

498 1184 690 1247 rologia
713 1186 967 1247 arenaria,
984 1185 1328 1247 lwur-gcmes:
1362 1186 1568 1250 clepsy-

499 1260 597 1309 dra
619 1271 797 1313 antem
824 1263 1038 1313 tertiam
1065 1260 1179 1311 fere
1198 1263 1338 1311 horas
1360 1268 1572 1325 partein

496 1340 817 1390 continebat.
882 1339 1018 1390 Vide
1052 1340 1192 1389 Plin.
1213 1339 1303 1390 lib.
1324 1345 1376 1391 2.
1395 1339 1612 1404 Epist.

495 1421 580 1467 11.
617 1426 675 1469 et
704 1419 888 1483 Epigr.
923 1423 972 1469 2.
1013 1416 1104 1470 lib.
1136 1424 1186 1469 6.
1222 1425 1279 1469 et
1312 1418 1567 1470 Bndaeum

473 1493 552 1559 *in
576 1494 837 1546 Pandect.
884 1510 1002 1561 pag.
1040 1500 1190 1546 871.’.
1214 1496 1476 1546 Lucianus
1511 1495 1566 1545 in

493 1571 704 1620 Ἆλιιῦσι
736 1572 1045 1637 simpliciter
1082 1572 1199 1636 ὕδωρ
1236 1587 1330 1636 pro
1362 1574 1566 1638 clepsy-

493 1646 589 1699 dra
632 1648 796 1712 ponit.
884 1649 1164 1700 Dabantur
1203 1649 1492 1715 clepsydrae
1533 1666 1567 1700 a

486 1722 775 1788 judicibus,
812 1733 874 1775 nt
905 1726 1026 1775 hinc
1051 1727 1210 1776 etiam
1234 1725 1564 1777 manifestum

495 1809 597 1863 est,
615 1809 672 1851 et
696 1803 871 1865 plnres
904 1800 1212 1853 defendenti
1234 1818 1387 1868 qnam
1411 1819 1565 1854 accu-

493 1878 648 1927 santi.
721 1877 1042 1929 videmia.
1082 1880 1250 1945 Epist.
1287 1885 1338 1932 9.
1377 1881 1468 1932 lib.
1511 1885 1563 1932 4.
1580 1935 1587 1941 ,

492 1953 635 2003 ‘unde
672 1953 852 2018 fiebat,
892 1962 948 2004 ιιι
986 1956 1263 2021 aliquando
1292 1956 1564 2021 Oratores,

494 2030 790 2082 elaboratas
825 2045 945 2082 snas
986 2033 1270 2094 orationes,
1299 2035 1565 2101 etmulta·

491 2121 607 2156 rum
640 2109 870 2158 noctium
894 2110 1064 2172 pretio
1098 2111 1396 2174 aestimatas,
1417 2119 1564 2163 totas

489 2184 722 2251 accitare
743 2199 844 2235 non
872 2196 1103 2250 possent.
1169 2189 1246 2237 Μ.
1268 2186 1564 2241 Antoninus

491 2259 793 2324 Imperator
842 2271 900 2313 et
951 2264 1296 2328 Philosophus
1356 2267 1563 2331 clepsy-

491 2337 614 2387 dras
675 2338 1006 2391 Oratoribus.
1048 2342 1352 2397 liberaliter*
1397 2341 1563 2395 dedit.

492 2415 754 2465 Caeterum
778 2412 1102 2484 unaquaeque
1126 2419 1400 2484 clepsydra
1422 2418 1564 2472 efflu-

490 2493 635 2555 ebat.
665 2501 725 2544 nt
765 2496 968 2559 opinor,
1007 2498 1371 2562 spatiotertlae
1398 2499 1563 2562 partis

489 2569 641 2619 unius
664 2571 826 2623 horae.
877 2573 1012 2623 Vide
1033 2574 1170 2625 Plin.
1187 2575 1277 2625 lib.
1294 2580 1374 2626 11.
1392 2576 1562 2639 Epist.

490 2651 571 2698 ll.
627 2650 754 2700 Her.
841 2652 1028 2715 Magna
1067 2653 1160 2702 tibi
1209 2670 1317 2703 voce
1354 2655 1562 2719 petenti]

487 2723 751 2788 Tanquam
795 2723 1000 2790 gratum
1032 2728 1127 2779 tibi
1163 2727 1366 2778 faceret
1393 2731 1563 2793 judex

487 2802 699 2867 longum
724 2805 936 2856 dicendi
957 2807 1181 2870 spatium
1206 2808 1560 2861 concedendo.

489 2917 496 2922 1
550 2884 584 2928 2
616 2882 840 2945 Arbiter]
874 2883 1071 2935 Judex.

533 2961 585 3006 3
624 2958 900 3022 Tepentsm]
948 2960 1103 3010 Mora
1133 2931 1409 3025 egelidam.
1474 2962 1559 3013 An

486 3046 520 3081 a
536 3033 646 3083 sole
667 3035 784 3083 vel
771 3048 893 3097 igne
915 3035 1175 3087 calidam?
1202 3052 1355 3102 qnam
1374 3040 1560 3103 supino

487 3124 580 3160 ore
604 3111 737 3161 bibis
773 3112 841 3162 ad
865 3126 1044 3163 vocem
1066 3120 1125 3163 et
1160 3114 1561 3166 viresreficien-

487 3186 602 3249 das,
638 3189 891 3254 simulque
930 3199 992 3241 nt
1025 3199 1231 3256 tempus
1258 3196 1559 3257 protrahas:

490 3264 706 3317 bibendi
725 3274 900 3318 autem
925 3269 1063 3319 inter
1084 3270 1340 3335 agendum
1364 3286 1560 3322 morem

483 3342 624 3391 hunc
647 3358 679 3392 a
701 3357 796 3394 suo
812 3352 1023 3396 oratore
1037 3349 1220 3412 procul
1242 3348 1425 3401 abesse
1448 3351 1561 3401 vult

486 3415 677 3468 Fabius
704 3419 794 3469 lib.
821 3426 900 3473 11.
932 3436 1049 3485 cap.
1074 3425 1169 3477 ult.

503 3497 583 3546 4
635 3494 982 3562 &numina-s]
1045 3502 1312 3565 Exprimit
1359 3511 1559 3567 gestum

484 3568 728 3637 bibentis,
775 3581 832 3623 et
867 3577 1150 3640 ampullam
1190 3580 1561 3644 exhaurientis,

485 3661 643 3711 quum
664 3657 830 3713 caput
868 3653 1134 3716 supinant,
1172 3661 1232 3712 nt
1254 3655 1311 3718 ii,
1340 3656 1427 3720 qui
1451 3671 1558 3705 am

484 3725 677 3798 phoras
696 3733 832 3777 totas
856 3728 1075 3779 siccant.
1113 3730 1240 3780 Raa.
1375 3776 1382 3782 .

482 3817 497 3851 ι
547 3809 579 3851 5
610 3804 692 3852 Ut
711 3806 903 3855 condem
921 3807 1088 3868 saties,
1107 3806 1216 3869 ὁτι]
1247 3808 1318 3857 Ει
1339 3777 1556 3858 exhaus-

483 3884 543 3927 ta
562 3879 776 3929 tandem
813 3880 1106 3945 clepsydra
1131 3880 1302 3943 finias,
1342 3891 1555 3950 tueque

484 3953 599 4003 voci
611 3968 684 4002 ac
705 3955 894 4006 nostris
916 3954 1126 4006 auribus
1159 3972 1366 4022 parcas.
1420 3961 1556 4010 Vide

480 4029 714 4080 Turneb.
732 4031 822 4081 lib.
838 4036 925 4082 25.
945 4046 1060 4094 cap.
1079 4037 1163 4084 27.

481 4141 498 4147 -
550 4107 1359 4162 Eme.xxxv1.‘rricubitales
1395 4121 1466 4164 et
1486 4114 1555 4165 ad

483 4196 638 4233 omne
658 4182 997 4237 ministerium
1017 4185 1440 4254 instrumentales
1462 4204 1553 4241 na·

485 4273 575 4307 sos
616 4267 909 4323 emungunt
947 4262 1227 4326 ¹aliquanto
1257 4295 1268 4314 .«
1285 4266 1553 4318 honestius

482 4334 957 4399 Epigrammatistae
982 4338 1182 4393 Graeci.
1229 4339 1438 4395 Anthol.
1461 4344 1552 4396 lib.

1211 427 1254 473 N
1261 425 1448 479 OTAE
1483 425 1821 475 VAmontJ
1834 427 1886 475 M
1936 428 2016 476 ΙΝ

1644 574 1694 620 2.
1712 584 1830 634 cap.
1852 575 1936 622 28.

1712 649 1867 699 Erro.
1891 661 2148 703 xxxvm.
2200 649 2407 700 Laudat
2428 648 2587 700 filium
2611 649 2710 703 Re

1645 725 1752 788 guli
1776 726 2013 789 oratoris,
2034 724 2312 791 faustaque
2328 726 2502 777 eidem
2523 726 2710 785 omina·

1646 810 1748 865 tnr,
1768 802 1907 868 qnod
1931 810 2104 855 tamen
2127 810 2301 854 votnm
2325 805 2478 854 inane
2497 802 2619 855 fuit.
2698 838 2705 843 ›

1711 884 1738 929 l
1775 880 1983 943 Parvus]
2034 880 2488 945 FiliolusReguli:
2518 880 2591 930 de
2615 894 2712 945 qno

1644 955 1767 1005 vide
1789 958 1929 1008 Plin.
1969 959 2139 1022 Epist.
2171 961 2223 1008 2.
2261 959 2351 1009 lib.
2386 963 2439 1008 4.
2503 959 2611 1007 Nec
2630 956 2712 1007 od-

1642 1032 1733 1081 hac
1751 1033 2000 1084 trieteride
2030 1035 2193 1098 phua]
2250 1035 2499 1085 Nondum
2538 1034 2712 1084 trimu-

1642 1109 1723 1159 lus
1741 1126 1756 1160 ι
1789 1109 1883 1160 ἀπὸ
1901 1112 1992 1160 τοῦ
2006 1113 2218 1175 τριετοῦς
2231 1111 2482 1173 trieteris,
2493 1104 2713 1179 spatium

1642 1190 1690 1239 8.
1708 1197 2046 1253 annornm,et
2063 1188 2253 1241 festum
2271 1190 2482 1245 Baccho
2496 1203 2716 1251 sacrum,

1643 1273 1862 1354 propter
1896 1265 2291 1330 expeditionem
2327 1266 2395 1314 ad
2429 1264 2591 1317 Indos
2614 1264 2713 1316 tri-

1642 1341 1800 1392 ennio
1819 1350 2076 1394 exactam.

1642 1460 1650 1471 ,
1707 1423 1737 1469 8
1776 1420 2114 1483 Maternosque
2156 1418 2312 1481 siam]
2391 1417 2597 1469 Avidus
2639 1432 2714 1469 sc.

1641 1495 1806 1559 patris
1865 1495 2130 1559 audiendi,
2182 1484 2406 1559 negligit
2462 1503 2717 1557 matrem

1642 1575 1787 1624 velut
1816 1574 1930 1638 jam
1966 1582 2080 1625 tum
2111 1580 2325 1627 aetatem
2350 1573 2559 1635 ingenio
2583 1587 2715 1638 prae·

1639 1664 1871 1713 correns,
1930 1649 2149 1701 nucibus
2231 1649 2452 1713 relictis,
2515 1649 2715 1714 majora

1638 1734 1925 1791 spectaret.
2234 1749 2239 1753 ·
2598 1776 2601 1779 .

1702 1808 1733 1853 4
1768 1803 1915 1867 Suos]
1964 1803 2027 1853 In
2050 1817 2109 1852 se
2131 1776 2389 1852 derivari.
2443 1802 2527 1850 vel
2548 1801 2714 1853 hare·

1638 1880 1755 1930 dem
1776 1895 1880 1931 non
1907 1882 2182 1942 bonorum,
2201 1878 2293 1930 scd
2316 1877 2531 1933 landum
2553 1879 2715 1931 etiam

1638 1964 1696 2007 et
1719 1957 1993 2010 virtutum.
2027 1958 2156 2008 Rea.
2216 1986 2221 1991 ·

1703 2041 1733 2085 5
1773 2035 2059 2098 canamque
2078 2034 2193 2096 oiri,
2207 2032 2315 2097 ξω]
2362 2032 2565 2087 Cansae
2579 2038 2714 2083 actas

1638 2125 1814 2161 coram
1837 2110 2231 2165 centumviris.
2269 2110 2356 2174 qui
2371 2116 2550 2158 tamen
2567 2116 2718 2161 erant

1639 2192 1753 2238 105.
1780 2203 1896 2238 cnm
1924 2203 1990 2237 ex
2014 2192 2095 2237 35.
2121 2187 2350 2238 tribuum
2376 2185 2597 2250 singulis
2615 2195 2717 2237 ter·

1639 2265 1692 2315 ni
1715 2266 2034 2329 eligerentur
2062 2265 2127 2315 ad
2143 2263 2485 2328 judicandum
2522 2265 2594 2327 de
2615 2265 2717 2314 hae·

1639 2342 1977 2393 reditatibus.
2040 2341 2178 2391 Vide
2215 2340 2382 2390 Tacit.
2403 2341 2626 2405 Dialog.
2652 2340 2716 2390 de

1639 2418 1906 2472 Oratorib.
1930 2428 1986 2468 et
2010 2418 2148 2468 Plin.
2171 2417 2339 2482 Epist.
2366 2421 2444 2467 14.
2469 2417 2565 2467 lib.
2588 2422 2638 2467 2.
2662 2425 2717 2468 et

1638 2510 1758 2545 mox
1782 2511 1918 2547 vers.
1956 2502 2006 2546 5.
2037 2494 2158 2554 vide
2198 2504 2253 2545 et
2290 2495 2616 2558 Epigramm.
2636 2498 2717 2544 62.

1636 2574 1728 2632 lib.
1767 2579 1815 2623 7.
1856 2588 1993 2623 vers.
2029 2579 2078 2623 5.
2151 2573 2361 2636 Corona]
2409 2571 2716 2623 Tribunalia

1636 2650 2021 2702 circumstante.

1698 2733 1731 2778 6
1763 2731 1902 2778 Julia
1941 2725 2089 2790 tecto]
2139 2725 2280 2777 Julia
2312 2724 2561 2787 Basilica,
2586 2691 2717 2776 Ju‘lii

1638 2806 1769 2856 Caes.
1795 2806 2046 2870 templum
2086 2805 2141 2853 in
2179 2801 2315 2863 foro,
2349 2802 2533 2868 inquo
2558 2814 2713 2863 coge·

1634 2883 1828 2934 bantur
1870 2896 1920 2931 e.
1961 2884 2184 2932 virorum
2221 2886 2445 2950 quatuor
2489 2876 2717 2928 concilia

1634 2961 1699 3010 ad
1729 2973 1937 3012 caussas
1957 2958 2026 3008 ‹ie
2049 2955 2371 3007 testamentis
2406 2950 2719 3011 audiendas.

1633 3038 1781 3087 Vide·
1817 3036 1958 3085 Pliu.
1996 3033 2166 3098 Epist.
2204 3036 2287 3081 21.
2324 3030 2413 3080 lib.
2438 3036 2491 3079 5.
2526 3037 2586 3087 et
2619 3029 2713 3081 lib.

1633 3118 1682 3164 6.
1742 3112 1915 3176 Epist.
1960 3115 2044 3161 83.
2107 3109 2228 3159 vide
2288 3116 2342 3164 et
2392 3107 2522 3159 Jani
2576 3110 2713 3175 PU·-

1635 3189 1787 3239 rhesii
1828 3188 2004 3253 Epist.
2041 3190 2124 3238 57.
2221 3184 2451 3250 Placent]
2484 3227 2487 3230 .
2521 3186 2713 3250 Reguli

1633 3267 1742 3317 fillo
1777 3267 1985 3330 placent
2024 3264 2258 3315 actiones
2291 3261 2429 3326 apud
2456 3263 2711 3314 Centum·

1637 3345 1803 3407 viros;
1844 3359 1993 3410 quasi
2011 3350 2071 3393 et
2101 3343 2215 3408 ipse
2238 3342 2349 3406 jam
2386 3342 2647 3405 cuperet
2633 3357 2710 3392 ιιι-

1635 3422 1821 3472 sistere
1844 3420 2066 3485 vestigia
2085 3419 2267 3484 patris.
2356 3461 2366 3468 Α

1698 3502 1729 3547 7·
1762 3498 1906 3547 Acris
1925 3496 2035 3560 equi
2055 3495 2248 3552 soboles,
2268 3494 2377 3560 ξω]
2411 3459 2619 3545 Alludit
2643 3494 2711 3544 ad

1635 3572 1829 3623 Horat.
1910 3573 1926 3600 ⁸
1951 3573 2137 3622 Fortes
2180 3578 2425 3622 creantur
2476 3569 2708 3624 fortibus

1634 3660 1690 3701 et
1713 3651 1889 3702 bonis·
1924 3649 2055 3702 Est
2041 3663 2093 3699 ιιι
2101 3662 2363 3713 juvencis,
2379 3656 2461 3699 est
2480 3647 2533 3698 in
2560 3650 2710 3714 equis

1632 3735 1841 3793 patrum
1866 3725 2066 3791 virtus,’
2088 3730 2190 3776 erc.

1696 3810 1729 3854 8
1780 3803 1925 3853 Molli
1957 3801 2153 3865 fronte]
2216 3798 2433 3868 Ἀκέρῳς,
2469 3775 2706 3866 nondum

1632 3888 2785 3934 cornutus..

1656 3963 1760 4016 10
1809 3954 2017 4018 Notum]
2068 3954 2277 4014 Filium,
2316 3960 2554 4017 paternae
2600 3955 2707 4005 elo·

1630 4034 1861 4101 quentiae
1906 4033 2165 4084 aemulmn.
2234 4030 2394 4095 Duos]
2450 4031 2705 4081 Maritum

1631 4124 1687 4166 et
1709 4115 1889 4165 tilium.
1954 4113 2172 4166 Irritum
2208 4117 2383 4161 autem
2420 4111 2518 4161 hoc
2559 4109 2703 4168 fece·

1631 4200 1755 4246 runt
1792 4191 1980 4242 Parcae
2020 4197 2218 4244 votum·
2286 4187 2423 4238 Vide
2445 4193 2494 4239 2.
2532 4190 2703 4253 Epist.

1608 4271 1841 4332 ’,4.Ρ1ἰιι.

1694 4346 1853 4400 Erm.
1872 4357 2071 4396 xxxlx.
2104 4341 2571 4397 Adulteriauxoris
2583 4342 2698 4398 Ma·
2770 4416 2783 4423 χ
