2985 4937
749 391 1514 443 M.VAL.MART1AL18
1563 387 1811 443 nmen.
1860 392 2008 443 mn.
2043 394 2125 442 11.

387 539 452 585 1⁷
484 535 674 600 Lepida
703 536 1016 600 procacitate]
1058 535 1386 588 Jocularibus

322 613 495 675 dimin,
508 611 739 672 facetiis,
756 615 1066 664 scommatis.

388 695 449 739 18
484 690 676 753 Laxat]
713 691 928 741 Pandit.
970 692 1245 756 Perspicua,
1281 636 1388 755 ξω]

320 767 395 818 Ut
417 776 716 832 appareant
731 767 936 819 dentes.

383 848 449 894 19
465 846 683 907 Moestoe,
698 844 808 908 ξω]
823 845 1155 895 Generaliter
1168 844 1393 910 lugenti·

317 920 412 972 bus
435 922 695 985 assidere,
717 924 801 972 vel
822 931 1085 988 spectare,
1111 923 1391 988 audireque

317 1013 420 1049 non
445 1001 712 1065 jocularia
728 1012 737 1015 ’
755 1006 811 1050 et
832 1000 1052 1051 ridicula
1070 1007 1393 1063 argumenta,

317 1077 410 1127 sed
426 1077 619 1141 gravia
638 1083 795 1142 atque
812 1078 1004 1138 tristia,
1022 1084 1082 1127 ut
1096 1077 1394 1141 tragoedias,

316 1153 370 1202 in
408 1155 605 1219 quibus
644 1154 864 1204 Hecuba
902 1155 987 1213 vel
1038 1153 1209 1205 Niobe
1233 1155 1393 1216 ‚luget

313 1228 471 1293 filice,
483 1230 852 1281 Andromache
865 1231 1050 1290 virum,
1060 1231 1272 1280 Electra
1284 1228 1390 1279 fra-

319 1314 478 1367 trem,
510 1312 614 1357 διο.

379 1387 447 1433 23
488 1385 660 1447 Plora,
693 1383 800 1447 ξω]
833 1383 1006 1433 Multo
1046 1382 1183 1451 enim
1225 1340 1388 1446 magis

320 1472 373 1515 te
399 1464 604 1515 decent
636 1465 879 1529 lacrymae
907 1477 1059 1528 quam
1083 1464 1236 1513 risus.
1301 1461 1388 1513 In-

317 1540 481 1590 vertit
540 1555 752 1592 versum
806 1539 1027 1604 primum
1077 1539 1228 1602 hujus
1278 1538 1390 1602 epi-

314 1617 649 1680 graminatis.

344 1695 552 1745 Eme.
598 1707 736 1744 χιιι.
791 1694 855 1744 Ia
908 1654 1122 1757 Zoilum
1187 1643 1388 1743 Zoilum

314 1787 569 1836 spurcum
613 1771 909 1822 senatorem
951 1774 1120 1834 notat,
1160 1770 1296 1836 quod
1335 1772 1389 1820 in

313 1849 446 1898 solio
474 1848 716 1912 podicem
731 1848 1078 1912 demergeret,
1097 1848 1253 1913 idque
1268 1862 1389 1898 con-

319 1927 464 1975 sulto
510 1933 570 1974 et
612 1933 1011 1990 conspurcaret3
1045 1925 1392 1990 admonetque

317 2008 376 2052 ut
390 2009 563 2066 caput
578 2010 803 2065 mergat,
823 2017 924 2067 quo
943 2001 1055 2063 fiat,
1073 2008 1133 2052 nt
1152 2001 1390 2066 spurcius

321 2080 587 2130 reddatur
610 2080 812 2129 solium.
879 2080 1116 2130 Ramires.

383 2163 414 2208 1
453 2156 657 2218 Solium,
675 2155 783 2220 ξω]
807 2157 986 2206 ναεὶιι
1003 2170 1102 2221 quo
1119 2154 1392 2206 lavabatur

325 2234 550 2298 genibus
591 2233 741 2283 flexis
786 2240 843 2282 et
882 2233 936 2282 in
979 2230 1143 2282 fundo
1186 2233 1388 2297 positis,

319 2325 462 2375 aqua
528 2309 596 2359 ad
667 2308 969 2360 umbilicum
1032 2307 1387 2372 pertingente.

241 2390 257 2413 ‘
321 2387 527 2450 Perdis]
561 2387 922 2451 Conspnrcas3
967 2385 1089 2437 vide
1121 2387 1284 2451 epigr.
1305 2391 1388 2438 81.

319 2463 355 2513 l.
382 2468 440 2514 6.

386 2546 422 2591 2
457 2540 704 2605 Spurcius,
737 2532 847 2604 ξω]
893 2541 1129 2606 Namque
1167 2539 1268 2592 tibi
1307 2542 1387 2592 ori

317 2618 665 2682 morigeranti
719 2626 776 2668 et
827 2617 1144 2683 φωνικίζοπι,
1196 2634 1255 2669 os
1306 2625 1388 2670 est

321 2694 562 2758 spurcius
583 2710 757 2759 quam,
771 2698 872 2744 ὅτε.

388 2772 554 2822 Eme.
575 2785 739 2822 xmu.
772 2774 835 2823 In
873 2772 1164 2837 candidam]
1195 2772 1386 2823 Candi-

325 2846 450 2897 dum
484 2848 758 2913 quemdam
794 2849 1064 2913 magnifice
1106 2849 1386 2900 liberalita-

326 2931 432 2975 tem
485 2940 631 2977 suam
671 2926 989 2991 laudantem,
1042 2928 1164 2977 nihil
1213 2934 1388 2979 autem

212 3049 219 3066 ,
326 2995 505 3051 amicis
523 3001 1003 3066 largientem,taxat
1014 3002 1352 3054 urbanissime
1371 3017 1387 3064 ς

295 3085 383 3144 ,ετ
423 3079 583 3129 docet
620 3080 981 3130 distributione
1017 3081 1267 3146 eleganti,
1287 3094 1407 3131 non=

327 3167 439 3204 esse
460 3155 599 3207 bona
619 3156 841 3206 Candidi
864 3157 1049 3207 amicis
1069 3156 1390 3218 communia;

330 3239 387 3282 et
428 3234 764 3284 contentione
802 3232 947 3284 facta
989 3235 1128 3283 inter
1170 3233 1390 3284 Candidi

331 3311 651 3373 opulentiam
670 3318 727 3360 et
745 3326 884 3360 suam
904 3313 1286 3375 paupertatem,
1308 3326 1388 3359 os-

329 3386 499 3436 tendit
522 3402 639 3436 enm
673 3388 831 3438 verbo
864 3394 1035 3448 tenus,
1067 3401 1170 3437 non
1203 3400 1388 3451 reapse

330 3476 444 3513 esse
468 3463 752 3515 liberalem.
821 3465 1130 3514 Ramiresias.

396 3547 423 3592 1
459 3542 627 3604 Κοινὰ,
649 3547 748 3592 &c.
751 3544 774 3607 ]
800 3544 933 3594 Haec
957 3551 1079 3594 sunt
1101 3550 1192 3593 tua
1211 3543 1390 3624 verba,

328 3618 425 3669 tibi
448 3634 655 3684 semper
690 3621 744 3670 in
768 3636 877 3671 ore.
945 3623 961 3651 ‘
986 3621 1178 3671 Omnia
1205 3609 1391 3672 ar'nico·

329 3710 438 3745 rum
457 3697 784 3761 communia,’
808 3712 841 3747 a
861 3696 1166 3763 Pythagora
1185 3712 1278 3748 seu
1296 3698 1388 3748 So·

333 3780 479 3825 crate
509 3774 745 3824 authore.

392 3857 422 3902 ³
439 3852 564 3902 Loto
587 3850 784 3914 Galeso]
801 3850 849 3901 A
871 3850 1067 3901 fullone
1083 3852 1227 3903 eluta
1245 3850 1390 3916 (vide

328 3929 470 3994 Lips.
502 3930 673 3979 Elect.
711 3929 746 3977 l.
774 3932 817 3978 l.
860 3942 908 3977 c.
926 3926 1034 3993 13.)
1065 3935 1188 3992 toga
1209 3939 1276 3977 ex
1298 3942 1393 3992 op-

329 4009 598 4060 tima'lana
614 4008 924 4073 Tarentina,
944 4011 1029 4060 vel
1049 4025 1080 4060 e
1117 4010 1391 4060 velleribus

234 4129 249 4148 ⁸
331 4086 468 4146 lotis,
485 4093 578 4135 aut
599 4086 768 4134 ovium
783 4087 1006 4135 lotarum
1023 4093 1390 4152 pasturumque

331 4160 395 4210 ad
418 4161 666 4211 Galesum
689 4160 741 4211 fl.
763 4176 926 4226 prope
945 4164 1225 4213 Tarentum
1247 4178 1279 4213 a
1294 4165 1391 4214 La·

335 4237 544 4286 conibus
570 4238 704 4287 duce
723 4238 982 4290 Phalanto
1005 4240 1390 4290 conditnmffseu

337 4313 542 4365 auctum
556 4327 577 4364 ‘2
604 4315 700 4367 ‘cni
737 4313 796 4365 fl.
832 4316 1014 4368 eadem
1034 4323 1240 4367 ‘namra
1274 4332 1390 4383 quae

1382 1640 1385 1643 ·
1463 1613 1595 1665 feris
1650 1614 1840 1663 votivae
1890 1615 1944 1664 in
1989 1617 2251 1679 compitis.

2357 378 2529 446 1149

1461 534 1603 585 Baeti
1619 549 1710 585 seu
1726 534 2005 587 clitumno.
2018 534 2214 589 Juven.
2232 539 2314 588 12.
2326 536 2431 587 Sat.
2445 542 2534 589 41.

1461 619 1520 662 et
1540 616 1621 662 ts.
1757 644 1760 647 >

1492 693 1560 738 4
1594 689 1779 739 Parma
1814 689 1968 752 dedit]
2016 691 2095 741 Fl.
2133 689 2272 741 unde
2317 698 2375 741 et
2413 692 2528 741 urbi

1463 779 1654 815 nomen
1671 766 1726 814 in
1745 766 1918 816 Gallia
1938 766 2231 831 Cispadane
2253 768 2528 818 velleribus

1464 851 1523 893 et
1544 856 1697 892 caseo
1718 843 1894 907 elarae,
1916 843 2080 907 epigr.
2093 847 2173 895 81.
2194 844 2231 898 l.
2248 849 2299 894 5.
2593 834 2596 841 ’

1497 948 1498 951 =
1529 923 1559 968 5
1592 919 1665 969 At
1691 934 1766 968 me
1793 935 1916 982 qaoe,
1948 918 2056 982 &cd
2088 917 2166 970 At
2194 917 2319 969 mihi
2358 925 2529 979 vestes

1464 995 1598 1047 viles
1625 1002 1686 1045 et
1731 1010 1997 1060 pannosae,
2019 997 2202 1061 quales
2246 1002 2368 1045 sunt
2399 982 2529 1060 pila-

1466 1090 1578 1126 rum
1595 1074 1888 1126 furibundis
1906 1072 2238 1139 efferatisque
2261 1073 2423 1124 tauris
2440 1073 2531 1123 ob-

1458 1152 1762 1216 jectarum:
1806 1150 1874 1201 de
1915 1150 2101 1216 quibus
2146 1150 2268 1201 vide
2300 1165 2421 1216 quae
2460 1150 2527 1221 a)

1465 1231 1773 1299 epigramm.
1798 1235 1878 1280 19.
1914 1231 2001 1283 lib.
2026 1232 2204 1295 Spect.

1497 1312 1530 1357 6
1562 1308 1811 1372 Noluerit,
1840 1307 1948 1372 qe]
1982 1309 2207 1359 Viliores
2244 1325 2366 1361 sane
2407 1316 2529 1362 sunt

1465 1392 1639 1435 vestes
1674 1400 1825 1446 meae,
1845 1400 2000 1450 quam
2018 1386 2203 1450 quibus
2242 1388 2529 1440 induuntur

1462 1461 1584 1525 pilae
1626 1461 1952 1525 compitales,
1977 1477 2092 1527 quae
2117 1464 2183 1514 ad
2198 1463 2421 1528 effigiem
2442 1465 2533 1515 hu-

1466 1553 1669 1588 manam
1701 1537 1861 1588 factae
1881 1539 2266 1602 suspenduntur
2312 1541 2427 1591 Diis
2450 1543 2530 1592 in·

1465 1691 1602 1755 Diis,
1631 1698 1711 1742 tot
1739 1691 1858 1755 pili,
1882 1697 2009 1755 quot
2029 1693 2203 1756 capita
2231 1693 2533 1759 liberorum,

1465 1782 1749 1828 servorum,
1793 1769 2065 1819 mulierum
2108 1769 2254 1820 circa
2304 1772 2532 1835 compita

1465 1843 1792 1909 habitabant,
1815 1845 2141 1908 ponebantur
2157 1862 2174 1907 ς
2196 1854 2255 1895 ut
2269 1854 2445 1897 essent
2464 1848 2531 1898 iis

1467 1922 1588 1986 pilis
1626 1931 1679 1972 et
1703 1924 1994 1974 simulacris
2017 1925 2277 1987 contenti,
2295 1926 2528 1991 vivisque

1465 2008 1764 2064 parcerent.
1853 2001 2018 2053 Hisce
2064 2017 2190 2053 vero
2226 2004 2531 2068 imaginibus

1466 2076 1656 2127 nullius
1674 2078 1883 2129 omnino
1905 2079 2063 2143 pretii
2101 2087 2271 2131 vestes
2305 2081 2529 2132 circum·

1467 2153 1832 2218 ponebantur}
1887 2169 1983 2219 pro
2037 2155 2161 2207 inde
2208 2156 2529 2220 ‘pannosas'

1466 2231 1628 2281 etiam
1675 2232 1983 2297 quandoque
2036 2232 2298 2284 Martialis
2330 2231 2529 2298 <pilas’

1464 2316 1644 2361 vocat.
1711 2309 1885 2360 Prima
1905 2310 2061 2374 mm]
2098 2310 2405 2374 Compitalia
2443 2310 2532 2363 illa

1467 2385 1713 2437 theatrali
1730 2387 1904 2450 prior3
1926 2388 2008 2436 vel
2032 2388 2086 2437 in
2102 2387 2284 2438 ordine
2307 2387 2531 2453 pilarum
2631 2384 2638 2399 “

1462 2463 1652 2528 prima,
1687 2463 1772 2514 vel
1794 2479 1861 2514 ex
1882 2462 1945 2514 iis
1964 2463 2182 2529 optima.
2244 2463 2331 2516 Ab
2348 2466 2527 2516 harum

1463 2540 1602 2589 enim
1635 2540 1855 2603 pilarum
1896 2541 2253 2606 compitalium
2293 2542 2530 2593 similitu-

1461 2616 1605 2678 dine,
1638 2618 1785 2681 quasi
1813 2617 2056 2668 secundae
2078 2617 2386 2681 prodierunt
2404 2617 2530 2668 feris

1460 2694 1701 2759 objectae.
1764 2697 1893 2745 Tum
1918 2696 2099 2761 primae
2121 2696 2296 2761 dictae,
2331 2697 2451 2761 quia
2472 2698 2529 2747 in

1462 2771 1733 2835 principiis
1767 2773 1990 2833 viarum,
2017 2772 2115 2822 hoc
2153 2779 2253 2837 est,
2289 2773 2530 2839 compitis

1414 2901 1419 2906 .
1460 2847 1807 2911 ponebantur.
1839 2848 2245 2915 Sec‘undae,quae
2281 2849 2405 2900 feris
2433 2851 2528 2900 ob·

1455 2924 1926 2991 jiciebantur,qnae
1941 2927 2221 2992 primulum
2238 2930 2525 2981 estramine

1463 3001 1677 3053 fiebant.
1715 3002 1847 3052 Rau.

1494 3101 1500 3109 ·
1529 3081 1561 3127 7
1598 3077 1744 3127 Misit
1777 3078 2084 3142 Agenoreas,
2111 3081 2219 3146 ξω]
2253 3083 2374 3132 Tibi
2407 3099 2527 3147 pur-

1466 3168 1645 3217 pureae
1683 3154 1905 3207 lacernoe
1946 3173 1977 3207 a
1997 3158 2133 3223 Tyro
2157 3167 2375 3224 regnata
2397 3162 2528 3211 Cad-

1466 3245 1571 3294 mo,
1608 3229 1716 3281 filio
1740 3231 2009 3297 Agenoris.
2133 3283 2138 3286 .

1531 3314 1564 3358 8
1600 3309 1817 3370 Coccina,
1833 3311 2169 3374 Esc.]1ronice
2193 3327 2390 3376 pannos
2410 3329 2527 3364 suos

1465 3392 1620 3436 vocat
1642 3386 1914 3437 coccineas
1928 3389 2161 3440 lacernas
2180 3406 2195 3440 ε
2217 3406 2349 3455 quas
2366 3399 2529 3455 negat

1381 3491 1387 3500 ·
1464 3464 1638 3514 valere
1654 3470 1764 3513 tres
1783 3466 2073 3515 sestertios.

1522 3541 1934 3606 *oaufibyeoq
1969 3543 2072 3607 ξω]
2117 3545 2244 3595 Tuae
2288 3547 2525 3597 rotunda·

1462 3630 1659 3667 mensae
1693 3618 1871 3668 citreae
1898 3633 1930 3669 e
1962 3620 2282 3671 Mauritania
2316 3622 2525 3686 petitae,

1465 3695 1548 3744 vel
1571 3708 1601 3743 e
1630 3709 1888 3746 marmore
1923 3693 2174 3746 Africano
2205 3699 2527 3749 sustinentur

1464 3770 1687 3835 pedibus
1731 3771 1992 3834 eburneis,
2030 3785 2062 3821 e
2110 3772 2268 3824 dente
2321 3774 2530 3825 scilicet

1467 3849 1861 3913 elephantorum
1902 3849 2165 3900 Indorum.
2228 3850 2417 3902 Juven.
2445 3856 2527 3901 11.

1467 3931 1582 3977 121.
1617 3928 1803 3976 ⁴‘latos
1858 3925 2079 3976 sustinet
2112 3926 2266 3977 orbes
2312 3927 2527 3978 Grande

1467 4003 1633 4054 ebur.’
1716 4004 1975 4068 Lucienus
2021 4002 2075 4052 in
2126 4003 2314 4069 Ὀνείρῳ
2353 4012 2529 4056 ‘vocat

1465 4078 1707 4145 τραπέζας
1747 4079 2129 4143 &comba-oons-
2192 4082 2334 4132 vide
2367 4083 2403 4132 l.
2446 4086 2525 4133 14.

1469 4159 1634 4223 epigr.
1656 4163 1740 4210 89.
1774 4165 1829 4208 et
1849 4162 1934 4208 91.
1998 4160 2277 4224 Suspendis]
2300 4162 2523 4225 Suspen-

1468 4236 1595 4284 dere
1639 4236 1720 4283 hic
1761 4242 1843 4284 est
1886 4234 2089 4299 fulcire,
2126 4243 2274 4287 etea
2297 4250 2412 4303 quae
2450 4237 2525 4287 sic

1467 4313 1602 4364 fulta
1620 4320 1742 4365 sunt
1764 4313 1991 4379 pendere
2011 4314 2266 4366 dicuntur.

2325 1618 2528 1670 Quibus
2591 1646 2600 1649 „
