2985 4937
638 406 716 456 Μ.
762 408 933 456 VAL.
979 404 1400 471 summu-as
1448 400 1692 457 nmen.
1741 405 1887 456 Lm.
1935 406 2076 460 xu.

273 573 280 582 ·
304 561 338 606 6
361 555 578 606 cuncte
591 552 787 617 detulit]
808 550 1141 604 Causidicum
1159 557 1216 602 et
1232 551 1323 602 de·

262 634 432 684 lator:
468 631 536 682 de
570 646 672 697 quo
696 631 838 682 Plin.
871 631 1039 695 Epist.
1071 636 1121 680 6.
1154 630 1244 681 lib.
1282 642 1324 681 ι.

260 717 317 760 et
328 710 576 763 Juvenal.
595 709 787 774 Satyra
810 712 858 760 l.
895 722 1029 757 vers.
1052 711 1133 757 86.
1173 707 1321 757 Adsit

258 786 466 850 agarus]
496 786 613 837 Tibi
635 782 927 848 injudicio,
952 797 1159 833 cansam
1180 789 1323 833 tuam

260 869 388 927 agat
429 862 629 926 agellus
670 874 833 923 mens,
853 860 939 911 cui
962 859 1125 924 magis
1148 859 1323 911 credis

260 952 414 1003 qnam
430 937 571 988 mihi.
604 935 872 1001 Scoptice.

322 1019 359 1063 6
387 1014 593 1077 Agellum
615 1011 718 1076 eat]
751 1013 873 1063 Non
896 1026 1013 1078 ego,
1047 1017 1196 1063 vetus
1239 1027 1318 1064 so-

260 1092 406 1144 dalis.

275 1193 282 1198 -
324 1170 485 1220 Erro.
511 1182 681 1220 xxvr.
715 1169 942 1219 Eosdem
983 1167 1201 1232 labores,
1217 1182 1320 1218 non

260 1246 443 1296 eadem
466 1247 680 1310 praemia
701 1244 950 1295 divitibus
984 1252 1043 1295 et
1079 1246 1320 1310 pauperi-

258 1321 354 1371 bus
377 1335 494 1371 esse
514 1321 790 1385 proposita
809 1321 1008 1385 Romoe,
1049 1321 1195 1386 qnasi
1228 1321 1322 1370 ad-

257 1399 360 1449 buc
382 1399 606 1462 degeret
622 1399 674 1448 in
694 1398 842 1453 urbe.
860 1397 1105 1448 ostendit.
1142 1398 1267 1448 Rud.

323 1478 353 1524 1
389 1473 678 1538 Sexaginta,
716 1473 825 1539 ξω]
869 1475 999 1524 Cum
1037 1482 1095 1525 tn
1127 1473 1321 1525 ordinis

256 1551 518 1602 Senatorii
556 1551 814 1601 discurras
849 1550 1106 1600 officiosus
1130 1551 1318 1600 saluta-

257 1634 362 1691 tor,
407 1641 489 1677 me
521 1626 787 1678 insimulas
817 1626 1049 1690 desidiae,
1082 1627 1171 1693 qui
1203 1643 1319 1677 cum

258 1719 418 1771 eques
450 1704 546 1754 sim
580 1705 764 1771 (idque
797 1705 990 1756 honore
1011 1719 1113 1756 non
1135 1703 1320 1770 censu)

256 1781 399 1831 idem
422 1796 525 1831 non
558 1780 763 1833 taciam.

320 1862 355 1908 4
391 1859 549 1908 Basia
590 1860 718 1909 nsille
755 1858 963 1922 domum]
1017 1858 1197 1925 Epigr.
1238 1863 1320 1910 96.

254 1934 349 1985 lib.
370 1938 421 1985 7.
439 1948 570 1986 vers.
590 1940 640 1985 2.

321 2017 354 2060 5
389 2010 845 2077 Sedtuparpareis,
873 2012 980 2077 ξω]
1020 2014 1120 2063 Sed
1146 2021 1203 2063 tn
1225 2013 1320 2063 hoc

255 2086 409 2151 facis,
439 2094 499 2137 ut
534 2087 627 2137 fias
659 2089 867 2139 Consul.
930 2089 1209 2140 Consulum
1232 2104 1320 2139 au-

257 2170 367 2214 tern
408 2166 616 2215 nomina
645 2164 1008 2216 referebantur
1041 2168 1096 2217 in
1118 2168 1323 2230 Fastos,

259 2241 352 2305 qui
392 2254 619 2305 purpura
650 2240 1001 2293 illinebantnr.
1066 2243 1245 2306 Epigr.
1269 2246 1321 2293 4.

255 2317 349 2367 lib.
383 2320 465 2367 ll.
498 2331 635 2367 vers.
657 2322 709 2366 5.
747 2327 804 2368 et
835 2318 938 2382 ipsi
959 2317 1108 2369 Coss.
1131 2333 1322 2383 pnrpu-

263 2393 389 2443 rati.

320 2475 356 2520 6
389 2470 497 2520 Aut
535 2471 813 2536 Numidam,
854 2472 962 2537 qm]
1001 2474 1102 2523 Vel
1135 2479 1195 2523 ιιι
1231 2472 1320 2523 ob-

255 2547 432 2598 tineas
454 2550 772 2612 provinciam
796 2551 849 2600 in
867 2550 1053 2601 Africa
1074 2551 1158 2600 vel
1179 2548 1321 2602 Asia.

270 2658 278 2665 ·
321 2630 358 2675 8
392 2626 690 2677 Matidium
721 2627 1004 2692 ferre,&c.]
1038 2629 1321 2693 Epignmi.

255 2701 348 2753 lib.
374 2706 423 2754 8.
442 2716 574 2754 vers.
594 2709 645 2755 4.
666 2712 721 2755 et
747 2707 1010 2771 Epigram·
1029 2710 1107 2756 10.
1130 2706 1223 2756 lib.
1240 2710 1321 2756 10.

254 2793 399 2829 vers.
437 2783 487 2830 8.

268 2882 274 2889 ·
318 2860 356 2906 ⁹
392 2855 523 2913 Quid
555 2857 767 2923 petitur]
797 2860 861 2909 Id
887 2867 988 2922 est,
1026 2859 1153 2924 quid
1197 2859 1320 2910 mihi

256 2943 341 2986 est
365 2936 735 2987 emolumenti?
798 2939 971 3003 Alata]
1010 2939 1176 3003 Pelle,
1214 2941 1323 2989 cal-

254 3028 373 3065 ceo.

321 3096 388 3142 11
425 3092 530 3142 Nec
559 3092 712 3157 venit]
743 3093 860 3142 Nec
896 3106 1076 3143 servus
1111 3099 1322 3143 vocatus

256 3170 411 3221 adest
433 3171 520 3236 qni
542 3168 727 3222 afferat
749 3173 1004 3234 lacernas,
1048 3171 1286 3222 detrabat
1307 3190 1322 3233 3

256 3246 410 3300 venit
431 3254 631 3298 tantum
666 3263 699 3297 a
729 3255 952 3311 patrono
975 3249 1202 3298 Laetorio
1233 3252 1321 3313 qni

257 3338 346 3374 me
369 3324 565 3375 tritaet
587 3325 765 3389 gelida
785 3333 908 3389 toga
927 3326 1225 3377 horrentem
1248 3329 1322 3377 in·

257 3401 398 3455 vitet
414 3400 483 3451 ad
500 3415 720 3452 coenam.

270 3504 280 3511 ·
325 3482 392 3528 14
444 3477 637 3540 Viginti
687 3479 913 3541 nummis,
958 3479 1067 3543 θα]
1135 3479 1322 3530 Αιιιιοιι

264 3553 393 3604 mihi
420 3555 583 3604 satius
606 3557 744 3605 esset
763 3554 902 3604 domi
927 3560 1134 3605 tenuem
1160 3569 1323 3620 parvo

261 3629 440 3695 pretio
463 3636 688 3695 emptam
709 3644 910 3681 sumere
932 3645 1152 3693 coenam,
1170 3645 1323 3696 quam

263 3713 350 3757 tot
371 3704 558 3756 officiis
575 3713 629 3757 et
643 3712 789 3757 tanto
806 3707 982 3757 labore
998 3706 1217 3758 fractum
1234 3709 1323 3758 de·

263 3783 453 3832 mereri
467 3790 665 3834 rectam
687 3798 886 3834 coenam
903 3786 986 3834 vel
1006 3786 1323 3848 sportulam?

264 3863 404 3912 Vide
437 3862 671 3925 Epictet.
707 3863 796 3913 lib.
832 3869 883 3913 8.
905 3879 1019 3927 cap.
1041 3869 1122 3914 26.
1142 3872 1196 3914 et
1217 3864 1324 3915 An-

267 3939 465 4002 tbolog.
487 3939 580 3988 lib.
600 3945 651 3990 5.
672 3954 789 4003 cap.
808 3945 887 3990 12.
901 3939 967 3990 εἷς
984 3958 1016 3989 a
1181 3960 1272 3994 ιαν.

332 4015 782 4065 Eme.xxv111.l
805 4014 1082 4078 Sennea,
1096 4019 1177 4078 qe.
1182 4015 1203 4079 ]
1220 4018 1323 4066 Po-

270 4091 387 4140 cnla
432 4089 652 4139 duorum
693 4091 1015 4155 cyathorum.
1055 4092 1322 4156 Epigram.

269 4171 350 4219 28.
392 4167 484 4218 lib.
522 4171 567 4218 1.
595 4182 725 4217 vers.
746 4172 798 4218 2.
850 4168 1091 4232 Drances]
1126 4170 1325 4220 Pocula

273 4245 510 4294 undecim
536 4228 857 4309 cyathorum.
1065 4277 1070 4283 -

334 4326 367 4372 2
399 4324 466 4371 Et
487 4322 714 4385 quereris,
734 4322 840 4386 ξω]
870 4325 946 4373 Tu
982 4324 1207 4392 quereris
1242 4339 1324 4375 me

401 4403 577 4468 Daph.
600 4409 649 4456 el
677 4404 793 4457 ναν.
817 4406 949 4456 Clas.

1266 4408 1489 4460 Martini.

2277 389 2451 462 1409

1396 551 1492 603 tibi
1536 563 1801 616 apponere
1820 551 2047 611 deterius
2081 552 2253 603 vinnm
2294 568 2450 619 quam

1396 642 1495 691 ego
1539 628 1677 679 bibo.
1758 628 1870 678 Iino
1891 642 1989 692 ego
2020 642 2207 694 queror
2228 631 2366 694 quod
2391 637 2451 682 tu

1396 705 1530 755 bibis
1567 705 1685 769 plus
1725 718 1877 769 quam
1921 719 2037 770 ego.
2104 706 2450 758 Convenimus

1395 787 1572 831 tamen
1586 787 1644 830 et
1665 793 1816 845 pares
1840 795 2041 843 sumns3
2080 781 2217 847 quod
2238 796 2336 845 ego
2358 797 2449 847 ge·

1397 872 1541 920 nere,
1558 864 1617 908 tu
1648 869 1880 920 numero,
1899 857 2038 921 quod
2056 869 2156 921 ego
2173 858 2449 923 qualitate,

1395 942 1453 985 tu
1476 935 1769 1000 quantitate
1791 934 1937 985 bibis.
2004 935 2193 1010 Neque
2212 936 2347 986 enlm
2380 951 2450 985 ω-

1394 1026 1550 1077 quum
1572 1017 1655 1061 est
1682 1017 1736 1061 te
1773 1010 2016 1061 bibonem
2038 1011 2242 1062 haurire
2265 1013 2450 1076 optimi

1395 1088 1499 1138 vini
1523 1085 1816 1151 amphoras.

1409 1196 1416 1204 ·
1456 1164 1618 1213 Epio.
1640 1174 1802 1212 xxix.
1839 1163 2030 1212 Furem
2053 1162 2277 1212 nobilem
2295 1169 2352 1214 et
2371 1163 2448 1215 in-

1394 1240 1658 1306 geniosum
1700 1240 1796 1290 snb
1852 1253 2071 1304 persona
2116 1240 2452 1305 Hermogenis

1393 1315 1648 1380 depingit.
1714 1315 1893 1366 Finxit
1908 1316 2064 1365 etiam
2083 1315 2254 1366 Poeta
2270 1324 2451 1381 aptum

1391 1388 1496 1440 furi
1518 1407 1722 1443 nomen.
1781 1392 2005 1442 Hermes
2026 1392 2165 1441 enim
2196 1406 2289 1442 seu
2309 1393 2450 1444 Mer-

1393 1470 1565 1519 curius
1579 1469 1750 1520 furum
1778 1470 1936 1520 Deus.

1457 1551 1486 1596 1
1522 1549 1863 1610 Hermogenes,
1912 1546 2019 1612 φη]
2077 1546 2281 1597 Nomen
2324 1552 2450 1612 apte

1391 1622 1592 1687 fictum,
1631 1625 1777 1689 quasi
1816 1627 1966 1674 natus
2024 1625 2307 1687 Mercurio,
2361 1627 2454 1691 qui

1393 1701 1619 1751 callebat
1635 1702 1878 1767 quicquid
1901 1702 2098 1766 placuit
2113 1702 2293 1751 doloso
2305 1703 2455 1754 ‘oon-

1393 1779 1523 1830 dere
1539 1779 1718 1831 furto!
1770 1781 1906 1831 Vide
1951 1780 2142 1831 Catulli
2184 1782 2449 1846 Epigram.

1401 1856 1726 1906 ‘Marrucine
1751 1857 1917 1920 Asini,
1941 1871 2096 1909 manu
2119 1858 2328 1908 sinistra
2346 1874 2451 1910 non

1395 1931 1532 1983 belle
1551 1936 1709 1984 uteris
1741 1942 1797 1986 et
1834 1935 1992 1986 'Pollis
2009 1935 2174 1986 lintea
2190 1937 2455 2003 negligen-

1395 2010 1622 2061 tiorum.’

1407 2104 1414 2112 ⁹
1457 2091 1490 2137 2
1523 2089 1690 2138 Masso
1714 2089 1846 2153 fait]
1876 2089 2043 2153 Alius,
2064 2091 2240 2152 credo,
2269 2105 2302 2142 a
2332 2093 2452 2142 Βεε-

1392 2162 1479 2214 bio
1501 2164 1677 2214 Massa
1694 2166 1910 2218 Baeticae
1927 2168 2206 2231 provincia
2225 2176 2453 2232 praetore

1395 2248 1452 2291 et
1471 2242 1735 2304 predone.
1790 2242 1990 2292 Plinius
2011 2245 2193 2298 ultima
2215 2246 2454 2352 Epistola

1393 2318 1516 2368 libri
1540 2323 1589 2370 7.

1456 2400 1486 2445 6
1529 2396 1759 2446 Cervinus
1795 2397 2026 2461 gelidum,
2064 2351 2174 2462 qun]
2214 2396 2454 2450 Attrahit

1394 2474 1717 2539 surripitque
1755 2488 1975 2538 mappas
2009 2476 2185 2526 nativa
2227 2476 2451 2541 quadam

1395 2548 1695 2612 furacitate,
1715 2565 1816 2601 non
1838 2564 1987 2601 secus
2010 2566 2072 2601 ac
2095 2566 2278 2601 cervus
2299 2560 2452 2604 natu-

1396 2627 1490 2675 rali
1530 2627 1822 2692 antipathia
1860 2633 2132 2690 serpentes
2171 2643 2200 2677 e
2232 2627 2453 2678 latebris

1395 2703 1584 2767 spiritu
1623 2703 1873 2765 extrahit,
1905 2717 2067 2753 cornu
2106 2703 2255 2753 elidit
2277 2712 2453 2755 vorat-

1395 2794 1528 2844 quez
1575 2781 1716 2830 unde
1748 2778 1937 2842 ἔλαφος
1968 2780 2252 2830 Plutarcho
2272 2780 2361 2831 lib.
2385 2780 2452 2828 de

1396 2854 1562 2906 Prud.
1594 2855 1769 2905 Anim.
1793 2856 1967 2906 dictus
1995 2854 2089 2905 ἀπὸ
2105 2858 2193 2906 τοῦ
2212 2857 2341 2907 ἑλεῖν
2366 2857 2452 2905 vel

1396 2931 1527 2995 infr
1552 2930 1661 2981 τοὺς
1703 2931 1848 2995 ὄφεις.
1892 2932 2066 2981 sanius
2109 2932 2344 2983 duxerim
2387 2932 2454 2982 ab

1396 3000 1587 3071 nbi&
1612 3035 1768 3073 cerva
1807 3023 1872 3072 ab
1896 2998 2029 3071 ¹71⁸
2062 3033 2262 3072 cervus.
2315 3019 2454 3070 Vide

1395 3101 1535 3152 Plin.
1555 3101 1644 3151 lib.
1662 3103 1744 3151 11.
1765 3113 1881 3165 cap.
1900 3106 1985 3153 88.
2005 3108 2063 3151 et
2083 3098 2267 3150 AElian.
2289 3097 2378 3148 lib.
2400 3102 2453 3147 2.

1396 3192 1511 3240 cap.
1529 3181 1579 3228 9.

1415 3257 1492 3302 6
1519 3255 1730 3303 Casurus
1762 3255 1877 3317 ulte,
1913 3253 2021 3317 arm]
2053 3254 2124 3304 Et
2154 3251 2318 3302 veluti
2352 3250 2456 3301 Iris

1396 3326 1574 3378 furtim
1605 3330 1742 3380 tollit
1776 3345 1934 3395 aquas
1992 3344 2168 3380 rursus
2208 3342 2453 3378 casuras:

1395 3402 1496 3454 boc
1533 3417 1599 3453 ex
1635 3405 1877 3469 opinione
1920 3406 2080 3470 vulgi.
2157 3405 2246 3454 Fit
2281 3410 2455 3454 autem

1396 3479 1498 3531 Iris
1518 3495 1583 3529 ex
1607 3478 1803 3530 reflexu
1826 3481 2087 3531 radiorum
2116 3480 2250 3531 Solis
2274 3479 2339 3529 ad
2362 3494 2454 3530 nn-

1397 3554 1515 3605 bem
1538 3556 1820 3606 resolutam
1852 3557 2062 3623 Solique
2090 3556 2380 3622 oppositam
2400 3554 2456 3604 in

1398 3630 1657 3694 adspectu
1679 3638 1874 3683 nostro.

1413 3728 1426 3737 -
1459 3712 1491 3757 7
1550 3708 1748 3772 Myrino
1810 3708 2075 3773 peteretur]
2139 3706 2455 3758 Gladiatori.

1397 3784 1582 3848 Epigr.
1623 3790 1707 3836 26.
1748 3786 2048 3849 lib.-Spcct.
2128 3784 2303 3833 Missio
2321 3781 2457 3844 loe‘so]

1398 3861 1546 3910 Laeso
1565 3861 1854 3925 gladiatori,
1876 3876 2018 3911 arma
2035 3860 2363 3911 submittenti
2401 3866 2458 3909 et

1397 3938 1589 3989 ferrum
1621 3947 1923 4004 accepturo,
1962 3942 2136 3991 missio
2169 3954 2311 4005 saepe
2332 3940 2460 3991 data

1396 4033 1428 4068 a
1447 4020 1758 4081 munerario,
1789 4035 1854 4069 ne
1876 4019 2274 4083 interficeretur,
2296 4020 2460 4070 inter-

1397 4095 1625 4145 cedente
1649 4097 1858 4160 populo.
1983 4090 1987 4095 ’
2302 4120 2305 4123 ·

1416 4178 1494 4223 ·9
1531 4174 1792 4235 Cretatam,
1836 4174 1941 4238 mu]
1992 4172 2276 4225 Candidam
2295 4188 2459 4239 ‘map-

1398 4251 1604 4314 pamin
1642 4250 1842 4314 signum
1868 4250 2184 4300 Circensium
2227 4251 2461 4300 commit-

1404 4328 1675 4378 tendorum
1698 4329 1922 4392 Praetor,
1945 4327 2029 4394 qui
2048 4329 2333 4393 plerunque
2352 4328 2461 4376 edi·

2217 4414 2248 4460 4
2283 4410 2331 4457 U
