2985 4937
467 386 641 452 1146

416 542 422 549 ”
462 544 539 594 Ut
581 543 703 594 mihi
740 551 918 595 mutuo
954 543 1109 596 daret
1138 559 1224 610 ep.
1263 550 1374 596 156.
1409 546 1443 597 l.
1480 552 1531 598 5.

461 621 667 685 Viginti
706 622 969 686 sestertia,
1009 623 1090 672 vel
1133 623 1320 685 viginti
1366 623 1531 674 millia

461 710 742 760 nummum,
783 704 904 748 sunt
960 698 1235 763 quingenti
1294 698 1529 755 coronati

463 785 556 822 seu
579 772 879 822 dueatones.

523 852 556 897 2
580 849 703 904 Quoe
722 850 796 898 vel
816 850 1036 913 donati,
1055 850 1163 914 ξω]
1197 852 1367 903 Quam
1395 867 1530 903 sum·

459 939 591 974 uiam
631 926 715 974 vel
756 926 879 976 mibi
922 927 1164 990 donasse,
1202 942 1302 978 non
1344 925 1530 979 fuisset

458 1003 651 1053 bomini
676 1013 780 1053 tam
805 1004 956 1054 diviti
979 1019 1136 1069 grave
1159 1006 1497 1070 impendium.

521 1086 555 1131 4
594 1080 741 1142 Caius
761 1081 1040 1146 laxos,&·c.]
1090 1083 1401 1146 Cujusarea
1417 1099 1527 1135 mo·

458 1165 515 1209 ta
530 1164 737 1208 resonat
754 1158 883 1208 laxis
905 1160 1148 1222 nummis,
1169 1167 1416 1226 tanquam
1437 1161 1529 1212 fla·

456 1235 580 1300 gelli
597 1234 832 1287 verbere.
899 1236 1186 1300 Flagellare
1218 1236 1429 1287 divitias
1454 1238 1528 1288 di·

455 1317 647 1361 cuntur
682 1310 881 1375 (inquit
913 1312 1191 1361 Turnebus
1212 1313 1351 1365 1.21.
1383 1329 1430 1365 c.
1452 1314 1530 1379 4.)

455 1387 545 1451 qui
578 1401 792 1449 magnas
815 1389 951 1437 arcis
985 1389 1185 1438 clausas
1218 1404 1346 1453 opes
1383 1391 1528 1441 velut

455 1463 755 1513 verberibus
770 1472 825 1514 et
837 1464 1134 1515 carceribus
1149 1465 1527 1529 coercent,&e.

453 1547 468 1570 ‘
487 1540 677 1592 Infelix
698 1544 992 1606 strangulat
1006 1558 1131 1593 area
1143 1544 1391 1596 divitias.'
1425 1546 1528 1596 Pa-

454 1620 561 1684 pin.
572 1624 621 1670 2.
636 1620 779 1685 Sylv.
814 1620 912 1671 Vel
916 1620 1165 1684 flagellat,
1179 1621 1230 1670 vi
1248 1622 1441 1686 premit
1464 1638 1528 1675 ae

452 1697 723 1760 eontinet3
755 1698 1010 1763 quomodo
1019 1697 1278 1763 flagellare
1296 1715 1529 1751 annom

448 1773 825 1825 Jurisconsulti
860 1775 1061 1833 dieunt.
1145 1777 1218 1825 Et
1254 1777 1528 1840 eleganter

450 1850 594 1902 Plnt.
616 1851 755 1915 apud
782 1851 997 1902 Lucian.
1020 1852 1072 1901 in
1106 1853 1323 1902 Timone
1358 1854 1525 1918 queri-

452 1935 539 1978 tur
561 1942 620 1979 se
643 1930 711 1981 ab
734 1929 904 1981 avaris
925 1928 1266 1993 ἀποπνίγεσθαι
1286 1931 1339 1981 ἐν
1357 1932 1529 1994 πολλᾷ

453 2005 626 2069 σκότῳ.
663 2008 867 2057 Herald.
905 2004 1026 2057 vide
1047 2007 1216 2072 epigr.
1240 2012 1321 2058 13.
1342 2008 1374 2059 l.
1396 2014 1446 2059 5.
1468 2014 1526 2058 et

388 2104 393 2113 =
452 2083 621 2147 epigr.
637 2088 722 2134 40.
743 2085 780 2133 l.
801 2089 851 2134 3.

514 2165 545 2208 ὃ
581 2160 636 2209 Is
657 2159 796 2222 mai,
819 2159 925 2223 ξω]
960 2160 1116 2225 Cajus
1151 2162 1380 2212 consulit
1396 2163 1524 2213 mihi

451 2235 589 2299 quod
622 2236 746 2286 olim
776 2237 944 2287 Titus.
967 2251 1053 2301 ep.
1074 2242 1159 2289 18.
1196 2239 1232 2289 l.
1261 2243 1308 2289 1.
1332 2238 1447 2290 vide
1467 2246 1523 2289 et

450 2311 616 2377 epigr.
638 2318 721 2364 77.
742 2315 778 2364 l.
802 2318 849 2365 1.

514 2394 547 2440 6
584 2391 724 2447 Quod
753 2397 865 2456 peto
886 2391 1096 2458 dame]
1144 2394 1394 2444 Nummos
1416 2408 1525 2444 mu·

451 2473 590 2531 tuos,
609 2483 716 2519 non
737 2470 1025 2522 eonsilium.

514 2545 679 2597 Eme.
717 2559 879 2599 xxxr.
938 2553 962 2598 1
1009 2548 1138 2612 Det]
1190 2549 1396 2599 ‘Dare’
1428 2550 1522 2600 ob·

446 2635 673 2672 secenum
710 2623 795 2673 hic
832 2624 1043 2676 verbum
1076 2632 1188 2688 est3
1236 2626 1523 2691 respondet

448 2695 608 2762 poeta
643 2713 711 2749 ex
748 2699 1009 2765 ambiguo.
1075 2703 1387 2753 christinam
1426 2718 1520 2754 seu

446 2773 798 2841 Chrestinam,
837 2778 913 2827 ita
952 2779 1084 2830 bene
1120 2779 1270 2843 dare,
1303 2788 1362 2831 ut
1394 2782 1521 2832 nihil

447 2851 663 2901 melius:
716 2868 896 2905 verum
917 2855 1056 2905 aliud
1078 2856 1276 2918 voluit}
1316 2871 1520 2922 nempe,

445 2927 524 2976 ita
542 2930 677 2979 male
713 2945 826 2981 eam
861 2930 1008 2992 dare,
1042 2940 1102 2982 ut
1122 2948 1298 2998 supra,
1330 2934 1383 2984 id
1414 2942 1519 2998 est,

446 3003 586 3054 ultra
626 3007 709 3058 vel
734 3007 923 3059 iterum
962 3023 1077 3062 eam
1120 3023 1227 3059 non
1261 3011 1517 3062 sustineas

450 3077 648 3133 faeere.
1502 3088 1510 3102 '

506 3162 543 3208 2
583 3160 717 3209 Fieri
734 3161 954 3227 nil,q·c.]
1006 3161 1022 3189 ‘
1047 3162 1266 3212 Facere'
1299 3163 1424 3213 item
1459 3171 1518 3215 et

1182 402 1396 452 NOTAE

445 3236 460 3262 ‘
487 3235 602 3285 fieri
621 3237 635 3258 ’
673 3237 936 3302 turpicula
978 3238 1136 3292 verba
1156 3246 1313 3302 sunt.;
1342 3242 1516 3308 epigr.

445 3315 529 3361 47.
554 3313 589 3361 1.
614 3317 662 3362 1.

511 3388 671 3439 Eme.
696 3403 879 3440 xxxu.
913 3392 975 3441 In
1011 3392 1292 3458 Ponticum]
1330 3394 1517 3444 Ponti·-

446 3479 566 3515 cum
606 3467 968 3534 caussidieum,
1019 3470 1107 3534 qui
1149 3470 1217 3520 ab
1263 3470 1376 3520 aliis
1410 3472 1516 3523 coli

444 3541 678 3606 volebat,
722 3545 892 3608 carpit
933 3545 1145 3608 urbane,
1201 3548 1340 3614 quod
1373 3549 1514 3599 liber

445 3633 549 3669 nou
573 3627 732 3684 esset,
746 3621 838 3672 sed
858 3624 1035 3673 multis
1057 3624 1330 3676 ambitiose
1350 3627 1510 3676 servi·

442 3703 545 3757 ret,
559 3694 813 3762 fingitque
835 3702 999 3750 multa
1015 3701 1241 3765 negotia,
1256 3701 1307 3750 in
1325 3701 1511 3766 quibus

442 3787 654 3837 operam
672 3788 817 3824 suam
837 3778 1107 3827 recusabat
1128 3777 1400 3829 Ponticus.

515 3854 540 3900 1
576 3851 672 3900 Lis
691 3852 948 3916 mimda]
981 3858 995 3882 ‘
1018 3854 1196 3915 Perii,'
1234 3854 1402 3920 inquit
1420 3856 1511 3906 illa

446 3927 588 3992 apud
612 3929 900 3992 Comieum,
942 3933 957 3957 ‘
978 3929 1098 3978 huie
1142 3930 1241 3993 ipsi
1263 3945 1395 3995 opus
1419 3946 1511 3995 pa-

445 4014 597 4056 trono
642 4014 723 4059 est
770 4020 920 4073 quem
962 4004 1287 4056 defensorem
1346 4007 1513 4072 paro.’

442 4079 637 4131 Actum
662 4097 836 4132 secum
874 4096 987 4131 esse
1025 4082 1285 4132 exclamat
1323 4082 1512 4150 Poeta,

443 4158 698 4223 siquidem
706 4158 875 4222 justas
887 4158 1180 4210 intendenti
1192 4160 1311 4210 lites
1325 4161 1511 4213 adesse

446 4238 583 4287 nolit
622 4234 801 4300 (quem
836 4240 931 4299 pro
977 4244 1200 4302 patrono
1246 4238 1513 4303 coluerat)

445 4313 716 4379 Ponticus,
758 4327 859 4364 non
900 4329 1052 4364 ausus
1086 4315 1164 4365 ire
1202 4325 1384 4370 contra
1417 4332 1512 4384 po·

1450 400 1850 453 vA‘moRuu
1899 402 1979 451 m

1608 545 1825 599 tentiam
1860 552 2182 611 magnatum,
2205 552 2528 613 captamque
2562 560 2672 611 gra-

1607 624 1733 673 tiam
1782 623 2044 685 divitum3
2094 625 2369 675 renunciat
2403 625 2580 688 itaque
2616 638 2670 677 se

1605 714 1812 751 servum
1834 709 1896 751 et
1913 701 2159 753 clientem
2188 699 2368 751 servili
2385 700 2598 753 domino
2617 707 2672 749 et

1604 783 1849 841 patrono;
1889 792 2046 843 supra
2065 777 2232 843 epigr.
2254 782 2335 828 18.

1667 854 1832 905 Erro.
1857 866 2076 904 xxxin.
2131 854 2196 904 In
2217 853 2498 918 Philaem'm]
2544 853 2672 903 Lus·

1604 942 1718 980 eam
1757 930 2034 982 Philaenim
2074 930 2265 980 irridet
2299 931 2396 979 hoc
2427 928 2593 994 epigr.
2617 936 2673 978 ut

1601 1008 1846 1073 etepigr.
1879 1013 1963 1058 95.
1995 1008 2031 1057 1.
2056 1013 2104 1059 4.
2142 1014 2199 1057 et
2219 1007 2357 1073 quod
2392 1006 2526 1056 nolit
2558 1020 2670 1055 eam

1602 1084 1823 1146 basiare,
1844 1092 1951 1135 tres
1973 1098 2177 1136 caussas
2201 1083 2412 1145 reddit3
2448 1082 2564 1132 vide
2582 1082 2670 1131 lib.

1605 1164 1683 1212 10.
1703 1163 1871 1227 epigr.
1902 1167 1988 1213 23.

1671 1244 1695 1290 1
1736 1240 1836 1290 Cur
1857 1256 1950 1290 non
1969 1240 2118 1304 basio,
2151 1239 2260 1304 ξω]
2314 1240 2492 1304 Caput
2533 1236 2670 1288 enim

1603 1322 1750 1366 tuum
1787 1317 2035 1381 (calvum,
2067 1316 2265 1380 rufum,
2307 1314 2536 1375 luseum)
2566 1327 2669 1378 prae

1602 1406 1658 1441 se
1680 1390 1785 1442 fert
1807 1392 2077 1456 Priapum,
2096 1392 2131 1443 l.
2155 1396 2204 1441 9.
2229 1406 2314 1456 ep.
2332 1395 2415 1442 38.
2469 1392 2484 1419 ‘
2511 1391 2580 1440 Et
2603 1390 2669 1438 sit

1604 1469 1746 1520 lusca
1768 1468 1932 1532 lieet,’
1953 1472 2059 1521 ὅτε.

1665 1548 1828 1598 Erro.
1869 1560 2069 1597 xxxiv.
2110 1549 2141 1597 2
2169 1545 2286 1596 Tres
2321 1543 2527 1609 pateris,
2565 1541 2672 1606 qma]

1601 1622 1808 1675 Gallam
1839 1622 2158 1674 luxuriosam
2184 1636 2337 1672 anum
2361 1622 2674 1683 insectatur,

1600 1716 1719 1764 quse
1755 1709 1867 1751 tota
1887 1716 1981 1750 sua
2004 1700 2128 1749 dote
2162 1699 2462 1749 redemerat
2497 1696 2670 1747 Phile·

1600 1785 1768 1827 rotem
1785 1791 2013 1840 servum,
2040 1783 2099 1826 et
2122 1790 2238 1826 eum
2259 1790 2325 1826 eo
2348 1773 2674 1827 eonsuetudi-

1598 1865 1717 1903 nem
1739 1852 1986 1915 habebat,
2024 1852 2433 1917 patiebaturque
2457 1862 2565 1900 tres
2586 1863 2671 1899 na·

1600 1937 1677 1980 tos
1694 1945 1813 1981 suos
1835 1945 1902 1980 ex
1921 1929 2172 1980 defuncto
2186 1930 2379 1979 marito
2400 1928 2537 1978 fame
2557 1941 2670 1991 per-

1597 2007 1693 2059 ire.
1730 2006 1971 2058 Rumires.
2034 2006 2267 2073 Propter
2289 2019 2518 2057 amorem
2550 2004 2667 2054 Phi·
2713 2013 2720 2021 ·

1599 2084 1799 2146 leretis,
1818 2100 1972 2150 quem
1989 2098 2019 2133 e
2039 2083 2257 2133 servitio
2280 2082 2571 2144 redemisti,
2590 2080 2674 2141 vel,
2776 2094 2779 2096 ’

1600 2176 1750 2226 quem
1773 2159 2091 2223 conduxisti,
2108 2166 2223 2210 tota
2240 2159 2365 2209 dote
2392 2159 2487 2209 tibi
2511 2174 2543 2208 a
2564 2172 2668 2208 ma·

1597 2238 1701 2288 rito
1726 2237 1980 2289 defuncto
2004 2237 2212 2289 relicta.

1662 2318 1692 2363 3
1730 2314 2153 2379 Ρναειαιιιν,ᾃ·ο.]
2195 2313 2328 2363 Tam
2351 2320 2564 2363 strenue
2592 2311 2669 2360 iu·

1595 2389 1778 2456 dulges
1800 2390 1999 2441 libidini
2036 2389 2298 2441 luxuriosa
2331 2403 2479 2453 anus,
2517 2401 2665 2453 quam

1599 2467 1681 2518 vel
1703 2468 1873 2520 coitus
1897 2466 2114 2532 legitimi
2131 2466 2227 2518 hae
2247 2473 2407 2518 aetate
2431 2466 2668 2531 puderet,

1597 2545 1758 2596 multo
1783 2546 1946 2612 magis
1975 2544 2215 2596 adulteri.

1659 2627 1689 2671 5
1727 2622 2035 2688 Perpetuam,
2066 2619 2175 2686 ὅτι]
2211 2620 2286 2671 Ut
2307 2634 2462 2684 quam
2486 2617 2669 2669 diutis-

1596 2698 1723 2747 sime
1747 2699 1890 2749 vivas
1912 2699 2102 2749 misere
2126 2712 2249 2748 eum
2271 2697 2541 2752 Philerote
2565 2703 2671 2765 tuo,

1595 2790 1747 2839 quem
1772 2782 1831 2825 ut
1853 2775 2155 2836 redimeres,
2175 2781 2229 2824 te
2253 2788 2369 2823 eum
2390 2773 2556 2824 tribus
2578 2784 2666 2819 na-

1595 2853 1664 2902 tis
1699 2845 1766 2903 ad
1800 2860 2089 2903 extremam
2130 2851 2360 2917 inopiam
2401 2859 2458 2903 et
2479 2849 2665 2918 famem

1595 2929 1864 2995 redegisti.

1656 3011 1689 3057 6
1728 3007 1903 3057 l'ontia
1933 3005 2164 3069 deterior]
2215 3004 2233 3034 ‘
2255 3005 2360 3056 Illa
2403 3006 2533 3056 duos
2567 3014 2664 3052 una

1592 3084 1872 3134 saevissima
1893 3084 2093 3149 Vipera
2128 3081 2313 3147 eoeua,’
2336 3086 2438 3133 ὅτε.
2471 3080 2662 3132 Juven.

1592 3166 1646 3213 6.
1665 3165 1783 3213 637.
1832 3163 1910 3212 Tu
1933 3175 2058 3212 vero
2082 3168 2189 3211 tres
2212 3166 2366 3236 natos
2386 3158 2523 3211 fame
2545 3153 2661 3228 enef

1592 3239 1743 3290 casstis

1656 3313 1826 3365 Erro.
1854 3326 2037 3365 xxxv.
2075 3316 2101 3363 1
2126 3312 2243 3362 Cum
2263 3310 2363 3362 sint
2379 3305 2660 3372 cruram]

1589 3393 1720 3444 Cum
1744 3391 1841 3443 tibi
1866 3392 2020 3454 vulgo
2055 3390 2373 3454 diducantur
2410 3385 2659 3454 poplites,

1587 3469 1779 3519 eoelant
1802 3468 1896 3518 tali
1933 3483 2028 3518 seu
2049 3467 2279 3532 plantae3
2316 3467 2515 3531 optime
2538 3476 2657 3512 eon-

1589 3547 1769 3595 veniat
1787 3544 1884 3594 tibi
1908 3544 1974 3594 ad
1998 3541 2247 3593 lavandos
2267 3543 2432 3607 pedes
2454 3540 2656 3604 rhytum

1586 3637 1675 3671 seu
1700 3619 2098 3687 rhytiumffluod
2122 3634 2212 3670 vas
2240 3625 2322 3670 est
2345 3618 2413 3670 ab
2437 3621 2657 3682 angusto

1585 3696 1749 3749 fundo
1774 3699 1827 3747 in
1848 3699 2011 3748 latum
2035 3710 2251 3760 surgens
2282 3696 2449 3745 instar
2477 3705 2657 3750 cornu,

1585 3775 1652 3825 de
1688 3791 1787 3841 quo
1808 3773 2098 3824 Athenaeus
2115 3773 2153 3824 l.
2178 3776 2258 3823 10.
2273 3788 2321 3823 e.
2341 3776 2419 3822 13.
2439 3776 2495 3821 et
2518 3772 2553 3820 l.
2575 3771 2655 3818 11.

1584 3869 1631 3905 e.
1658 3859 1706 3904 1.
1728 3860 1777 3904 5.
1800 3861 1855 3904 et
1884 3857 1968 3903 26.
1992 3851 2127 3903 ludit
2149 3860 2325 3902 autem
2350 3851 2402 3900 in
2424 3847 2652 3915 paribus,

1584 3933 1599 3959 ‘
1624 3946 1782 3982 cornu
1797 3929 1810 3948 ’
1825 3938 1886 3979 et
1907 3932 1923 3958 ‘
1944 3927 2131 3993 rhyt0,’
2154 3928 2171 3957 ‘
2189 3929 2337 3979 Luna
2355 3928 2368 3948 ’
2393 3935 2448 3976 et
2470 3931 2485 3953 ⁸
2503 3925 2654 3974 Phoe-

1586 4006 1689 4058 bo.'
1861 4057 1864 4058 γ

1654 4082 1814 4133 Eme.
1839 4096 2049 4134 xxxvr.
2088 4087 2113 4134 1
2143 4082 2357 4144 pectere,
2375 4077 2486 4144 aaa]
2535 4075 2651 4125 Car·

1586 4159 1666 4224 pit
1709 4159 1997 4210 Pannieum
2029 4157 2306 4223 quendam,
2349 4162 2410 4206 ut
2446 4151 2647 4202 mollem

1584 4235 1771 4297 virum,
1793 4236 1881 4300 qni
1905 4234 2119 4285 nimium
2141 4234 2216 4284 vir
2234 4232 2402 4285 videri
2425 4227 2650 4286 volebat,

1585 4312 1809 4364 turbatis
1828 4311 2051 4376 capillis,
2085 4310 2292 4371 horrida
2337 4307 2521 4364 barba,
2543 4317 2647 4354 sor-
