2985 4937
661 425 737 474 Μ.
785 426 955 478 VAL.
1005 431 1425 490 MARTIALIS
1476 439 1720 490 EPIGR.
1771 444 1916 492 [ΑΒ.
1968 449 2128 497 vul.

303 559 381 612 liae
396 568 447 613 et
464 564 678 617 Romani
692 571 912 623 nominis
931 573 1076 626 ducti
1098 576 1166 627 ab
1178 576 1368 630 [Enem-

302 640 442 689 Arma
456 642 721 709 virumque]
775 648 960 702 Libros
982 653 1247 712 AEneidos,
1268 670 1355 706 cu-

291 713 372 776 jus
382 717 579 770 initium
597 724 612 750 ‘
630 721 792 775 Arma
804 719 1072 794 virum'qne
1083 733 1245 795 cano,'
1257 737 1353 786 ὅτε.

359 797 421 843 20
455 797 681 858 Culicem,
699 801 810 866 ξω]
833 803 1145 856 Poemation
1168 809 1234 858 de
1252 810 1352 860 Cu-

299 867 396 919 lice
427 886 640 934 parvum
677 885 733 928 et
774 880 923 942 rude,
952 884 1199 935 collatum
1235 901 1352 938 cum

297 945 521 1014 AEneide,
543 953 636 1002 sed
662 969 757 1019 per
776 973 833 1007 se
856 962 1029 1010 tamen
1053 962 1239 1014 nobile.

354 1027 415 1075 21
453 1027 582 1084 Quid
619 1031 788 1095 Veros,
802 1035 911 1099 ξω]
969 1037 1162 1089 Lucius
1181 1042 1352 1093 Varus

295 1114 404 1161 cnm
424 1104 599 1158 Plotio
618 1115 677 1158 et
697 1110 871 1162 Tucca
887 1114 1156 1166 AEneidem
1177 1131 1351 1169 emen·

295 1174 462 1241 davit3
494 1179 634 1234 forte
655 1185 792 1237 hunc
813 1188 1075 1254 intelligit.
1142 1194 1348 1245 Marsus

295 1255 768 1319 epigrammatarius
801 1263 921 1329 fuit,
948 1283 1100 1332 quem
1122 1270 1349 1323 imitatus

291 1338 367 1380 est
386 1333 643 1388 Martialis
664 1357 681 1403 ς
716 1340 806 1393 lib.
830 1347 879 1393 8.
899 1345 1084 1410 Epigr.
1102 1353 1155 1398 5.

348 1413 411 1459 24
449 1411 687 1476 Virgilius
705 1433 800 1467 aon
833 1420 935 1484 ero]
995 1423 1116 1474 Non
1138 1439 1226 1475 ero
1242 1427 1352 1476 cla·

290 1482 507 1537 tissimus
527 1491 742 1554 epicus;
778 1509 867 1544 ero
905 1499 1093 1561 clarus,
1133 1507 1193 1550 ut
1227 1517 1347 1567 spe-

288 1575 362 1624 ro,
375 1564 989 1637 epigrammatographus.
1028 1578 1228 1634 Marsus
1241 1574 1344 1643 ero]

287 1638 448 1691 Poeta
466 1645 987 1709 epigrammatarius:
1023 1655 1111 1705 lib.
1133 1661 1180 1706 2.
1220 1658 1344 1722 Epi-

287 1733 490 1780 gramm.
511 1728 594 1775 71.
618 1739 754 1778 vers.
776 1732 825 1778 3.
848 1737 905 1778 et
928 1732 1242 1797 Epigramm.
1263 1742 1344 1789 98.

284 1795 368 1845 lib.
388 1802 434 1847 7.
501 1799 772 1854 Heraldus
795 1807 924 1871 legit
945 1809 1157 1877 Marcus,
1197 1816 1350 1879 quasi,

286 1871 450 1925 dicat:
486 1878 703 1930 Marcus
733 1896 823 1934 ero
847 1885 1127 1950 Martialis,
1148 1897 1204 1941 et
1224 1892 1341 1944 huic

284 1951 466 2001 nomini
488 1969 592 2004 non
623 1957 791 2008 minus
820 1962 1143 2016 celebritatis
1170 1969 1343 2035 conci-

283 2023 432 2089 liabo,
451 2044 602 2093 quam
627 2033 877 2098 Virgilius
900 2039 1021 2088 olim
1043 2043 1346 2096 conciliavit

284 2118 387 2157 suo.
448 2108 614 2159 Simul
646 2110 892 2163 invidiam
939 2115 1186 2184 declinat,
1223 2137 1342 2187 quae

282 2183 550 2237 veritatem
582 2194 642 2237 et
680 2189 1064 2254 simplicitatem
1095 2200 1238 2264 sequi
1260 2215 1340 2250 so-

282 2258 365 2310 let.

339 2339 493 2389 Erro.
516 2355 676 2406 tvm,
726 2347 757 2394 3
795 2346 1227 2416 Collegitque,850.]
1247 2353 1338 2404 Al-

280 2412 404 2465 ludit
432 2417 497 2465 ad
538 2419 795 2472 Veterum
830 2438 1023 2476 morem
1060 2428 1339 2494 colligendi

280 2505 415 2543 ossa:
453 2494 519 2544 de
558 2511 665 2560 quo
699 2498 818 2549 vide
861 2516 976 2566 quae
1015 2504 1240 2560 Farnab.
1270 2509 1337 2559 ad

281 2581 408 2619 vers.
430 2575 546 2622 797.
578 2574 794 2624 Troadis
830 2577 1043 2629 Senecae
1062 2598 1078 2631 ε
1110 2596 1209 2633 nec
1233 2598 1335 2635 non

280 2642 341 2691 ad
363 2644 415 2695 id
442 2648 581 2712 quod
604 2649 698 2699 lib.
720 2655 770 2700 8.
795 2667 842 2703 c.
865 2659 915 2706 5.
972 2657 1192 2710 Quintil.
1215 2661 1231 2688 ‘
1247 2661 1336 2712 In-

278 2718 569 2779 felicissima
597 2726 826 2793 foemina,
854 2734 1081 2785 nondum
1102 2741 1336 2791 extulisti
1386 2735 1389 2740 ¹

277 2795 448 2863 filium,
462 2809 518 2852 et
530 2803 649 2868 jam
673 2820 790 2855 ossa
811 2808 1025 2874 legisti,’
1048 2816 1151 2865 &c.

338 2876 493 2929 Erro.
515 2893 677 2931 Lvm.
733 2883 891 2936 Ludit
910 2887 963 2936 in
986 2890 1228 2957 ambigua
1250 2910 1335 2945 vo·

277 2964 334 3000 ce
356 2953 603 3020 ‘Sagari.'
669 2956 1029 3014 Artemidorus
1057 2974 1161 3019 tam
1198 2985 1334 3022 cras·

273 3039 375 3078 sam
408 3032 545 3082 enim
581 3036 821 3097 gestabat
853 3039 1132 3109 lacernam,
1163 3054 1221 3097 ut
1252 3064 1336 3103 sa·.

278 3120 388 3169 gum
422 3109 590 3160 videri
625 3123 817 3175 posset.
882 3116 1033 3168 Quod
1070 3117 1114 3169 si
1148 3122 1331 3188 ‘saga-

277 3181 371 3231 ris’
406 3185 475 3234 sit
498 3201 666 3251 genus
685 3189 841 3252 scuti,
862 3194 1005 3256 quasi
1034 3194 1332 3251 Artemido-

277 3272 358 3309 rus
388 3269 494 3313 tam
532 3279 758 3315 crassam
795 3276 1030 3330 gestaret
1053 3275 1331 3343 lacernam,

276 3338 347 3387 uti
367 3339 482 3390 loco
506 3342 646 3391 scuti
676 3357 793 3394 esse
816 3350 1067 3419 potuerit.
1107 3353 1236 3405 Rad.

335 3423 362 3467 1
395 3419 719 3486 Artemidore,
740 3424 962 3489 lacernae]
1018 3430 1122 3482 Qui
1142 3446 1328 3483 nomen

274 3494 423 3546 habes
463 3498 560 3547 ἀπὸ
595 3501 681 3558 τῆς
728 3503 823 3551 τῶν
856 3502 1122 3568 Ἀρτέμιδος
1164 3509 1331 3575 δώρων,

275 3585 331 3622 ac
353 3574 394 3623 si
414 3576 715 3627 tenuissima
742 3580 997 3634 Minervae
1023 3587 1127 3636 tela
1147 3588 1329 3639 indue·

276 3649 425 3700 reris:
458 3653 706 3716 (Fallitur
721 3654 1038 3708 Farn'abius:
1071 3666 1328 3715 nonenim

275 3722 507 3778 Minerva
528 3736 612 3779 est
623 3728 857 3798 Ἄρτεμις,
878 3736 972 3786 sed
994 3737 1193 3800 Diana)
1211 3756 1327 3791 cum

274 3805 436 3854 tamen
478 3807 703 3858 lacernis
747 3811 985 3864 vestiaris
1022 3829 1122 3865 non
1160 3818 1327 3868 minus

276 3882 449 3932 crassis
470 3900 627 3949 quam
646 3895 767 3937 sunt
789 3903 936 3953 saga,
974 3892 1205 3957 Sagarim
1227 3910 1326 3960 ego

275 3957 325 4005 te
346 3971 440 4021 pro
460 3962 793 4031 Artemidoro
816 3968 1030 4019 vocabo.

332 4038 363 4083 2
395 4037 535 4101 Meo]
585 4040 763 4090 Editio
807 4044 1088 4109 Calderini,
1138 4048 1324 4100 Junius

275 4107 326 4158 in
346 4116 591 4181 margine,
622 4126 677 4168 et
709 4120 795 4171 alii
828 4120 1119 4185 praeferunt
1146 4141 1326 4185 πωπω,-
1357 4135 1360 4148 “

274 4183 587 4242 familiaritas
611 4195 842 4259 quaedam
876 4198 1072 4249 Nostro
1105 4199 1326 4253 familia·

277 4262 374 4388 ἷξες
403 4266 421 4295 ‘
441 4268 639 4322 Codrus
660 4270 839 4336 meus,'
873 4274 890 4303 ‘
905 4272 1123 4327 Publius
1145 4280 1327 4345 meus,'

328 4350 370 4386 c.

2321 438 2496 506 1315

1497 583 1657 635 Erro.
1680 598 1797 637 ux.
1862 590 2103 643 Nobilem
2139 600 2196 644 et
2232 598 2492 649 exercita-

1432 666 1541 710 tum
1563 661 1733 714 furem
1764 671 2227 733 monophthalmnm
2257 689 2350 725 seu
2374 692 2494 728 uno-

1429 737 1600 787 culum
1638 741 1889 805 celebrat,
1924 748 2013 809 qui
2046 750 2162 812 plus
2192 764 2314 816 nno,
2337 768 2492 820 quam

1431 813 1521 862 alii
1542 815 1741 867 duobus
1760 820 1970 872 videant
1986 826 2165 875 oculis.

1494 894 1521 939 1
1564 892 1668 942 Uno
1684 900 1968 961 contentum,
1984 899 2092 965 ξω]
2116 902 2213 952 Cui
2236 919 2367 955 unus
2383 906 2507 957 suf--

1426 965 1540 1019 ficit
1568 970 1633 1019 ad
1664 970 1808 1023 furta
1835 977 2031 1028 oculus.
2094 979 2222 1045 Alii,
2251 989 2505 1049 contemp--

1426 1048 1544 1096 tum.

1490 1126 1523 1171 2
1551 1122 1708 1189 Lippa
1748 1126 1834 1176 sub
1886 1130 2074 1195 Ιαοιιπα]
2127 1133 2301 1184 Cavea
2352 1137 2486 1188 oculi

1423 1198 1643 1251 stillans.
1708 1203 1903 1255 Attrita
1925 1208 2115 1273 fronte]
2164 1210 2505 1277 Impudenti,

1424 1276 1629 1330 effricta
1645 1281 1839 1334 fronte.
2501 1325 2506 1333 -

1487 1358 1518 1404 3
1558 1357 1732 1421 Caput,
1751 1360 1861 1423 ξω]
1905 1361 2204 1430 Hominem,
2223 1372 2283 1417 ut
2305 1366 2503 1420 Graeci,

1419 1436 1650 1501 κεφαλὴν,
1672 1440 1754 1490 vel
1775 1442 2096 1509 simpliciter,
2115 1455 2276 1511 caput
2293 1463 2484 1501 unocu-

1419 1512 1523 1563 lum
1565 1516 1670 1566 noli
1715 1518 1931 1569 credere
1974 1522 2158 1573 inutile
2203 1531 2296 1575 aut
2338 1526 2483 1576 inno·

1418 1604 1589 1642 cuum.

1482 1670 1515 1715 4
1548 1670 1774 1735 Autolyci
1805 1672 1925 1736 tam]
1957 1674 2211 1726 Mercurii
2249 1677 2362 1742 filii,
2391 1695 2480 1744 pa-

1419 1743 1485 1793 tri
1509 1742 1663 1795 furtis
1686 1747 1949 1798 simillimi.
1972 1751 2124 1802 Iliad.
2140 1770 2188 1805 κ.
2229 1754 2482 1818 Tampice·

1414 1826 1498 1870 ata
1517 1821 1706 1880 manus]
1756 1824 2043 1876 Barbarum
2074 1829 2174 1878 hoc
2197 1838 2253 1880 et
2276 1846 2378 1881 nou
2403 1832 2481 1883 fe·

1417 1898 1653 1948 rendum.
1669 1902 1684 1928 ‘
1701 1900 1910 1951 Picare’
1933 1904 2088 1967 enim,
2105 1920 2208 1955 non
2225 1909 2242 1936 ‘
2257 1908 2482 1971 piccare'

1416 1975 1648 2028 dicimus.
1735 1980 1931 2029 Verum
1972 1989 2052 2033 est
2097 1985 2233 2047 quod
2277 2001 2307 2035 e
2353 1987 2480 2037 Mss.

1415 2054 1554 2103 eruit
1577 2062 1630 2103 et
1655 2055 1895 2119 probavit
1923 2057 2236 2112 Scriverius:
2272 2068 2372 2113 tam
2403 2066 2477 2129 pi-

1407 2137 1581 2194 perata
1607 2147 1790 2183 manus.
1855 2133 1919 2184 Id
1939 2141 2038 2201 est,
2059 2138 2247 2190 calida.
2315 2140 2480 2192 Fures

1414 2215 1588 2258 autem
1624 2210 1818 2261 calidas
1857 2227 2039 2264 manus
2077 2216 2268 2266 habere
2295 2217 2489 2269 dicun--

1345 2310 1346 2313 ¹
1415 2295 1522 2349 tur,
1555 2294 1614 2339 ut
1649 2303 1678 2338 e
1706 2290 1899 2342 Plauto
1918 2299 1974 2342 et
1995 2294 2271 2345 Macrobio
2295 2297 2478 2359 proba-

1412 2365 1489 2413 vit
1522 2364 1830 2417 Scriverius.
1858 2364 2077 2420 Gronov.
2147 2371 2344 2421 Piccala
2375 2388 2473 2422 ma-

1411 2440 1525 2504 nus]
1577 2441 2006 2494 Cuiadhaereant
2037 2451 2195 2497 tacta.
2260 2447 2476 2500 Viscata

1411 2530 1616 2578 manus,
1639 2515 1793 2580 Angl.
1815 2533 1955 2583 every
1969 2521 2139 2585 finger
2155 2538 2186 2571 ιι
2207 2524 2475 2588 lime-twig.

1474 2597 1505 2641 6
1539 2592 1741 2644 Servare
1761 2598 2011 2661 memento]
2045 2598 2375 2654 Observare.

1475 2674 1505 2719 7
1541 2670 1751 2721 Solliciti
1764 2671 1992 2738 perdunt]
2030 2676 2133 2729 Qui
2157 2691 2312 2742 quam
2334 2680 2487 2729 solli·¹

1407 2746 1514 2797 cite
1536 2749 1855 2801 custodiunt.
1936 2751 2158 2818 Ia‘gulas]
2194 2755 2322 2806 Quae
2346 2756 2481 2829 pris-3

1409 2824 1484 2873 cis
1504 2825 1618 2874 loco
1636 2827 1936 2877 cochlearis.
2000 2829 2180 2893 Epigr.
2200 2833 2280 2880 33.
2297 2846 2473 2897 supra,

1406 2917 1543 2952 vers.
1564 2907 1649 2955 23.
1672 2912 1725 2955 et
1740 2904 1876 2955 infra
1898 2906 2082 2972 Epigr.
2105 2912 2188 2959 71.
2204 2924 2339 2972 vers.
2355 2914 2404 2962 9.

1476 2983 1540 3028 10
1569 2980 1753 3047 Lenis]
1785 2982 1949 3033 Laena
1971 2999 2130 3049 genus
2161 2987 2321 3035 vestis
2343 2987 2476 3037 rnili-

1407 3057 1551 3121 taris,
1598 3072 1750 3123 quam
1794 3066 1853 3109 et
1890 3060 2209 3126 chlamydem
2265 3072 2473 3116 vocant.

1407 3133 1557 3198 Virg.
1600 3140 1650 3187 4.
1683 3136 1888 3188 AEneid.
1929 3139 2220 3205 ‘Tyrioque
2253 3140 2446 3193 ardeba

1406 3212 1606 3261 murice
1627 3212 1794 3263 laena.'
2424 3239 2427 3242 ·

1473 3292 1535 3337 13
1583 3289 1643 3338 Si
1685 3290 1810 3341 nihil
1846 3292 2041 3350 invasit,
2082 3294 2188 3357 ξω]
2242 3295 2298 3344 Si
2341 3294 2469 3344 nihil

1405 3362 1548 3412 aliud
1591 3372 1673 3416 est
1714 3368 1851 3431 quod
1888 3366 2113 3431 furetur,
2158 3384 2321 3433 puero
2358 3387 2472 3434 suo,

1404 3440 1494 3504 qui
1517 3440 1583 3490 ad
1622 3442 1784 3505 pedes
1817 3444 2067 3504 custodit,
2098 3445 2362 3509 depositas
2387 3463 2470 3497 so-

1404 3516 1513 3565 leas
1538 3532 1658 3566 suas
1679 3519 1918 3583 surripit,
1950 3536 2017 3570 ne
2039 3521 2267 3571 desuetae
2290 3537 2469 3572 manus

1405 3601 1573 3644 artem
1596 3592 1868 3646 dediscant
1885 3614 1902 3659 ;
1934 3603 1985 3647 to
2004 3600 2120 3663 keep
2152 3599 2226 3648 liis
2245 3601 2396 3649 hands
2413 3600 2467 3648 in

1401 3684 1500 3719 use.

1468 3752 1531 3797 14
1567 3748 1776 3812 Circuit]
1810 3750 1967 3803 Quod
1989 3749 2128 3800 fures
2150 3751 2337 3813 solent,
2356 3749 2467 3799 fur-

1400 3824 1443 3873 ti
1458 3822 1685 3875 faciendi
1698 3817 2021 3876 occasionem
2039 3831 2330 3890 captantes.
2379 3826 2467 3875 Sic

1400 3902 1694 3968 quicunque
1716 3900 1954 3952 fraudem
1991 3902 2213 3965 aliquam
2245 3903 2464 3953 moliun-

1401 3984 1506 4027 tur.

1465 4054 1622 4104 Eme.
1648 4067 1738 4105 Lx.
1780 4054 1842 4104 In
1861 4056 2135 4121 Claudiam]
2163 4057 2464 4121 Longoliam

1400 4128 1623 4195 aliquam
1659 4127 1943 4192 foeminam,
1985 4144 2138 4196 quam
2164 4131 2334 4182 Poeta
2369 4148 2465 4198 per

1398 4204 1487 4269 Hy
1491 4204 1743 4270 perbolen
1765 4205 1977 4269 jocatur
1990 4206 2249 4256 excedere
2262 4214 2402 4258 statu
2409 4224 2467 4260 ra

1398 4280 1703 4330 altissimum
1758 4281 1937 4331 Romoe
1996 4280 2281 4344 Colossum,
2335 4283 2460 4354 Epi-

1398 4364 1685 4421 grammate
1701 4362 1750 4409 2.
1772 4357 1864 4416 lib.
1885 4358 2130 4424 Spectac.
2155 4373 2289 4410 vers.
2307 4362 2356 4413 4.
