2985 4937
507 432 680 499 1444

505 624 520 632 -
577 593 741 641 Erro.
766 602 874 639 mx.
905 592 938 637 <1
972 583 1221 650 Baium]
1249 583 1565 646 Balsamum,

508 669 678 733 iuquit
700 667 924 725 Servius,
944 672 1027 714 est
1064 664 1177 728 ipsa
1198 662 1386 723 arbon
1421 660 1562 723 Opo-

511 748 793 798 balsamum
811 758 991 795 succus
1006 740 1257 793 collectus
1276 754 1344 789 ex
1356 737 1562 787 arbore:

509 824 931 888 xylobalsamum
954 822 1144 884 lignum
1162 818 1325 882 ipsius
1348 814 1564 864 arboris.

512 903 638 951 Hoec
657 906 768 951 sunt
801 904 1043 962 unguenta
1066 895 1295 958 virorum]
1331 893 1422 943 Ita
1439 906 1565 942 sane

513 978 737 1028 Laronia
759 977 895 1041 apud
910 976 943 1028 J
949 975 1234 1036 uvenalem,
1245 972 1355 1021 Sat.
1368 975 1419 1021 2.
1435 984 1566 1020 vers.

510 1057 592 1104 41.
1141 1071 1146 1074 ·
1221 1051 1246 1074 ³⁸

513 1148 531 1176 .·
576 1135 609 1181 2
636 1130 863 1193 Delicias,
878 1130 982 1194 ζα]
1010 1129 1294 1190 Unguenta
1315 1137 1407 1173 seu
1430 1135 1566 1171 amo·

507 1224 651 1258 mum
691 1207 984 1272 Assyrium:
1021 1213 1077 1255 ut
1101 1204 1190 1254 lib.
1209 1208 1259 1253 8.
1286 1200 1466 1268 Epigr.
1486 1203 1567 1248 77.

509 1286 685 1338 Ninus
702 1300 823 1335 vero
842 1300 936 1335 rex
958 1284 1058 1334 fuit
1078 1280 1424 1346 Assyriorum.
1465 1276 1570 1330 Alii

510 1364 694 1427 legunt
733 1362 858 1412 Nili.
925 1362 1181 1413 Gruterus
1202 1374 1265 1408 ex
1288 1358 1409 1409 trib.
1433 1358 1565 1408 Mss-

510 1439 695 1490 Cosmi.
752 1438 829 1488 ‚Et
844 1437 1105 1489 consentit
1125 1435 1374 1487 Arondel.

513 1557 520 1568 ,
579 1515 746 1565 Erro.
767 1526 856 1564 tx.
893 1512 1113 1562 LScisso
1153 1527 1238 1561 nec
1268 1511 1438 1561 inutile
1457 1526 1567 1561 ven-

513 1591 622 1655 tri]
642 1593 848 1655 Rugoso
871 1597 927 1640 et
955 1588 1113 1639 sulcis
1135 1589 1294 1638 scisso
1310 1597 1481 1638 utero.

514 1712 520 1718 .
575 1675 610 1721 2
641 1670 700 1719 St·
719 1670 871 1733 clara]
904 1669 1083 1733 Epigr.
1105 1671 1189 1717 22.
1209 1666 1298 1716 lib.
1326 1670 1403 1716 11.

576 1747 742 1796 Eme.
760 1760 870 1796 uxr.
905 1746 1169 1795 Vulcanus
1191 1744 1426 1793 iu'cornu
1447 1756 1570 1794 con·

515 1824 706 1886 clusus,
727 1830 787 1873 nt
806 1824 1033 1888 loquitur
1053 1821 1351 1870 Mercurius
1367 1820 1569 1869 Plauti-

513 1915 628 1951 nus.
660 1898 941 1952 ‘Laterna’
974 1898 1136 1960 dictu,
1158 1896 1297 1961 quod
1334 1896 1572 1959 ignis'la·

515 1984 629 2027 teat
650 1977 790 2026 intus
809 1977 1031 2025 clausus.
1059 1995 1060 2002 ¹

515 2087 521 2094 .
581 2054 740 2101 Eme.
764 2064 903 2101 nm.
938 2055 966 2101 1
1006 2050 1109 2099 Aut
1133 2048 1353 2113 me‚385c.]
1384 2049 1572 2114 Neque

516 2135 695 2194 potest
731 2128 911 2178 obvius
942 2117 1196 2192 quispiam
1218 2139 1301 2176 me
1332 2142 1365 2176 a
1386 2141 1575 2177 cornea

510 2205 831 2255 discernere.

582 2282 745 2333 Erro.
780 2296 939 2333 um.
988 2286 1020 2332 2
1059 2282 1183 2339 Quoe
1219 2282 1443 2346 primum,
1466 2279 1575 2345 ἃμ]

515 2360 651 2412 Quae
685 2357 855 2410 fertur
884 2375 914 2409 a
937 2360 1085 2410 Pane
1107 2361 1337 2422 inventa,
1356 2366 1413 2409 et
1444 2360 1461 2388 ‘
1476 2358 1577 2409 dis·

511 2438 725 2504 paribus
748 2445 950 2504 septem
972 2446 1248 2504 compacta
1271 2438 1492 2490 cicutis.’

581 2519 742 2569 Erro.
762 2532 916 2570 Lxrv.
945 2518 1138 2569 Differt
1172 2535 1206 2569 a
1232 2518 1416 2569 fistula
1448 2518 1576 2568 tibia

513 2593 703 2659 forma,
726 2611 826 2647 uon
850 2599 1068 2647 materia
1090 2610 1295 2660 semper
1316 2611 1331 2646 ε
1365 2609 1481 2645 nam
1514 2602 1576 2645 ,et

517 2672 651 2722 tibia
670 2673 834 2724 fiebat
866 2689 896 2724 e
929 2674 1132 2735 cicutis,
1154 2672 1384 2734 calamis,
1416 2672 1576 2732 buxo,

515 2749 596 2798 uti
619 2755 675 2798 et
696 2749 869 2799 fistula
890 2764 906 2810 3
940 2762 1251 2814 quamquam
1272 2748 1401 2798 tibia
1417 2749 1577 2798 etiam

517 2840 584 2875 ex
608 2840 730 2887 aere,
754 2840 938 2886 cornu,
954 2829 1206 2887 osse‚&c.
1263 2826 1448 2875 Forma
1472 2841 1575 2875 nou

503 2902 699 2971 'eadem
724 2903 995 2963 omnibus;
1028 2903 1139 2951 aliae
1171 2902 1438 2966 linguatos,
1459 2903 1576 2952 aliae

514 2978 782 3041 ‚elingue83
815 2979 939 3028 elias
974 2976 1255 3041 μοναύλους,
1289 2979 1422 3028 *alias
1456 2979 1580 3030 διαύ-

517 3062 648 3117 λους,
660 3054 759 3103 hoc
778 3062 881 3115 est,
894 3055 1155 3118 simplices
1172 3063 1227 3104 et
1244 3055 1473 3118 geminas
1489 3071 1579 3120 ap·

515 3129 799 3193 pellebant.
865 3130 1134 3179 Monaulos
1165 3144 1284 3192 ergo
1308 3130 1581 3180 dicebatur

517 3205 790 3268 singularis
829 3205 979 3266 tibia,
1015 3205 1081 3254 ad
1123 3204 1464 3255 differentiam
1494 3209 1582 3256 τοῦ

515 3278 736 3344 ζεύγους,
767 3296 921 3346 quum
958 3281 1090 3332 biuae
1126 3282 1278 3332 simul
1314 3282 1578 3339 inflantur.

519 3358 649 3408 Rea.
669 3357 869 3409 Salmas.
1219 3364 1220 3369 ’

517 3456 524 3461 ·
583 3438 610 3484 1
650 3435 803 3485 Ebria
839 3435 1038 3486 tibicine
1074 3435 1252 3500 buccis]
1316 3437 1581 3488 conviviis

517 3509 753 3571 adbibita
790 3528 905 3577 quae
930 3512 1071 3562 tibiis
1105 3521 1335 3564 caneret.
1370 3515 1581 3566 Plutar-

517 3587 642 3638 chus
667 3588 927 3639 Problem.
949 3593 999 3639 8.
1022 3589 1112 3640 lib.
1136 3593 1185 3641 7.
1201 3590 1433 3654 Sympos.

582 3667 614 3713 2
646 3663 784 3728 Soepe
805 3666 1144 3728 (impariter,
1165 3665 1273 3729 ζα]
1304 3667 1465 3716 Modo
1490 3681 1583 3731 ge-

516 3742 683 3792 minas
723 3743 919 3806 pariter
958 3741 1123 3807 inflat,
1157 3743 1397 3793 dextram
1428 3752 1484 3794 et
1514 3746 1584 3794 si·

423 3822 427 3826 “
515 3819 768 3882 nistram3
803 3819 957 3870 modo
972 3819 1256 3883 simplicem
1275 3826 1331 3870 et
1348 3822 1569 3872 unicam.

584 3892 905 3947 Erim‘txv.
928 3900 960 3946 2
996 3897 1095 3946 Pro
1133 3911 1294 3961 puero,
1327 3897 1437 3962 sse]
1495 3896 1583 3948 Ita

517 3964 828 4036 legendum:
862 3973 962 4037 ipse
978 3988 1063 4037 pes
1082 3973 1177 4023 sibi
1196 3976 1288 4024 erit
1307 3990 1396 4040 pro
1413 3990 1580 4040 puero.

517 4051 576 4100 Si
595 4049 756 4115 forte,
779 4052 965 4116 iuquit,
988 4067 1121 4116 puer
1148 4052 1394 4116 defuerit,
1417 4063 1471 4104 et
1498 4069 1580 4105 so·

519 4128 629 4177 leus
673 4129 770 4177 tibi
810 4128 973 4178 libeat
1014 4128 1238 4192 sumere,
1275 4147 1390 4181 cum
1430 4133 1581 4182 soleis

519 4204 708 4253 lanatis
736 4206 929 4266 poteris
965 4207 1076 4269 ipse
1110 4221 1138 4255 e
1171 4207 1409 4257 cubiculo
1434 4211 1580 4259 exire

520 4287 579 4329 et
609 4281 773 4329 soleas
807 4289 1022 4344 petere:
1056 4290 1111 4332 et
1144 4283 1217 4332 sic
1242 4285 1408 4333 vicem
1434 4286 1581 4348 pueri

522 4369 617 4419 pes
663 4356 715 4404 in
738 4357 890 4420 solea
929 4359 1053 4421 lana
1094 4360 1379 4424 supplebit.
1439 4361 1583 4412 Hinc

1199 439 1432 490 norff.
1469 437 1870 508 <testimonum
1922 437 2000 486 ιΝ

1634 583 1868 634 ,videmus
1903 583 2099 634 udones
2122 590 2185 633 et
2212 583 2382 633 solens
2404 582 2532 632 istus
2550 581 2687 632 lana·

1637 667 1716 710 tas
1737 677 1878 726 saepe
1915 676 2007 725 pro
2043 661 2407 710 calceamentis
2429 661 2512 709 vel
2543 659 2687 709 soleis

1638 738 1773 787 intra
1794 739 2083 789 cubiculum
2114 738 2307 802 gestari
2338 738 2538 788 solitas.
2591 737 2690 787 801-

1637 832 1753 865 mas.
1796 818 1892 867 Pes
1922 817 2019 867 erit
2044 821 2146 881 ipse
2167 817 2284 879 sibi]
2317 815 2603 866 Scriverius
2625 827 2689 864 ex

1640 893 1838 945 duobus
1856 896 1987 946 Mss.
2038 897 2137 946 Pes
2157 895 2249 945 'erit
2266 897 2370 960 ipso
2385 894 2500 958 1ίὸἰρ
2521 894 2573 943 id
2597 901 2691 955 est,

1639 985 1818 1022 servus
1840 988 1872 1023 a
1892 973 2132 1037 pedibus.

1707 1050 1870 1099 Erro.
1894 1064 2042 1102 var.
2063 1056 2089 1100 1
2126 1049 2481 1114 mammea]
2521 1046 2692 1098 Habes

1638 1125 1778 1175 enim
1803 1141 2067 1189 mammas,
2089 1129 2104 1156 ‘
2124 1129 2268 1179 Quas
2287 1127 2373 1176 vix
2388 1126 2591 1176 taurino
2606 1138 2692 1189 po-

1642 1202 1771 1252 teris
1813 1203 2133 1253 circundare*
2163 1203 2346 1267 tergo-²
2416 1203 2503 1252 Ad
2546 1216 2693 1266 quem

1642 1277 1847 1342 Virgilii
1871 1293 2073 1329 versum
2107 1281 2338 1330 allusisse
2358 1279 2538 1329 Poeta
2561 1278 2695 1327 vide-

1638 1364 1746 1410 tur.
1928 1367 1931 1372 ·
1968 1401 1971 1406 .
2052 1363 2057 1369 ’
2289 1402 2294 1406 .

1639 1469 1647 1480 ι
1707 1442 1739 1488 2
1775 1439 2062 1504 Ρεῑῑίι,ᾄ·σ.]
2118 1438 2414 1488 Mamillare
2459 1451 2490 1486 e
2532 1436 2695 1499 pelle:

1636 1511 1805 1565 fascia
1836 1530 1929 1566 seu
1965 1516 2267 1580 strophium,
2307 1514 2491 1579 quibus
2535 1519 2699 1561 tumor

1640 1593 1952 1656 papillarum
1995 1593 2353 1643 coercebatur.
2444 1589 2704 1640 Catullus:

1640 1669 1659 1718 ἕ
1687 1669 1805 1719 Non
1832 1670 1989 1720 tereti
2005 1668 2240 1733 strophio
2261 1670 2513 1717 lactentes
2526 1668 2700 1717 vincta

1644 1746 1900 1811 papillas!

1710 1825 1874 1873 Eme.
1922 1836 2101 1874 txvn.
2153 1823 2400 1873 Macaria
2450 1822 2702 1887 pavonina]

1646 1900 1938 1950 Flubellum
1984 1901 2050 1950 ad
2094 1899 2375 1966 abigendas
2416 1913 2634 1962 muscus,
2672 1913 2701 1947 e

1646 1978 1863 2041 pavonis
1885 1979 2066 2031 cauda.

1713 2056 1878 2106 Eric.
1895 2069 2093 2107 vam.
2116 2060 2142 2105 1
2156 2055 2429 2114 Peccantis,
2444 2053 2555 2119 εμπ]
2573 2054 2705 2116 Cop-

1648 2138 1703 2181 ta
1725 2130 1826 2181 fuit
1851 2134 2095 2196 placenta
2129 2148 2195 2181 ex
2220 2132 2444 2196 siligine,
2467 2130 2705 2195 amygda-

1647 2208 1730 2272 lis,
1749 2210 1965 2273 nucleis,
1988 2210 2219 2274 passulis,
2240 2214 2338 2259 &c.
2354 2208 2614 2259 Rhodiam
2639 2212 2707 2255 ta·

1649 2301 1766 2337 meu
1789 2289 1920 2338 adeo
1945 2289 2125 2339 duram
2148 2303 2263 2338 esse
2291 2289 2501 2353 jocatur
2526 2286 2710 2346 Poeta,

1649 2369 1709 2412 ut
1728 2364 1932 2427 colaphi
1947 2365 2062 2414 vice
2079 2366 2376 2429 porrigatur
2392 2363 2553 2412 servis
2570 2376 2708 2410 man-

1649 2439 1841 2502 denda,
1864 2455 1965 2508 quo
1986 2443 2166 2506 pugnis
2196 2442 2300 2491 suis
2334 2448 2518 2504 parcat
2554 2439 2708 2489 domi-

1649 2531 1776 2567 nus:
1815 2520 2068 2585 simulque
2091 2520 2223 2568 ludit
2257 2521 2310 2567 in
2340 2516 2711 2568 paronomasia

1648 2594 1734 2643 τοῦ
1769 2592 1928 2644 κόπω
1964 2604 2018 2645 et
2049 2596 2288 2659 ‘coptae.’
2341 2594 2546 2645 Rhodia
2590 2607 2710 2655 ergo

1644 2680 1813 2736 ,copta
1833 2672 1963 2722 adeo
1987 2673 2114 2722 dura
2142 2680 2278 2734 erat,
2300 2677 2358 2720 ut
2387 2670 2710 2720 buccellatus

1652 2748 1818 2811 panis,
1839 2748 1914 2798 ita
1936 2756 1994 2797 ut
2014 2749 2214 2809 dentes,
2231 2747 2329 2796 nisi
2350 2746 2711 2809 firmos,‘paene

1652 2816 1895 2874 elideret.
1958 2825 2112 2874 Unde
2135 2824 2315 2873 Poe‘tae
2330 2825 2485 2888 jocus
2510 2824 2560 2871 in
2584 2823 2710 2871 hauc

1650 2910 1880 2966 coptam,
1904 2919 2016 2968 quae
2042 2904 2250 2952 domino
2271 2902 2428 2966 pugni
2448 2903 2565 2951 loco
2587 2908 2712 2962 erat,

1653 2981 1905 3030 mulctare
1928 2995 2132 3029 servum
2157 2979 2408 3044 cupienti.

1718 3059 1884 3108 Erro.
1909 3071 2064 3108 inx.
2092 3061 2138 3107 1.
2160 3061 2192 3105 2
2224 3057 2471 3120 Priapum,
2494 3051 2711 3118 inguina]

1654 3134 1936 3199 Utriusque
1961 3149 2115 3184 sexus
2137 3133 2285 3183 αἰδοῖα
2305 3147 2376 3182 ex
2406 3134 2612 3198 siligine
2634 3131 2714 3180 fle·

1654 3212 1802 3263 bant.
1865 3213 2046 3276 Epigr.
2066 3217 2114 3262 3.
2136 3213 2172 3262 l.
2206 3217 2256 3262 9.
2281 3226 2417 3260 vers.
2440 3215 2489 3260 3.
2565 3211 2714 3260 Purus

1653 3289 1773 3352 eris]
1807 3289 1917 3339 Ore
1942 3305 2042 3338 nou
2078 3290 2196 3339 hinc
2232 3288 2551 3352 impuriore:
2585 3284 2711 3352 quod

1653 3364 2079 3431 τοῖς-μυζουροῦσιν
2099 3366 2308 3416 accidit.
2356 3374 2359 3381 '

1722 3444 1885 3494 Erre.
1907 3456 2037 3495 mxx.
2069 3448 2096 3494 1
2124 3445 2266 3494 Bona
2299 3442 2585 3493 Saturnalia
2612 3432 2713 3505 por-

1652 3519 1760 3584 cus]
1779 3514 2046 3585 -SolJemuis
2071 3520 2375 3570 acclamatio
2397 3520 2454 3568 in
2474 3520 2717 3569 Saturna·

1657 3596 1809 3660 libus,
1846 3596 1940 3647 ‘Io
1977 3596 2508 3660 Saturnalia,’‘Bona
2544 3595 2718 3644 Satur-

1651 3675 1843 3725 nalia!
1876 3676 2056 3740 Epigr.
2079 3680 2129 3725 2.
2152 3676 2190 3727 l.
2213 3680 2292 3725 11.
2315 3689 2452 3724 vers.
2475 3680 2528 3724 5.

1721 3756 1753 3802 2
1787 3751 1931 3816 llice]
1967 3751 2173 3803 Glande
2197 3748 2375 3816 iligna.

1670 3826 1683 3833 ’“
1722 3829 1884 3879 Erro.
1929 3841 2084 3878 mxxi.
2135 3826 2434 3877 Muscarium
2485 3821 2718 3885 bubulum]

1658 3903 1841 3954 cauda
1877 3904 2019 3953 bovis
2058 3902 2123 3952 ad
2163 3902 2442 3967 tergendas
2479 3910 2537 3952 et
2567 3914 2719 3952 excu-

1658 3979 1862 4047 tiendas
1905 3987 2104 4040 vestes3
2163 3979 2238 4029 uti
2292 3979 2531 4043 pavonis,
2571 3977 2718 4028 modo

1655 4058 2043 4122 Epigrammate
2062 4061 2147 4107 67.
2167 4057 2232 4106 ad
2259 4070 2479 4105 muscas.

1725 4133 1888 4183 Erro.
1912 4146 2093 4183 Lxxn.
2117 4138 2144 4182 1
2185 4134 2284 4189 Qui
2304 4135 2456 4194 venit,
2476 4132 2588 4198 ξω]
2620 4130 2718 4185 Qui

1657 4209 1840 4257 missus
1864 4218 1943 4258 est
1967 4210 2063 4258 tibi
2085 4210 2136 4258 in
2159 4209 2540 4274 Saturnalibus,
2556 4209 2718 4259 medio

1659 4285 1941 4335 Decembri
2007 4285 2306 4344 celebratis,
2363 4286 2489 4336 mihi
2544 4287 2715 4336 missus

1659 4363 1764 4419 fuit
1810 4371 1932 4413 aute
1958 4363 2302 4413 -Saturneliaz
2338 4378 2570 4428 quorum„
2602 4361 2717 4426 legi·
