2985 4937
735 391 810 438 M.
858 389 1031 438 VAL.
1080 388 1501 438 MARTIAMS
1559 392 1800 451 amon.
1854 393 1996 440 MR.
2045 394 2125 441 11.

2357 378 2527 444 1151

312 538 381 592 in,
402 547 519 596 quae
541 531 789 583 Romanis
812 533 865 584 in
886 547 998 585 usn.
1040 533 1227 584 senec.
1251 538 1299 584 1.
1322 533 1387 584 de
1460 531 1634 586 fluerat
1664 535 1780 599 tibi,
1802 534 2004 601 infelix,
2046 536 2136 602 qui
2172 549 2343 587 rerum
2379 549 2526 587 usum

315 608 695 674 tranquillitate
718 611 860 673 vitae,
881 617 941 660 et
957 611 1177 661 Marcel.
1198 610 1386 662 libas·

313 687 545 750 hema,
578 689 666 738 bic
704 703 801 753 pro
836 690 1018 756 quavis
1042 696 1230 742 veste:
1265 704 1381 755 spe·

313 764 415 814 cies
434 778 532 828 pro
550 778 768 829 genere.

1460 611 1679 674 nescias,
1700 626 1800 661 nou
1833 612 1970 675 dico,
2004 619 2057 663 te
2097 612 2247 679 (quid
2275 612 2471 678 refugis
2486 614 2530 674 ?)

1460 688 1615 752 copia
1630 689 1756 739 satis
1777 689 2031 739 munitum
2049 696 2107 740 et
2123 698 2296 741 tutum
2315 706 2332 752 3
2352 689 2446 740 sed
2464 690 2529 740 ti-

1373 812 1377 816 .
1459 765 1803 831 neas,qnibus
1828 765 2124 816 erodendas
2147 781 2236 816 eas
2258 766 2527 832 relinquis,

369 845 399 889 4
434 840 775 905 Synthesibus]
804 842 1051 894 Vestibus
1086 843 1383 893 coeuatoriis
1457 839 2385 908 defraudareduabuslacernis,quas
2400 843 2524 893 mibi
2626 914 2632 927 ἱ

310 917 391 964 vel
414 916 693 981 quibusvis
717 916 832 967 aliis
868 918 919 968 in
952 917 1203 969 vestiario
1238 932 1381 968 com·
1420 918 1658 981 mones?
1694 919 1813 968 vide
1836 919 2044 969 Frater.
2090 918 2331 969 Vei-isim.
2354 920 2390 969 l.
2414 933 2454 969 ι.
2474 934 2522 970 c.

308 996 512 1059 positis,
527 1012 559 1046 a
579 995 859 1059 συντίθημι
894 999 979 1048 vel
1002 1012 1117 1063 quae
1134 998 1286 1066 simul
1305 998 1379 1048 in·

307 1073 558 1136 (luuntur,
590 1075 727 1125 suits.
764 1074 886 1135 vide
931 1075 1098 1139 epigr.
1142 1079 1226 1125 46.
1271 1075 1303 1125 l.
1330 1078 1379 1126 1.

307 1166 438 1201 vers.
473 1156 526 1201 9.
612 1151 698 1202 Sic
721 1151 1045 1221 synthesibus]
1107 1148 1378 1216 Syntlicses,

308 1237 478 1279 vestes
496 1230 776 1301 ejusmodi,
797 1245 913 1297 qnae
935 1230 988 1280 in
1002 1230 1235 1296 synthesi
1255 1229 1376 1294 poni

307 1307 564 1357 solebant.
636 1307 771 1357 Nam
796 1300 1045 1371 pretiosa?
1065 1314 1238 1359 vestes
1262 1314 1376 1357 tan-

307 1390 435 1447 tum,
461 1392 519 1434 et
542 1399 659 1449 quae
678 1399 797 1434 raro
819 1391 1214 1449 usurparentur,
1229 1399 1374 1446 qum·

306 1475 405 1525 que
427 1459 616 1511 diebus
646 1460 796 1512 festis
827 1463 991 1512 solum
1019 1470 1375 1525 sumerentur,

304 1538 375 1588 ita
397 1553 496 1603 per
518 1539 792 1603 syntheses
813 1538 1231 1604 disponebantur
1258 1556 1272 1591 z
1308 1546 1371 1591 ut

303 1614 505 1676 sericae,
539 1614 838 1680 subsericae,
870 1622 927 1666 et
949 1615 1002 1666 id
1026 1630 1191 1680 genus
1210 1616 1368 1666 clarae

301 1708 541 1758 raraeque
562 1700 739 1745 vestes
764 1711 779 1744 τ
823 1709 940 1760 quse
962 1695 1102 1745 enim
1127 1694 1370 1760 quotidie

300 1771 691 1834 habitabantur,
731 1786 833 1822 nou
862 1772 937 1822 ita
974 1771 1211 1823 solebant
1236 1770 1373 1821 ordi·

302 1849 428 1899 uari.
500 1848 642 1899 Hinc
675 1850 692 1876 ‘
712 1848 1016 1912 synthesim
1040 1847 1240 1909 vestis,’
1274 1860 1372 1912 pro

303 1930 606 1987 sumptuosa
638 1932 693 1974 et
727 1925 972 1989 pretiosa.
1004 1924 1290 1975 Salmasius.

350 2008 381 2051 ⁶
421 2002 599 2066 Um,
621 2001 731 2067 ξω]
768 2000 1146 2066 Hyperbolice.
1195 2001 1276 2051 Ut
1296 2004 1372 2051 in-

303 2084 498 2142 tegram
520 2080 536 2107 ‘
555 2077 788 2143 tribum,'
809 2080 907 2128 hoc
928 2085 1028 2142 est,
1062 2078 1368 2129 innumeros

303 2154 495 2204 vestire
520 2155 704 2218 possis.

362 2235 395 2279 6
426 2230 610 2295 Apula,
643 2230 749 2295 qa]
786 2232 873 2281 De
907 2231 1082 2281 multis
1126 2231 1371 2297 gregibus

290 2317 425 2373 ‘quos
445 2309 621 2373 pascit
637 2308 830 2373 Apulia
852 2310 1135 2360 velleribus
1158 2311 1367 2362 nobilis.

361 2389 393 2434 7
430 2385 690 2450 Hyemem]
722 2386 923 2451 Frigus.
981 2386 1245 2451 Succincti]
1269 2387 1366 2439 Cui

298 2468 472 2512 vestes
487 2462 700 2514 detritus
720 2471 840 2514 sunt
856 2472 1042 2526 curtae,
1066 2463 1116 2513 id
1136 2472 1246 2530 est,
1266 2464 1367 2514 mei

297 2553 431 2602 pene
470 2540 617 2591 nudi.
680 2541 861 2592 Lentus
880 2541 1048 2605 amics]
1077 2542 1285 2592 Tardus
1300 2542 1368 2592 ad

295 2616 812 2668 commiserationem.

355 2697 390 2742 8
427 2694 662 2759 Frigora]
699 2696 922 2747 Laceras
946 2697 1201 2759 lacernas,
1216 2696 1367 2747 tritas

295 2770 523 2834 tunicas,
545 2778 600 2821 et
612 2772 929 2836 penetrabili
943 2772 1127 2837 frigori
1150 2773 1373 2837 pervias.

294 2848 507 2913 Legunt
554 2850 869 2912 alii,1uleris
890 2850 1091 2913 ,frigora
1113 2850 1236 2900 trita
1276 2850 1368 2900 tui.

290 2923 390 2974 boc
430 2930 532 2987 est,
564 2928 690 2989 mei,
726 2925 917 2976 sodalis
941 2926 1039 2989 tui,
1058 2927 1198 2976 latus
1223 2932 1365 2978 tuum

291 3002 542 3064 tegentis.
609 3002 820 3067 Lipsius
837 3002 1020 3052 scribit
1023 3000 1242 3065 ,frigora
1262 3009 1368 3054 tute

290 3078 450 3142 times,
470 3079 572 3129 boc
610 3088 711 3142 est,
730 3080 862 3130 adeo
898 3081 1093 3130 amicus
1122 3087 1241 3130 tuus
1273 3079 1365 3131 fri-

289 3164 399 3219 get,
419 3162 481 3207 ut
499 3162 558 3206 tu
582 3158 751 3207 vereri
771 3158 963 3221 possis,
982 3171 1049 3207 ne
1069 3155 1234 3220 frigus
1247 3157 1362 3220 ejus

293 3233 356 3282 ad
397 3239 455 3283 te
505 3241 797 3298 permanet.
867 3234 948 3284 Et
981 3234 1058 3284 sic
1099 3234 1245 3296 latus,
1269 3248 1362 3297 pro

290 3310 480 3359 eomite
500 3309 636 3359 latus
658 3316 874 3372 tegente
898 3309 1178 3373 accipitur.
1233 3310 1361 3360 Vul-

290 3392 414 3447 gata
433 3384 601 3434 lectio
623 3392 722 3447 est,
730 3383 932 3447 frigora
952 3388 1061 3433 tuta
1084 3385 1242 3447 times,
1262 3384 1360 3435 hoc

287 3469 388 3524 est,
406 3461 555 3512 vides
574 3461 798 3511 amicum
814 3461 1100 3524 algentem,
1111 3467 1167 3509 et
1181 3466 1237 3511 tu
1248 3462 1360 3524 ipse

287 3536 450 3603 frigus
487 3537 665 3600 times,
698 3545 791 3588 aut
814 3545 962 3588 certe
983 3536 1170 3587 timere
1204 3537 1363 3588 simu-

283 3616 381 3680 las,
396 3631 429 3665 a
444 3630 552 3680 quo
568 3622 746 3665 tamen
762 3615 1051 3666 tutissimus
1068 3628 1146 3676 es,
1161 3614 1360 3679 quippe

287 3692 519 3752 pluribus
554 3692 880 3742 vestimentis
918 3691 1083 3757 probe
1107 3692 1354 3743 munitus.

286 3767 482 3824 Verum
515 3768 571 3818 id
599 3768 828 3830 simulas,
848 3783 915 3819 ne
934 3769 1114 3832 paucis
1133 3775 1190 3819 et
1208 3770 1358 3820 malis

287 3843 508 3894 lacernis
545 3851 603 3894 te
640 3843 904 3909 fraudere,
943 3854 1000 3896 et
1033 3845 1253 3895 amicum
1269 3846 1356 3910 ju-

289 3934 407 3970 vare
423 3921 650 3985 cogaris.
716 3922 819 3972 Sed
844 3922 971 3987 quid
1003 3923 1220 3972 renuis?
1271 3922 1356 3973 Au

289 4001 383 4051 tibi
404 4002 591 4052 durum
618 4002 828 4053 videtur
851 4003 1036 4067 paucis
1054 4011 1108 4053 te
1133 4004 1356 4054 lacernis

287 4075 563 4129 fraudare?
627 4078 706 4127 Te
731 4092 858 4128 saue
875 4092 947 4129 ne
963 4077 1193 4130 fraudari
1214 4080 1356 4144 nolo,

289 4153 379 4202 sed
419 4155 602 4219 tineas,
639 4170 757 4220 quoe
798 4162 974 4206 vestes
996 4156 1110 4206 illas
1146 4156 1357 4208 inutiles

293 4229 586 4281 corrodunt.
616 4230 838 4283 -Hemld.

353 4310 385 4354 9
440 4308 691 4365 Φωκίωνι
717 4314 842 4375 emt,
875 4308 987 4373 erm]
1035 4310 1355 4362 Quantulum

1455 997 1505 1044 9.
1528 1003 1583 1046 et
1602 995 1747 1047 Juuii
1765 994 1938 1044 Anim.
1963 999 2012 1045 2.
2030 993 2123 1045 lib.
2146 1000 2193 1044 8.
2207 1009 2327 1058 cap.

1522 1076 1584 1122 10
1620 1072 1751 1130 Quid
1786 1071 1969 1135 renuis]
2015 1070 2126 1121 Alii
2163 1072 2361 1141 legunt,
2404 1072 2522 1121 Non

1451 1154 1862 1200 mammem.
1896 1148 2155 1198 Ramires.
2205 1148 2518 1198 Naum-an

1449 1241 1545 1276 nou
1569 1234 1637 1290 te,
1665 1241 1752 1276 neo
1780 1224 2174 1283 Nandetimeas
2194 1240 2212 1274 .·
2246 1239 2321 1276 sc.
2344 1226 2523 1277 Quan-

1451 1309 1559 1354 tum
1602 1305 1707 1355 erit
1749 1305 1948 1357 duabus
1988 1302 2219 1355 vestibus
2259 1303 2524 1366 fraudare,

1449 1394 1552 1430 non
1571 1387 1682 1430 tam
1704 1389 1759 1433 te
1782 1381 1948 1444 ipsum
1991 1379 2084 1446 (ne
2107 1379 2333 1443 metuas)
2366 1396 2521 1447 quam

1449 1458 1634 1520 tineas,
1657 1458 1841 1524 quibus
1863 1458 2181 1509 arrodeudas
2200 1458 2489 1524 relinquis?

1513 1535 1674 1587 Eme.
1702 1549 1884 1586 xnvn.
1941 1526 2027 1585 Iu'
2052 1535 2275 1600 Gallam]
2334 1537 2521 1587 Monet

1448 1612 1658 1662 Gallum
1696 1611 1954 1664 cinaedum
1991 1625 2055 1660 ne
2103 1609 2354 1661 famosam
2393 1627 2515 1662 ωε-

1446 1690 1595 1739 cham
1611 1695 1865 1751 sectetur,
1899 1703 1966 1737 ne
2007 1704 2039 1738 a
2059 1687 2250 1737 marito
2284 1702 2520 1752 compre·

1445 1766 1644 1817 bensus.
1658 1768 1888 1830 patiatur
1906 1765 2323 1815 irrumationem.

1515 1848 1542 1893 1
1578 1841 1931 1907 Subdola,&c.]
1965 1842 2129 1904 Cave,
2155 1856 2301 1905 puer,
2326 1856 2393 1891 ne
2424 1842 2513 1892 de-

1447 1919 1792 1984 prehendaris
1807 1935 1839 1969 a
1854 1919 2044 1969 marito
2064 1924 2322 1983 suspectae
2346 1932 2408 1967 ac
2424 1933 2514 1968 no·

1448 2004 1520 2047 tae
1540 1996 1753 2048 moecbae
1770 2013 1785 2058 3
1811 1998 1895 2047 vel
1913 2011 2029 2061 quai
2050 2002 2105 2046 te
2116 1995 2307 2060 prodet
2323 1996 2513 2046 marito

1446 2088 1558 2125 suo.
1580 2077 1750 2139 epigr.
1773 2079 1856 2125 49.
1878 2073 2030 2125 infra.

1511 2155 1544 2201 2
1579 2149 1902 2215 Cytheriacis]
1944 2150 2183 2214 Mariuis,
2222 2152 2308 2200 vel
2340 2150 2515 2200 Vene-

1446 2229 1570 2291 reis,
1602 2227 1739 2293 quod
1762 2226 1964 2278 concha
1999 2234 2157 2277 vecta
2189 2235 2269 2277 est
2291 2226 2360 2276 ad
2392 2227 2516 2276 litus

1445 2306 1623 2355 Venus
1657 2313 1776 2355 orta
1795 2305 1937 2355 mari.
2002 2305 2250 2369 Propert.
2281 2304 2514 2354 ‘concha

1445 2382 1710 2448 Erycina?
1754 2383 1828 2433 H.
1848 2382 2108 2447 Rigaltius
2125 2381 2374 2446 intelligit
2391 2396 2510 2431 con—

1444 2464 1566 2513 chas
1601 2462 1905 2528 puellarum.
1973 2461 2108 2512 Vide
2154 2462 2323 2514 Hadr.
2368 2462 2514 2515 Junii

1445 2539 1794 2589 animadvers.
1819 2539 1914 2589 l.5.
1935 2553 1984 2588 c.
2009 2542 2061 2588 7.

1510 2621 1540 2666 3
1576 2618 1688 2667 Non
1719 2622 1810 2678 est,
1830 2615 1940 2679 mu]
1978 2615 2095 2666 Nou
2119 2613 2222 2665 bac'
2235 2603 2390 2680 parte
2408 2630 2514 2679 poe.

1444 2708 1533 2742 nas
1550 2694 1729 2756 exiget
1749 2692 1982 2744 maritus.
2049 2691 2116 2742 Id
2136 2697 2236 2754 est,
2257 2706 2360 2742 non
2385 2707 2510 2756 gau-

1443 2769 1535 2819 det
1553 2769 1778 2830 natibus,
1809 2768 1998 2834 quibus
2023 2776 2082 2819 tu
2103 2768 2322 2819 confidis
2344 2769 2394 2819 ei
2428 2784 2507 2821 so-

1441 2847 1671 2896 luturum
1698 2861 1713 2894 2
1748 2845 2021 2896 irrumabit
2056 2852 2204 2897 certe
2238 2852 2312 2909 te,
2341 2845 2510 2898 sinon

1439 2929 1656 2973 castret.
1677 2921 1816 2972 infra
1839 2922 2009 2986 epigr.
2033 2926 2116 2973 69.
2243 2973 2246 2978 ,

1505 2999 1666 3048 Eme.
1703 3011 1902 3048 xnvm.
1940 3002 1965 3047 1
2003 2997 2291 3062 Cauponem,
2308 2997 2509 3047 laniam-

1437 3075 1551 3140 que]
1587 3075 1760 3125 Vitam
1798 3074 2029 3140 quietam
2058 3081 2115 3125 et
2153 3074 2432 3137 modicam,
2453 3076 2507 3124 iu

1437 3154 1555 3203 loco
1569 3153 1722 3204 etiam
1739 3154 1974 3218 obscuro,
1990 3152 2210 3218 praefert
2226 3154 2432 3204 urbana».
2451 3161 2509 3204 et

1435 3231 1612 3282 lautas.
1664 3232 1910 3297 Quasque
1948 3231 2240 3282 desiderem
2269 3243 2395 3297 opes
2417 3246 2506 3286 au·

1435 3308 1509 3358 di.
1545 3309 1773 3374 Latium]
1819 3308 1906 3360 Ad
1921 3310 2136 3360 victum.
2167 3311 2509 3376 Balneum,

1435 3385 1712 3451 Tonsorem]
1746 3387 1831 3437 Ad
1853 3401 2033 3438 curam
2056 3388 2309 3453 corporis.

1500 3467 1532 3513 2
1570 3464 1902 3528 Tabulamque,
1922 3464 2230 3528 calculosque]
2252 3465 2503 3516 Tabulam

1433 3539 1678 3592 lusoriam
1702 3555 1821 3591 cum
1855 3542 2090 3608 calculis,
2123 3541 2190 3592 ad
2228 3543 2387 3593 animi
2420 3557 2500 3594 re-

1431 3617 1778 3668 laxationem.

1499 3699 1529 3744 8
1567 3696 1635 3744 Et
1670 3709 1859 3759 pancos,
1888 3694 1998 3758 qma]
2051 3693 2138 3744 Ad
2176 3693 2407 3744 studium
2444 3702 2501 3744 et

1431 3771 1592 3823 animi
1614 3771 1811 3823 cultum
1838 3770 2018 3832 libros,
2042 3768 2133 3818 sed
2159 3769 2377 3819 electos.

1488 3852 1524 3899 4
1564 3849 1737 3910 Unum,
1771 3846 1880 3911 ξω]
1937 3844 2023 3896 Ad
2047 3845 2169 3896 vitae
2192 3845 2496 3895 societatem

1432 3925 1656 3975 amicum
1690 3937 1869 3985 unum,
1888 3929 2048 3987 atque
2082 3936 2199 3971 eum
2222 3920 2494 3972 mediocri·

1432 4010 1516 4053 ter
1531 4003 1806 4053 eruditum.

1494 4086 1525 4130 5
1562 4082 1631 4130 Et
1646 4076 1829 4140 curm]
1875 4074 2344 4141 Huiusmodi-enim
2378 4089 2500 4127 con.

1429 4170 1581 4207 serva
1602 4168 1808 4205 servum
1849 4154 1901 4203 in
1941 4151 2112 4203 officio
2147 4160 2203 4202 et
2239 4151 2378 4216 apud
2411 4167 2496 4203 me

1431 4231 1700 4284 retinebit.

1495 4314 1530 4359 6
1563 4310 1633 4361 Et
1651 4308 1900 4371 grum,
1919 4305 2031 4370 &ml
2085 4304 2170 4356 Ad
2190 4304 2497 4368 ministeria,
