<?xml version="1.0" encoding="UTF-8"?>
<!DOCTYPE html PUBLIC "-//W3C//DTD XHTML 1.0 Transitional//EN"
    "http://www.w3.org/TR/xhtml1/DTD/xhtml1-transitional.dtd">
<html xmlns="http://www.w3.org/1999/xhtml" xml:lang="en" lang="en">
 <head>
  <title>
</title>
<meta http-equiv="Content-Type" content="text/html;charset=utf-8" />
  <meta name='ocr-system' content='tesseract 3.04.00' />
  <meta name='ocr-capabilities' content='ocr_page ocr_carea ocr_par ocr_line ocrx_word'/>
</head>
<body>
  <div class='ocr_page' id='page_1' title='image "./marcivaleriimar09martgoog_0076.png"; bbox 0 0 2985 4937; ppageno 0'>
   <div class='ocr_carea' id='block_1_1' title="bbox 246 326 599 440">
    <p class='ocr_par' dir='ltr' id='par_1_1' title="bbox 246 326 599 440">
     <span class='ocr_line' id='line_1_1' title="bbox 246 326 599 440; baseline -0.006 1"><span class='ocrx_word' id='word_1_1' title='bbox 246 326 253 345; x_wconf 23' lang='lat' dir='ltr'>x</span> <span class='ocrx_word' id='word_1_2' title='bbox 338 412 343 417; x_wconf 21' lang='lat' dir='ltr'>x</span> <span class='ocrx_word' id='word_1_3' title='bbox 424 375 599 440; x_wconf 78' lang='lat'>1142</span> 
     </span>
    </p>
   </div>
   <div class='ocr_carea' id='block_1_2' title="bbox 420 527 1508 4288">
    <p class='ocr_par' dir='ltr' id='par_1_2' title="bbox 421 527 1508 3744">
     <span class='ocr_line' id='line_1_2' title="bbox 425 527 1496 597; baseline -0.005 -14"><span class='ocrx_word' id='word_1_4' title='bbox 425 534 586 597; x_wconf 86' lang='lat' dir='ltr'><strong>tiaco,</strong></span> <span class='ocrx_word' id='word_1_5' title='bbox 610 539 666 583; x_wconf 88' lang='lat' dir='ltr'><strong>et</strong></span> <span class='ocrx_word' id='word_1_6' title='bbox 700 529 1054 582; x_wconf 85' lang='lat' dir='ltr'><strong>Alexandrina</strong></span> <span class='ocrx_word' id='word_1_7' title='bbox 1100 530 1275 594; x_wconf 86' lang='lat' dir='ltr'><strong>pluma</strong></span> <span class='ocrx_word' id='word_1_8' title='bbox 1306 527 1496 579; x_wconf 82' lang='lat' dir='ltr'><strong>factus.</strong></span> 
     </span>
     <span class='ocr_line' id='line_1_3' title="bbox 428 597 1501 673; baseline -0.007 -11"><span class='ocrx_word' id='word_1_9' title='bbox 428 604 570 663; x_wconf 82' lang='lat' dir='ltr'><strong>Quid</strong></span> <span class='ocrx_word' id='word_1_10' title='bbox 593 624 719 673; x_wconf 82' lang='lat' dir='ltr'><strong>ergo</strong></span> <span class='ocrx_word' id='word_1_11' title='bbox 742 617 885 659; x_wconf 81' lang='lat' dir='ltr'><strong>torus</strong></span> <span class='ocrx_word' id='word_1_12' title='bbox 907 597 994 656; x_wconf 85' lang='lat' dir='ltr'><strong>ille</strong></span> <span class='ocrx_word' id='word_1_13' title='bbox 1009 606 1147 656; x_wconf 83' lang='lat' dir='ltr'><strong>idem</strong></span> <span class='ocrx_word' id='word_1_14' title='bbox 1168 606 1372 657; x_wconf 87' lang='lat' dir='ltr'><strong>cinctus</strong></span> <span class='ocrx_word' id='word_1_15' title='bbox 1396 605 1501 655; x_wconf 78' lang='lat' dir='ltr'><strong>sin-</strong></span> 
     </span>
     <span class='ocr_line' id='line_1_4' title="bbox 426 683 1501 748; baseline 0 -13"><span class='ocrx_word' id='word_1_16' title='bbox 426 686 564 737; x_wconf 88' lang='lat' dir='ltr'><strong>done</strong></span> <span class='ocrx_word' id='word_1_17' title='bbox 599 686 780 747; x_wconf 89' lang='lat' dir='ltr'><strong>olenti,</strong></span> <span class='ocrx_word' id='word_1_18' title='bbox 822 684 875 735; x_wconf 85' lang='lat' dir='ltr'><strong>id</strong></span> <span class='ocrx_word' id='word_1_19' title='bbox 921 683 1501 748; x_wconf 81' lang='lat' dir='ltr'><strong>est,circumdatusto-</strong></span> 
     </span>
     <span class='ocr_line' id='line_1_5' title="bbox 425 758 1501 825; baseline -0.002 -13"><span class='ocrx_word' id='word_1_20' title='bbox 425 764 521 812; x_wconf 86' lang='lat' dir='ltr'><strong>rali</strong></span> <span class='ocrx_word' id='word_1_21' title='bbox 544 777 610 812; x_wconf 84' lang='lat' dir='ltr'><strong>ex</strong></span> <span class='ocrx_word' id='word_1_22' title='bbox 634 762 848 815; x_wconf 75' lang='lat' dir='ltr'>sindone</span> <span class='ocrx_word' id='word_1_23' title='bbox 871 760 1066 825; x_wconf 81' lang='lat' dir='ltr'><strong>Tyria?</strong></span> <span class='ocrx_word' id='word_1_24' title='bbox 1102 758 1167 809; x_wconf 87' lang='lat' dir='ltr'><strong>Id</strong></span> <span class='ocrx_word' id='word_1_25' title='bbox 1208 775 1331 820; x_wconf 80' lang='lat' dir='ltr'><strong>vero</strong></span> <span class='ocrx_word' id='word_1_26' title='bbox 1365 774 1501 810; x_wconf 83' lang='lat' dir='ltr'><strong>sum·</strong></span> 
     </span>
     <span class='ocr_line' id='line_1_6' title="bbox 426 836 1501 901; baseline -0.003 -13"><span class='ocrx_word' id='word_1_27' title='bbox 426 852 624 889; x_wconf 86' lang='lat' dir='ltr'><strong>marum</strong></span> <span class='ocrx_word' id='word_1_28' title='bbox 652 837 965 901; x_wconf 77' lang='lat' dir='ltr'><strong>delitiarum,</strong></span> <span class='ocrx_word' id='word_1_29' title='bbox 985 843 1044 891; x_wconf 93' lang='lat' dir='ltr'><strong>ut</strong></span> <span class='ocrx_word' id='word_1_30' title='bbox 1084 836 1371 901; x_wconf 86' lang='lat' dir='ltr'><strong>Lampridii</strong></span> <span class='ocrx_word' id='word_1_31' title='bbox 1392 837 1501 887; x_wconf 88' lang='lat' dir='ltr'><strong>Ga·</strong></span> 
     </span>
     <span class='ocr_line' id='line_1_7' title="bbox 424 912 1499 977; baseline -0.001 -13"><span class='ocrx_word' id='word_1_32' title='bbox 424 914 600 976; x_wconf 85' lang='lat' dir='ltr'><strong>balus,</strong></span> <span class='ocrx_word' id='word_1_33' title='bbox 626 914 736 965; x_wconf 85' lang='lat' dir='ltr'><strong>sive</strong></span> <span class='ocrx_word' id='word_1_34' title='bbox 771 912 979 977; x_wconf 85' lang='lat' dir='ltr'><strong>Avitus,</strong></span> <span class='ocrx_word' id='word_1_35' title='bbox 1013 915 1029 941; x_wconf 88' lang='lat'>‘</span> <span class='ocrx_word' id='word_1_36' title='bbox 1052 913 1249 977; x_wconf 82' lang='lat' dir='ltr'><strong>primus</strong></span> <span class='ocrx_word' id='word_1_37' title='bbox 1270 913 1499 963; x_wconf 86' lang='lat' dir='ltr'><strong>omnium</strong></span> 
     </span>
     <span class='ocr_line' id='line_1_8' title="bbox 425 991 1501 1055; baseline -0.003 -13"><span class='ocrx_word' id='word_1_38' title='bbox 425 991 747 1055; x_wconf 81' lang='lat' dir='ltr'><strong>privatorum</strong></span> <span class='ocrx_word' id='word_1_39' title='bbox 771 997 912 1041; x_wconf 82' lang='lat' dir='ltr'><strong>toros</strong></span> <span class='ocrx_word' id='word_1_40' title='bbox 927 992 1097 1041; x_wconf 87' lang='lat' dir='ltr'><strong>aureis</strong></span> <span class='ocrx_word' id='word_1_41' title='bbox 1118 991 1369 1042; x_wconf 88' lang='lat' dir='ltr'><strong>toralibus</strong></span> <span class='ocrx_word' id='word_1_42' title='bbox 1387 999 1501 1040; x_wconf 84' lang='lat' dir='ltr'><strong>tex·</strong></span> 
     </span>
     <span class='ocr_line' id='line_1_9' title="bbox 427 1065 1500 1133; baseline -0.001 -16"><span class='ocrx_word' id='word_1_43' title='bbox 427 1065 618 1133; x_wconf 85' lang='lat' dir='ltr'><strong>it,&#39;&amp;c.</strong></span> <span class='ocrx_word' id='word_1_44' title='bbox 655 1067 730 1117; x_wconf 82' lang='lat' dir='ltr'><strong>At</strong></span> <span class='ocrx_word' id='word_1_45' title='bbox 749 1067 900 1131; x_wconf 81' lang='lat' dir='ltr'><strong>vulgo</strong></span> <span class='ocrx_word' id='word_1_46' title='bbox 917 1068 1081 1118; x_wconf 89' lang='lat' dir='ltr'><strong>lintea</strong></span> <span class='ocrx_word' id='word_1_47' title='bbox 1101 1067 1286 1117; x_wconf 88' lang='lat' dir='ltr'><strong>toralia</strong></span> <span class='ocrx_word' id='word_1_48' title='bbox 1300 1067 1366 1117; x_wconf 90' lang='lat' dir='ltr'><strong>ad</strong></span> <span class='ocrx_word' id='word_1_49' title='bbox 1382 1082 1500 1118; x_wconf 84' lang='lat' dir='ltr'><strong>cus-</strong></span> 
     </span>
     <span class='ocr_line' id='line_1_10' title="bbox 425 1143 1499 1210; baseline 0.004 -17"><span class='ocrx_word' id='word_1_50' title='bbox 425 1143 620 1194; x_wconf 90' lang='lat' dir='ltr'><strong>todiam</strong></span> <span class='ocrx_word' id='word_1_51' title='bbox 642 1143 1060 1208; x_wconf 81' lang='lat' dir='ltr'><strong>vestisstragulae</strong></span> <span class='ocrx_word' id='word_1_52' title='bbox 1074 1159 1373 1210; x_wconf 84' lang='lat' dir='ltr'><strong>purpureae,</strong></span> <span class='ocrx_word' id='word_1_53' title='bbox 1386 1146 1499 1197; x_wconf 85' lang='lat' dir='ltr'><strong>sive</strong></span> 
     </span>
     <span class='ocr_line' id='line_1_11' title="bbox 431 1222 1500 1289; baseline 0.007 -21"><span class='ocrx_word' id='word_1_54' title='bbox 431 1235 676 1286; x_wconf 83' lang='lat' dir='ltr'><strong>purpurae</strong></span> <span class='ocrx_word' id='word_1_55' title='bbox 693 1236 797 1285; x_wconf 89' lang='lat' dir='ltr'><strong>qua</strong></span> <span class='ocrx_word' id='word_1_56' title='bbox 814 1228 954 1271; x_wconf 89' lang='lat' dir='ltr'><strong>torus</strong></span> <span class='ocrx_word' id='word_1_57' title='bbox 974 1222 1243 1274; x_wconf 84' lang='lat' dir='ltr'><strong>instratus.</strong></span> <span class='ocrx_word' id='word_1_58' title='bbox 1267 1223 1500 1289; x_wconf 83' lang='lat' dir='ltr'><strong>AEgyptii</strong></span> 
     </span>
     <span class='ocr_line' id='line_1_12' title="bbox 426 1299 1500 1365; baseline 0.005 -19"><span class='ocrx_word' id='word_1_59' title='bbox 426 1304 601 1348; x_wconf 81' lang='lat' dir='ltr'><strong>autem</strong></span> <span class='ocrx_word' id='word_1_60' title='bbox 635 1312 726 1347; x_wconf 88' lang='lat' dir='ltr'><strong>seu</strong></span> <span class='ocrx_word' id='word_1_61' title='bbox 750 1299 947 1349; x_wconf 81' lang='lat' dir='ltr'><strong>Niliaci</strong></span> <span class='ocrx_word' id='word_1_62' title='bbox 971 1301 1070 1350; x_wconf 90' lang='lat' dir='ltr'><strong>tori</strong></span> <span class='ocrx_word' id='word_1_63' title='bbox 1096 1301 1290 1351; x_wconf 85' lang='lat' dir='ltr'><strong>tuucin</strong></span> <span class='ocrx_word' id='word_1_64' title='bbox 1307 1302 1500 1365; x_wconf 86' lang='lat' dir='ltr'><strong>pretio,</strong></span> 
     </span>
     <span class='ocr_line' id='line_1_13' title="bbox 426 1374 1500 1443; baseline 0.007 -21"><span class='ocrx_word' id='word_1_65' title='bbox 426 1381 488 1425; x_wconf 89' lang='lat' dir='ltr'><strong>ut</strong></span> <span class='ocrx_word' id='word_1_66' title='bbox 512 1380 568 1424; x_wconf 89' lang='lat' dir='ltr'><strong>et</strong></span> <span class='ocrx_word' id='word_1_67' title='bbox 587 1374 770 1431; x_wconf 88' lang='lat' dir='ltr'><strong>lectuli</strong></span> <span class='ocrx_word' id='word_1_68' title='bbox 793 1376 988 1426; x_wconf 83' lang='lat' dir='ltr'><strong>Milesii</strong></span> <span class='ocrx_word' id='word_1_69' title='bbox 1020 1383 1074 1426; x_wconf 90' lang='lat' dir='ltr'><strong>et</strong></span> <span class='ocrx_word' id='word_1_70' title='bbox 1095 1377 1276 1429; x_wconf 85' lang='lat' dir='ltr'><strong>Siculi.</strong></span> <span class='ocrx_word' id='word_1_71' title='bbox 1328 1380 1500 1443; x_wconf 79' lang='lat' dir='ltr'><strong>Vulgo</strong></span> 
     </span>
     <span class='ocr_line' id='line_1_14' title="bbox 432 1451 1504 1515; baseline 0.004 -16"><span class='ocrx_word' id='word_1_72' title='bbox 432 1451 792 1515; x_wconf 89' lang='lat' dir='ltr'><strong>imperitorum</strong></span> <span class='ocrx_word' id='word_1_73' title='bbox 832 1452 969 1504; x_wconf 89' lang='lat' dir='ltr'><strong>idem</strong></span> <span class='ocrx_word' id='word_1_74' title='bbox 1009 1460 1093 1504; x_wconf 87' lang='lat' dir='ltr'><strong>est</strong></span> <span class='ocrx_word' id='word_1_75' title='bbox 1125 1453 1412 1504; x_wconf 82' lang='lat' dir='ltr'><strong>‘lectulus’</strong></span> <span class='ocrx_word' id='word_1_76' title='bbox 1445 1461 1504 1505; x_wconf 90' lang='lat' dir='ltr'><strong>et</strong></span> 
     </span>
     <span class='ocr_line' id='line_1_15' title="bbox 427 1526 1501 1593; baseline 0.003 -16"><span class='ocrx_word' id='word_1_77' title='bbox 427 1528 443 1554; x_wconf 90' lang='lat'>‘</span> <span class='ocrx_word' id='word_1_78' title='bbox 469 1535 613 1577; x_wconf 89' lang='lat' dir='ltr'><strong>torus</strong></span> <span class='ocrx_word' id='word_1_79' title='bbox 636 1526 669 1576; x_wconf 87' lang='lat'><strong>:&#39;</strong></span> <span class='ocrx_word' id='word_1_80' title='bbox 705 1527 800 1578; x_wconf 91' lang='lat' dir='ltr'><strong>sed</strong></span> <span class='ocrx_word' id='word_1_81' title='bbox 844 1529 1008 1579; x_wconf 86' lang='lat' dir='ltr'><strong>lectus</strong></span> <span class='ocrx_word' id='word_1_82' title='bbox 1052 1536 1136 1580; x_wconf 90' lang='lat' dir='ltr'><strong>est</strong></span> <span class='ocrx_word' id='word_1_83' title='bbox 1169 1529 1324 1593; x_wconf 78' lang='grc' dir='ltr'><strong>κλίνη,</strong></span> <span class='ocrx_word' id='word_1_84' title='bbox 1357 1537 1501 1581; x_wconf 87' lang='lat' dir='ltr'><strong>torus</strong></span> 
     </span>
     <span class='ocr_line' id='line_1_16' title="bbox 425 1603 1501 1677; baseline 0.005 -25"><span class='ocrx_word' id='word_1_85' title='bbox 425 1603 661 1677; x_wconf 61' lang='grc' dir='ltr'><strong>στρῳμὴ,</strong></span> <span class='ocrx_word' id='word_1_86' title='bbox 682 1605 735 1654; x_wconf 90' lang='lat' dir='ltr'><strong>in</strong></span> <span class='ocrx_word' id='word_1_87' title='bbox 755 1612 869 1659; x_wconf 86' lang='lat' dir='ltr'><strong>toro</strong></span> <span class='ocrx_word' id='word_1_88' title='bbox 893 1608 1126 1673; x_wconf 63' lang='lat' dir='ltr'><strong>stragula</strong></span> <span class='ocrx_word' id='word_1_89' title='bbox 1143 1607 1321 1670; x_wconf 81' lang='lat' dir='ltr'><strong>vestis,</strong></span> <span class='ocrx_word' id='word_1_90' title='bbox 1337 1623 1501 1672; x_wconf 89' lang='lat' dir='ltr'><strong>eaque</strong></span> 
     </span>
     <span class='ocr_line' id='line_1_17' title="bbox 425 1682 1504 1744; baseline 0.004 -13"><span class='ocrx_word' id='word_1_91' title='bbox 425 1682 604 1732; x_wconf 87' lang='lat' dir='ltr'><strong>cineta</strong></span> <span class='ocrx_word' id='word_1_92' title='bbox 620 1696 712 1733; x_wconf 86' lang='lat' dir='ltr'><strong>seu</strong></span> <span class='ocrx_word' id='word_1_93' title='bbox 744 1684 1070 1735; x_wconf 88' lang='lat' dir='ltr'><strong>circumdata</strong></span> <span class='ocrx_word' id='word_1_94' title='bbox 1094 1685 1266 1735; x_wconf 88' lang='lat' dir='ltr'><strong>torali.</strong></span> <span class='ocrx_word' id='word_1_95' title='bbox 1308 1684 1504 1744; x_wconf 81' lang='lat' dir='ltr'><strong>Sidone,</strong></span> 
     </span>
     <span class='ocr_line' id='line_1_18' title="bbox 424 1758 1503 1823; baseline 0.005 -16"><span class='ocrx_word' id='word_1_96' title='bbox 424 1758 530 1823; x_wconf 60' lang='lat' dir='ltr'><strong>&amp;cuj</strong></span> <span class='ocrx_word' id='word_1_97' title='bbox 570 1759 735 1811; x_wconf 83' lang='lat' dir='ltr'><strong>Torus</strong></span> <span class='ocrx_word' id='word_1_98' title='bbox 781 1759 999 1812; x_wconf 86' lang='lat' dir='ltr'><strong>Sidonio</strong></span> <span class='ocrx_word' id='word_1_99' title='bbox 1047 1761 1244 1812; x_wconf 87' lang='lat' dir='ltr'><strong>tinctus</strong></span> <span class='ocrx_word' id='word_1_100' title='bbox 1285 1762 1503 1823; x_wconf 81' lang='lat' dir='ltr'><strong>murice,</strong></span> 
     </span>
     <span class='ocr_line' id='line_1_19' title="bbox 425 1837 1508 1901; baseline 0.002 -14"><span class='ocrx_word' id='word_1_101' title='bbox 425 1851 738 1901; x_wconf 90' lang='lat' dir='ltr'><strong>purpureus.</strong></span> <span class='ocrx_word' id='word_1_102' title='bbox 801 1837 961 1889; x_wconf 84' lang='lat' dir='ltr'><strong>Sidon</strong></span> <span class='ocrx_word' id='word_1_103' title='bbox 1005 1837 1143 1888; x_wconf 89' lang='lat' dir='ltr'><strong>enim</strong></span> <span class='ocrx_word' id='word_1_104' title='bbox 1178 1838 1508 1891; x_wconf 77' lang='lat' dir='ltr'><strong>nobilissima</strong></span> 
     </span>
     <span class='ocr_line' id='line_1_20' title="bbox 424 1913 1500 1979; baseline 0.002 -17"><span class='ocrx_word' id='word_1_105' title='bbox 424 1913 547 1963; x_wconf 88' lang='lat' dir='ltr'><strong>urbs</strong></span> <span class='ocrx_word' id='word_1_106' title='bbox 608 1913 664 1962; x_wconf 89' lang='lat' dir='ltr'><strong>in</strong></span> <span class='ocrx_word' id='word_1_107' title='bbox 714 1913 989 1977; x_wconf 78' lang='lat' dir='ltr'><strong>Phoenice,</strong></span> <span class='ocrx_word' id='word_1_108' title='bbox 1055 1929 1285 1979; x_wconf 88' lang='lat' dir='ltr'><strong>purpura</strong></span> <span class='ocrx_word' id='word_1_109' title='bbox 1337 1915 1500 1966; x_wconf 87' lang='lat' dir='ltr'><strong>abun-</strong></span> 
     </span>
     <span class='ocr_line' id='line_1_21' title="bbox 429 1989 1507 2056; baseline 0.001 -16"><span class='ocrx_word' id='word_1_110' title='bbox 429 1989 579 2040; x_wconf 87' lang='lat' dir='ltr'><strong>dans.</strong></span> <span class='ocrx_word' id='word_1_111' title='bbox 649 1991 757 2044; x_wconf 73' lang='lat' dir='ltr'><strong>Hic</strong></span> <span class='ocrx_word' id='word_1_112' title='bbox 790 1997 964 2041; x_wconf 86' lang='lat' dir='ltr'><strong>autem</strong></span> <span class='ocrx_word' id='word_1_113' title='bbox 1009 2005 1040 2040; x_wconf 84' lang='lat' dir='ltr'><strong>a</strong></span> <span class='ocrx_word' id='word_1_114' title='bbox 1075 1990 1233 2054; x_wconf 67' lang='lat' dir='ltr'><strong>poeta</strong></span> <span class='ocrx_word' id='word_1_115' title='bbox 1268 2005 1364 2054; x_wconf 89' lang='lat' dir='ltr'><strong>pro</strong></span> <span class='ocrx_word' id='word_1_116' title='bbox 1387 1991 1507 2056; x_wconf 85' lang='lat' dir='ltr'><strong>ipsa</strong></span> 
     </span>
     <span class='ocr_line' id='line_1_22' title="bbox 430 2068 1503 2134; baseline 0.004 -19"><span class='ocrx_word' id='word_1_117' title='bbox 430 2082 685 2131; x_wconf 82' lang='lat' dir='ltr'><strong>purpura,</strong></span> <span class='ocrx_word' id='word_1_118' title='bbox 722 2068 868 2119; x_wconf 85' lang='lat' dir='ltr'><strong>velut</strong></span> <span class='ocrx_word' id='word_1_119' title='bbox 906 2076 1210 2119; x_wconf 86' lang='lat' dir='ltr'><strong>contentum</strong></span> <span class='ocrx_word' id='word_1_120' title='bbox 1251 2084 1346 2134; x_wconf 89' lang='lat' dir='ltr'><strong>pro</strong></span> <span class='ocrx_word' id='word_1_121' title='bbox 1378 2084 1503 2121; x_wconf 89' lang='lat' dir='ltr'><strong>con-</strong></span> 
     </span>
     <span class='ocr_line' id='line_1_23' title="bbox 425 2144 1507 2209; baseline 0.007 -19"><span class='ocrx_word' id='word_1_122' title='bbox 425 2144 649 2207; x_wconf 85' lang='lat' dir='ltr'><strong>tinente,</strong></span> <span class='ocrx_word' id='word_1_123' title='bbox 677 2145 914 2209; x_wconf 85' lang='lat' dir='ltr'><strong>usurpari</strong></span> <span class='ocrx_word' id='word_1_124' title='bbox 960 2145 1072 2196; x_wconf 85' lang='lat' dir='ltr'><strong>vult</strong></span> <span class='ocrx_word' id='word_1_125' title='bbox 1115 2145 1424 2209; x_wconf 85' lang='lat' dir='ltr'><strong>Scriverius,</strong></span> <span class='ocrx_word' id='word_1_126' title='bbox 1450 2154 1507 2198; x_wconf 86' lang='lat' dir='ltr'><strong>et</strong></span> 
     </span>
     <span class='ocr_line' id='line_1_24' title="bbox 425 2220 1503 2288; baseline 0.005 -19"><span class='ocrx_word' id='word_1_127' title='bbox 425 2220 569 2270; x_wconf 89' lang='lat' dir='ltr'><strong>illum</strong></span> <span class='ocrx_word' id='word_1_128' title='bbox 607 2235 810 2270; x_wconf 84' lang='lat' dir='ltr'><strong>versum</strong></span> <span class='ocrx_word' id='word_1_129' title='bbox 832 2221 1097 2272; x_wconf 72' lang='lat' dir='ltr'><strong>Martialis</strong></span> <span class='ocrx_word' id='word_1_130' title='bbox 1119 2221 1209 2275; x_wconf 88' lang='lat' dir='ltr'><strong>lib.</strong></span> <span class='ocrx_word' id='word_1_131' title='bbox 1235 2226 1315 2273; x_wconf 91' lang='lat' dir='ltr'><strong>ll.</strong></span> <span class='ocrx_word' id='word_1_132' title='bbox 1333 2222 1503 2288; x_wconf 81' lang='lat' dir='ltr'><strong>epigr.</strong></span> 
     </span>
     <span class='ocr_line' id='line_1_25' title="bbox 422 2297 1504 2367; baseline 0.005 -21"><span class='ocrx_word' id='word_1_133' title='bbox 422 2302 472 2347; x_wconf 87' lang='grc'><strong>1.</strong></span> <span class='ocrx_word' id='word_1_134' title='bbox 490 2297 566 2359; x_wconf 80' lang='lat' dir='ltr'><strong>ita</strong></span> <span class='ocrx_word' id='word_1_135' title='bbox 587 2298 1094 2362; x_wconf 78' lang='lat' dir='ltr'><strong>legendum&#39;censet:</strong></span> <span class='ocrx_word' id='word_1_136' title='bbox 1129 2301 1276 2352; x_wconf 83' lang='lat' dir='ltr'><strong>‘Quo</strong></span> <span class='ocrx_word' id='word_1_137' title='bbox 1294 2307 1372 2360; x_wconf 89' lang='lat' dir='ltr'><strong>tn,</strong></span> <span class='ocrx_word' id='word_1_138' title='bbox 1400 2316 1504 2367; x_wconf 91' lang='lat' dir='ltr'><strong>quo</strong></span> 
     </span>
     <span class='ocr_line' id='line_1_26' title="bbox 423 2373 1507 2441; baseline 0.007 -20"><span class='ocrx_word' id='word_1_139' title='bbox 423 2373 559 2425; x_wconf 90' lang='lat' dir='ltr'><strong>liber</strong></span> <span class='ocrx_word' id='word_1_140' title='bbox 582 2375 752 2426; x_wconf 87' lang='lat' dir='ltr'><strong>otiose</strong></span> <span class='ocrx_word' id='word_1_141' title='bbox 771 2374 970 2441; x_wconf 88' lang='lat' dir='ltr'><strong>tendis,</strong></span> <span class='ocrx_word' id='word_1_142' title='bbox 980 2377 1167 2426; x_wconf 88' lang='lat' dir='ltr'><strong>Cultus</strong></span> <span class='ocrx_word' id='word_1_143' title='bbox 1188 2376 1383 2427; x_wconf 84' lang='lat' dir='ltr'><strong>Sidone</strong></span> <span class='ocrx_word' id='word_1_144' title='bbox 1403 2392 1507 2429; x_wconf 87' lang='lat' dir='ltr'><strong>non</strong></span> 
     </span>
     <span class='ocr_line' id='line_1_27' title="bbox 423 2447 1503 2518; baseline 0.003 -16"><span class='ocrx_word' id='word_1_145' title='bbox 423 2447 724 2518; x_wconf 76' lang='lat' dir='ltr'><strong>quotidiana</strong></span> <span class='ocrx_word' id='word_1_146' title='bbox 742 2453 780 2504; x_wconf 86' lang='lat'><strong>?&#39;</strong></span> <span class='ocrx_word' id='word_1_147' title='bbox 815 2454 1011 2505; x_wconf 87' lang='lat' dir='ltr'><strong>Verum</strong></span> <span class='ocrx_word' id='word_1_148' title='bbox 1040 2456 1275 2507; x_wconf 84' lang='lat' dir='ltr'><strong>Raderus</strong></span> <span class='ocrx_word' id='word_1_149' title='bbox 1290 2462 1396 2506; x_wconf 89' lang='lat' dir='ltr'><strong>tam</strong></span> <span class='ocrx_word' id='word_1_150' title='bbox 1429 2456 1503 2506; x_wconf 89' lang='lat' dir='ltr'><strong>in-</strong></span> 
     </span>
     <span class='ocr_line' id='line_1_28' title="bbox 424 2527 1503 2600; baseline 0.005 -23"><span class='ocrx_word' id='word_1_151' title='bbox 424 2528 685 2579; x_wconf 87' lang='lat' dir='ltr'><strong>solentem</strong></span> <span class='ocrx_word' id='word_1_152' title='bbox 741 2530 1139 2594; x_wconf 70' lang='lat' dir='ltr'><strong>castigationem</strong></span> <span class='ocrx_word' id='word_1_153' title='bbox 1195 2546 1300 2583; x_wconf 91' lang='lat' dir='ltr'><strong>non</strong></span> <span class='ocrx_word' id='word_1_154' title='bbox 1360 2527 1503 2600; x_wconf 72' lang='lat' dir='ltr'><strong>fert3</strong></span> 
     </span>
     <span class='ocr_line' id='line_1_29' title="bbox 424 2606 1503 2672; baseline 0.005 -17"><span class='ocrx_word' id='word_1_155' title='bbox 424 2620 580 2669; x_wconf 83' lang='lat' dir='ltr'><strong>quem</strong></span> <span class='ocrx_word' id='word_1_156' title='bbox 605 2606 742 2660; x_wconf 81' lang='lat' dir='ltr'><strong>vide.</strong></span> <span class='ocrx_word' id='word_1_157' title='bbox 808 2607 1028 2671; x_wconf 83' lang='lat' dir='ltr'><strong>Legitur</strong></span> <span class='ocrx_word' id='word_1_158' title='bbox 1063 2617 1139 2672; x_wconf 87' lang='lat' dir='ltr'><strong>et,</strong></span> <span class='ocrx_word' id='word_1_159' title='bbox 1162 2609 1354 2659; x_wconf 74' lang='lat' dir='ltr'><strong>sindone</strong></span> <span class='ocrx_word' id='word_1_160' title='bbox 1375 2610 1503 2660; x_wconf 81' lang='lat' dir='ltr'><strong>cinc-</strong></span> 
     </span>
     <span class='ocr_line' id='line_1_30' title="bbox 422 2682 1504 2752; baseline 0.007 -23"><span class='ocrx_word' id='word_1_161' title='bbox 422 2685 524 2743; x_wconf 77' lang='lat' dir='ltr'><strong>tus,</strong></span> <span class='ocrx_word' id='word_1_162' title='bbox 555 2682 612 2735; x_wconf 88' lang='lat' dir='ltr'><strong>id</strong></span> <span class='ocrx_word' id='word_1_163' title='bbox 646 2690 747 2746; x_wconf 83' lang='lat' dir='ltr'><strong>est,</strong></span> <span class='ocrx_word' id='word_1_164' title='bbox 783 2684 968 2749; x_wconf 79' lang='lat' dir='ltr'><strong>plagis.</strong></span> <span class='ocrx_word' id='word_1_165' title='bbox 1000 2683 1157 2749; x_wconf 85' lang='lat' dir='ltr'><strong>Angl.</strong></span> <span class='ocrx_word' id='word_1_166' title='bbox 1195 2688 1430 2752; x_wconf 71' lang='lat' dir='ltr'><strong>carteiae,</strong></span> <span class='ocrx_word' id='word_1_167' title='bbox 1472 2702 1504 2736; x_wconf 85' lang='lat' dir='ltr'><strong>a</strong></span> 
     </span>
     <span class='ocr_line' id='line_1_31' title="bbox 421 2757 1503 2822; baseline 0.009 -17"><span class='ocrx_word' id='word_1_168' title='bbox 421 2757 645 2808; x_wconf 79' lang='lat' dir='ltr'><strong>sindone</strong></span> <span class='ocrx_word' id='word_1_169' title='bbox 669 2759 859 2822; x_wconf 87' lang='lat' dir='ltr'><strong>tincta,</strong></span> <span class='ocrx_word' id='word_1_170' title='bbox 875 2761 1040 2810; x_wconf 85' lang='lat' dir='ltr'><strong>olenti</strong></span> <span class='ocrx_word' id='word_1_171' title='bbox 1061 2763 1262 2813; x_wconf 89' lang='lat' dir='ltr'><strong>murice</strong></span> <span class='ocrx_word' id='word_1_172' title='bbox 1287 2764 1503 2814; x_wconf 82' lang='lat' dir='ltr'><strong>tinctus.</strong></span> 
     </span>
     <span class='ocr_line' id='line_1_32' title="bbox 431 2834 1505 2909; baseline 0.001 -20"><span class='ocrx_word' id='word_1_173' title='bbox 431 2834 562 2889; x_wconf 74' lang='lat' dir='ltr'><strong>Quid</strong></span> <span class='ocrx_word' id='word_1_174' title='bbox 598 2835 780 2897; x_wconf 71' lang='lat' dir='ltr'><strong>sidone,</strong></span> <span class='ocrx_word' id='word_1_175' title='bbox 817 2836 928 2901; x_wconf 58' lang='grc' dir='ltr'><strong>ξω]</strong></span> <span class='ocrx_word' id='word_1_176' title='bbox 972 2838 1184 2908; x_wconf 82' lang='lat' dir='ltr'><strong>Peritos</strong></span> <span class='ocrx_word' id='word_1_177' title='bbox 1217 2839 1318 2904; x_wconf 85' lang='lat' dir='ltr'><strong>vir,</strong></span> <span class='ocrx_word' id='word_1_178' title='bbox 1357 2848 1505 2909; x_wconf 87' lang='lat' dir='ltr'><strong>certe</strong></span> 
     </span>
     <span class='ocr_line' id='line_1_33' title="bbox 424 2911 1504 2980; baseline 0.007 -21"><span class='ocrx_word' id='word_1_179' title='bbox 424 2911 603 2960; x_wconf 81' lang='lat' dir='ltr'><strong>multae</strong></span> <span class='ocrx_word' id='word_1_180' title='bbox 625 2912 889 2975; x_wconf 85' lang='lat' dir='ltr'><strong>lectionis,</strong></span> <span class='ocrx_word' id='word_1_181' title='bbox 905 2914 980 2963; x_wconf 88' lang='lat' dir='ltr'><strong>sic</strong></span> <span class='ocrx_word' id='word_1_182' title='bbox 1004 2914 1142 2966; x_wconf 87' lang='lat' dir='ltr'><strong>hunc</strong></span> <span class='ocrx_word' id='word_1_183' title='bbox 1158 2916 1326 2966; x_wconf 84' lang='lat' dir='ltr'><strong>locum</strong></span> <span class='ocrx_word' id='word_1_184' title='bbox 1345 2931 1504 2980; x_wconf 82' lang='lat' dir='ltr'><strong>expo-</strong></span> 
     </span>
     <span class='ocr_line' id='line_1_34' title="bbox 425 2988 1505 3046; baseline 0.002 -8"><span class='ocrx_word' id='word_1_185' title='bbox 425 2988 507 3038; x_wconf 86' lang='lat' dir='ltr'><strong>nit</strong></span> <span class='ocrx_word' id='word_1_186' title='bbox 528 3005 543 3036; x_wconf 72' lang='grc' dir='ltr'>ε</span> <span class='ocrx_word' id='word_1_187' title='bbox 579 2988 788 3046; x_wconf 83' lang='lat' dir='ltr'><strong>Zoilum</strong></span> <span class='ocrx_word' id='word_1_188' title='bbox 835 2988 1040 3039; x_wconf 85' lang='lat' dir='ltr'><strong>scilicet</strong></span> <span class='ocrx_word' id='word_1_189' title='bbox 1076 2991 1296 3040; x_wconf 81' lang='lat' dir='ltr'><strong>voluisse</strong></span> <span class='ocrx_word' id='word_1_190' title='bbox 1330 3000 1505 3042; x_wconf 86' lang='lat' dir='ltr'><strong>osten-</strong></span> 
     </span>
     <span class='ocr_line' id='line_1_35' title="bbox 423 3067 1505 3132; baseline 0.005 -18"><span class='ocrx_word' id='word_1_191' title='bbox 423 3073 540 3115; x_wconf 84' lang='lat' dir='ltr'><strong>tare</strong></span> <span class='ocrx_word' id='word_1_192' title='bbox 558 3079 686 3129; x_wconf 87' lang='lat' dir='ltr'><strong>opes</strong></span> <span class='ocrx_word' id='word_1_193' title='bbox 701 3080 841 3130; x_wconf 86' lang='lat' dir='ltr'><strong>suas,</strong></span> <span class='ocrx_word' id='word_1_194' title='bbox 855 3080 961 3115; x_wconf 92' lang='lat' dir='ltr'><strong>non</strong></span> <span class='ocrx_word' id='word_1_195' title='bbox 980 3073 1180 3116; x_wconf 86' lang='lat' dir='ltr'><strong>tantum</strong></span> <span class='ocrx_word' id='word_1_196' title='bbox 1190 3067 1243 3118; x_wconf 90' lang='lat' dir='ltr'><strong>in</strong></span> <span class='ocrx_word' id='word_1_197' title='bbox 1260 3069 1505 3132; x_wconf 80' lang='lat' dir='ltr'><strong>stragulis</strong></span> 
     </span>
     <span class='ocr_line' id='line_1_36' title="bbox 421 3139 1502 3208; baseline 0.004 -16"><span class='ocrx_word' id='word_1_198' title='bbox 421 3142 701 3208; x_wconf 75' lang='lat' dir='ltr'><strong>purpureis</strong></span> <span class='ocrx_word' id='word_1_199' title='bbox 719 3150 777 3193; x_wconf 86' lang='lat' dir='ltr'><strong>et</strong></span> <span class='ocrx_word' id='word_1_200' title='bbox 801 3148 915 3193; x_wconf 81' lang='lat' dir='ltr'><strong>toro</strong></span> <span class='ocrx_word' id='word_1_201' title='bbox 939 3143 1175 3196; x_wconf 85' lang='lat' dir='ltr'><strong>Nilotico</strong></span> <span class='ocrx_word' id='word_1_202' title='bbox 1194 3161 1211 3207; x_wconf 82' lang='lat'>3</span> <span class='ocrx_word' id='word_1_203' title='bbox 1228 3146 1320 3195; x_wconf 84' lang='lat' dir='ltr'><strong>sed</strong></span> <span class='ocrx_word' id='word_1_204' title='bbox 1342 3139 1502 3198; x_wconf 78' lang='lat' dir='ltr'><strong>etiam</strong></span> 
     </span>
     <span class='ocr_line' id='line_1_37' title="bbox 425 3215 1503 3284; baseline 0.008 -20"><span class='ocrx_word' id='word_1_205' title='bbox 425 3216 481 3265; x_wconf 92' lang='lat' dir='ltr'><strong>in</strong></span> <span class='ocrx_word' id='word_1_206' title='bbox 519 3215 721 3280; x_wconf 78' lang='lat' dir='ltr'><strong>fasciis,</strong></span> <span class='ocrx_word' id='word_1_207' title='bbox 755 3217 941 3281; x_wconf 81' lang='lat' dir='ltr'><strong>quibus</strong></span> <span class='ocrx_word' id='word_1_208' title='bbox 981 3218 1312 3284; x_wconf 74' lang='lat' dir='ltr'><strong>obligabatur</strong></span> <span class='ocrx_word' id='word_1_209' title='bbox 1336 3236 1366 3272; x_wconf 88' lang='lat' dir='ltr'><strong>e</strong></span> <span class='ocrx_word' id='word_1_210' title='bbox 1386 3223 1503 3273; x_wconf 90' lang='lat' dir='ltr'><strong>Me-</strong></span> 
     </span>
     <span class='ocr_line' id='line_1_38' title="bbox 424 3293 1503 3362; baseline 0.005 -20"><span class='ocrx_word' id='word_1_211' title='bbox 424 3293 659 3345; x_wconf 87' lang='lat' dir='ltr'><strong>dicorum</strong></span> <span class='ocrx_word' id='word_1_212' title='bbox 685 3293 933 3358; x_wconf 80' lang='lat' dir='ltr'><strong>imperi03</strong></span> <span class='ocrx_word' id='word_1_213' title='bbox 966 3308 1057 3345; x_wconf 82' lang='lat' dir='ltr'><strong>eas</strong></span> <span class='ocrx_word' id='word_1_214' title='bbox 1080 3297 1354 3360; x_wconf 84' lang='lat' dir='ltr'><strong>appellans</strong></span> <span class='ocrx_word' id='word_1_215' title='bbox 1372 3298 1503 3362; x_wconf 84' lang='lat' dir='ltr'><strong>‘sin-</strong></span> 
     </span>
     <span class='ocr_line' id='line_1_39' title="bbox 425 3369 1503 3437; baseline 0.006 -19"><span class='ocrx_word' id='word_1_216' title='bbox 425 3369 630 3433; x_wconf 79' lang='lat' dir='ltr'><strong>dones,&#39;</strong></span> <span class='ocrx_word' id='word_1_217' title='bbox 664 3376 721 3426; x_wconf 86' lang='lat' dir='ltr'><strong>et</strong></span> <span class='ocrx_word' id='word_1_218' title='bbox 740 3370 952 3436; x_wconf 84' lang='lat' dir='ltr'><strong>quidem</strong></span> <span class='ocrx_word' id='word_1_219' title='bbox 989 3369 1260 3437; x_wconf 83' lang='lat' dir='ltr'><strong>‘olentes,&#39;</strong></span> <span class='ocrx_word' id='word_1_220' title='bbox 1291 3388 1321 3424; x_wconf 90' lang='lat' dir='ltr'><strong>e</strong></span> <span class='ocrx_word' id='word_1_221' title='bbox 1344 3374 1503 3428; x_wconf 82' lang='lat' dir='ltr'><strong>muri·</strong></span> 
     </span>
     <span class='ocr_line' id='line_1_40' title="bbox 423 3445 1503 3513; baseline 0.005 -19"><span class='ocrx_word' id='word_1_222' title='bbox 423 3458 485 3495; x_wconf 86' lang='lat' dir='ltr'><strong>ce</strong></span> <span class='ocrx_word' id='word_1_223' title='bbox 546 3446 767 3500; x_wconf 88' lang='lat' dir='ltr'><strong>scilicet.</strong></span> <span class='ocrx_word' id='word_1_224' title='bbox 836 3445 1156 3513; x_wconf 80' lang='lat' dir='ltr'><strong>Intelligitur</strong></span> <span class='ocrx_word' id='word_1_225' title='bbox 1195 3449 1356 3504; x_wconf 87' lang='lat' dir='ltr'><strong>etiam</strong></span> <span class='ocrx_word' id='word_1_226' title='bbox 1399 3453 1503 3502; x_wconf 76' lang='lat' dir='ltr'><strong>siu-</strong></span> 
     </span>
     <span class='ocr_line' id='line_1_41' title="bbox 428 3526 1503 3598; baseline 0.005 -23"><span class='ocrx_word' id='word_1_227' title='bbox 428 3526 579 3576; x_wconf 86' lang='lat' dir='ltr'><strong>donis</strong></span> <span class='ocrx_word' id='word_1_228' title='bbox 617 3527 825 3594; x_wconf 83' lang='lat' dir='ltr'><strong>nomine</strong></span> <span class='ocrx_word' id='word_1_229' title='bbox 870 3529 1087 3583; x_wconf 81' lang='lat' dir='ltr'><strong>linteum</strong></span> <span class='ocrx_word' id='word_1_230' title='bbox 1127 3529 1276 3594; x_wconf 88' lang='lat' dir='ltr'><strong>illud,</strong></span> <span class='ocrx_word' id='word_1_231' title='bbox 1299 3546 1401 3598; x_wconf 91' lang='lat' dir='ltr'><strong>quo</strong></span> <span class='ocrx_word' id='word_1_232' title='bbox 1424 3532 1503 3582; x_wconf 90' lang='lat' dir='ltr'><strong>in-</strong></span> 
     </span>
     <span class='ocr_line' id='line_1_42' title="bbox 426 3603 1502 3673; baseline 0.011 -23"><span class='ocrx_word' id='word_1_233' title='bbox 426 3603 793 3667; x_wconf 79' lang='lat' dir='ltr'><strong>volvebantur,</strong></span> <span class='ocrx_word' id='word_1_234' title='bbox 833 3605 923 3670; x_wconf 89' lang='lat' dir='ltr'><strong>qui</strong></span> <span class='ocrx_word' id='word_1_235' title='bbox 969 3606 1268 3658; x_wconf 83' lang='lat' dir='ltr'><strong>tonsoribus</strong></span> <span class='ocrx_word' id='word_1_236' title='bbox 1289 3622 1502 3673; x_wconf 74' lang='lat' dir='ltr'><strong>operam</strong></span> 
     </span>
     <span class='ocr_line' id='line_1_43' title="bbox 423 3678 1303 3744; baseline 0.005 -15"><span class='ocrx_word' id='word_1_237' title='bbox 423 3678 641 3744; x_wconf 84' lang='lat' dir='ltr'><strong>dabant,</strong></span> <span class='ocrx_word' id='word_1_238' title='bbox 664 3687 726 3743; x_wconf 73' lang='lat' dir='ltr'><strong>ut</strong></span> <span class='ocrx_word' id='word_1_239' title='bbox 743 3682 1028 3733; x_wconf 87' lang='lat' dir='ltr'><strong>etiamnum</strong></span> <span class='ocrx_word' id='word_1_240' title='bbox 1046 3681 1202 3734; x_wconf 86' lang='lat' dir='ltr'><strong>hodie</strong></span> <span class='ocrx_word' id='word_1_241' title='bbox 1224 3682 1303 3733; x_wconf 85' lang='lat' dir='ltr'><strong>fit.</strong></span> 
     </span>
    </p>

    <p class='ocr_par' dir='ltr' id='par_1_3' title="bbox 420 3757 1506 4288">
     <span class='ocr_line' id='line_1_44' title="bbox 487 3757 1502 3826; baseline 0.008 -21"><span class='ocrx_word' id='word_1_242' title='bbox 487 3762 517 3805; x_wconf 83' lang='lat'>5</span> <span class='ocrx_word' id='word_1_243' title='bbox 557 3757 690 3813; x_wconf 76' lang='lat' dir='ltr'><strong>Quid</strong></span> <span class='ocrx_word' id='word_1_244' title='bbox 711 3758 806 3808; x_wconf 71' lang='lat' dir='ltr'><strong>tibi</strong></span> <span class='ocrx_word' id='word_1_245' title='bbox 817 3774 924 3809; x_wconf 75' lang='lat' dir='ltr'><strong>cum</strong></span> <span class='ocrx_word' id='word_1_246' title='bbox 942 3758 1161 3823; x_wconf 76' lang='lat' dir='ltr'><strong>medicis]</strong></span> <span class='ocrx_word' id='word_1_247' title='bbox 1201 3760 1345 3811; x_wconf 86' lang='lat' dir='ltr'><strong>Nihil</strong></span> <span class='ocrx_word' id='word_1_248' title='bbox 1370 3776 1502 3826; x_wconf 85' lang='lat' dir='ltr'><strong>opus</strong></span> 
     </span>
     <span class='ocr_line' id='line_1_45' title="bbox 425 3832 1503 3907; baseline 0.007 -27"><span class='ocrx_word' id='word_1_249' title='bbox 425 3832 494 3880; x_wconf 88' lang='lat' dir='ltr'><strong>ad</strong></span> <span class='ocrx_word' id='word_1_250' title='bbox 515 3833 653 3884; x_wconf 89' lang='lat' dir='ltr'><strong>hunc</strong></span> <span class='ocrx_word' id='word_1_251' title='bbox 675 3834 915 3907; x_wconf 79' lang='lat' dir='ltr'><strong>morbum</strong></span> <span class='ocrx_word' id='word_1_252' title='bbox 943 3836 1228 3886; x_wconf 85' lang='lat' dir='ltr'><strong>curandum</strong></span> <span class='ocrx_word' id='word_1_253' title='bbox 1246 3838 1503 3904; x_wconf 74' lang='lat' dir='ltr'><strong>Medicis3</strong></span> 
     </span>
     <span class='ocr_line' id='line_1_46' title="bbox 425 3912 1501 3980; baseline 0.007 -21"><span class='ocrx_word' id='word_1_254' title='bbox 425 3912 489 3959; x_wconf 82' lang='lat' dir='ltr'><strong>ab</strong></span> <span class='ocrx_word' id='word_1_255' title='bbox 537 3912 731 3976; x_wconf 83' lang='lat' dir='ltr'><strong>animo,</strong></span> <span class='ocrx_word' id='word_1_256' title='bbox 772 3928 877 3964; x_wconf 89' lang='lat' dir='ltr'><strong>non</strong></span> <span class='ocrx_word' id='word_1_257' title='bbox 911 3928 944 3963; x_wconf 86' lang='lat' dir='ltr'><strong>a</strong></span> <span class='ocrx_word' id='word_1_258' title='bbox 984 3930 1205 3979; x_wconf 89' lang='lat' dir='ltr'><strong>corpore</strong></span> <span class='ocrx_word' id='word_1_259' title='bbox 1252 3924 1501 3980; x_wconf 80' lang='lat' dir='ltr'><strong>aegrotas,</strong></span> 
     </span>
     <span class='ocr_line' id='line_1_47' title="bbox 420 3984 1500 4061; baseline 0.004 -22"><span class='ocrx_word' id='word_1_260' title='bbox 420 3984 586 4041; x_wconf 83' lang='lat' dir='ltr'><strong>Zoile.</strong></span> <span class='ocrx_word' id='word_1_261' title='bbox 653 3991 784 4041; x_wconf 89' lang='lat' dir='ltr'><strong>Tum</strong></span> <span class='ocrx_word' id='word_1_262' title='bbox 821 3991 1083 4044; x_wconf 79' lang='lat' dir='ltr'><strong>Machaon</strong></span> <span class='ocrx_word' id='word_1_263' title='bbox 1125 3994 1264 4061; x_wconf 87' lang='lat' dir='ltr'><strong>apud</strong></span> <span class='ocrx_word' id='word_1_264' title='bbox 1302 3993 1500 4043; x_wconf 86' lang='lat' dir='ltr'><strong>Home·</strong></span> 
     </span>
     <span class='ocr_line' id='line_1_48' title="bbox 421 4068 1499 4130; baseline 0.006 -17"><span class='ocrx_word' id='word_1_265' title='bbox 421 4079 535 4114; x_wconf 88' lang='lat' dir='ltr'><strong>rum</strong></span> <span class='ocrx_word' id='word_1_266' title='bbox 556 4079 586 4114; x_wconf 87' lang='lat' dir='ltr'><strong>a</strong></span> <span class='ocrx_word' id='word_1_267' title='bbox 611 4068 923 4130; x_wconf 68' lang='lat' dir='ltr'><strong>praestantia</strong></span> <span class='ocrx_word' id='word_1_268' title='bbox 958 4069 1234 4120; x_wconf 79' lang='lat' dir='ltr'><strong>medicinae</strong></span> <span class='ocrx_word' id='word_1_269' title='bbox 1264 4070 1499 4120; x_wconf 85' lang='lat' dir='ltr'><strong>celebra-</strong></span> 
     </span>
     <span class='ocr_line' id='line_1_49' title="bbox 424 4141 1506 4212; baseline 0.008 -23"><span class='ocrx_word' id='word_1_270' title='bbox 424 4147 526 4196; x_wconf 84' lang='lat' dir='ltr'><strong>tur.</strong></span> <span class='ocrx_word' id='word_1_271' title='bbox 561 4141 688 4192; x_wconf 71' lang='lat' dir='ltr'><strong>lead.</strong></span> <span class='ocrx_word' id='word_1_272' title='bbox 714 4144 1008 4196; x_wconf 66' lang='lat' dir='ltr'><strong>Machaonas</strong></span> <span class='ocrx_word' id='word_1_273' title='bbox 1023 4146 1202 4210; x_wconf 79' lang='lat' dir='ltr'><strong>omnes]</strong></span> <span class='ocrx_word' id='word_1_274' title='bbox 1235 4146 1506 4212; x_wconf 54' lang='lat' dir='ltr'><strong>Medieoq</strong></span> 
     </span>
     <span class='ocr_line' id='line_1_50' title="bbox 421 4217 1497 4288; baseline 0.009 -23"><span class='ocrx_word' id='word_1_275' title='bbox 421 4230 453 4265; x_wconf 80' lang='lat' dir='ltr'><strong>a</strong></span> <span class='ocrx_word' id='word_1_276' title='bbox 497 4217 790 4270; x_wconf 85' lang='lat' dir='ltr'><strong>Machaoue</strong></span> <span class='ocrx_word' id='word_1_277' title='bbox 830 4219 941 4271; x_wconf 86' lang='lat' dir='ltr'><strong>filio</strong></span> <span class='ocrx_word' id='word_1_278' title='bbox 978 4222 1282 4288; x_wconf 83' lang='lat' dir='ltr'><strong>AEsculapii,</strong></span> <span class='ocrx_word' id='word_1_279' title='bbox 1307 4224 1497 4275; x_wconf 89' lang='lat' dir='ltr'><strong>nobili-</strong></span> 
     </span>
    </p>
   </div>
   <div class='ocr_carea' id='block_1_3' title="bbox 1132 349 1939 437">
    <p class='ocr_par' dir='ltr' id='par_1_4' title="bbox 1132 349 1939 437">
     <span class='ocr_line' id='line_1_51' title="bbox 1132 349 1939 437; baseline 0 -3"><span class='ocrx_word' id='word_1_280' title='bbox 1132 387 1347 435; x_wconf 66' lang='lat' dir='ltr'><strong>Norffi</strong></span> <span class='ocrx_word' id='word_1_281' title='bbox 1398 386 1804 437; x_wconf 62' lang='lat' dir='ltr'><strong>vammum</strong></span> <span class='ocrx_word' id='word_1_282' title='bbox 1860 349 1939 434; x_wconf 77' lang='grc' dir='ltr'><strong>ιΝ</strong></span> 
     </span>
    </p>
   </div>
   <div class='ocr_carea' id='block_1_4' title="bbox 1573 526 2717 1130">
    <p class='ocr_par' dir='ltr' id='par_1_5' title="bbox 1573 526 2657 966">
     <span class='ocr_line' id='line_1_52' title="bbox 1638 526 2653 594; baseline -0.002 -15"><span class='ocrx_word' id='word_1_283' title='bbox 1638 533 1673 579; x_wconf 76' lang='grc'>6</span> <span class='ocrx_word' id='word_1_284' title='bbox 1713 528 1799 580; x_wconf 77' lang='lat' dir='ltr'><strong>Vis</strong></span> <span class='ocrx_word' id='word_1_285' title='bbox 1815 528 1941 594; x_wconf 71' lang='lat' dir='ltr'><strong>fieri</strong></span> <span class='ocrx_word' id='word_1_286' title='bbox 1974 527 2141 592; x_wconf 73' lang='lat' dir='ltr'><strong>mus]</strong></span> <span class='ocrx_word' id='word_1_287' title='bbox 2182 528 2277 579; x_wconf 78' lang='lat' dir='ltr'><strong>Est</strong></span> <span class='ocrx_word' id='word_1_288' title='bbox 2311 526 2653 592; x_wconf 78' lang='lat' dir='ltr'><strong>Ampbibolia</strong></span> 
     </span>
     <span class='ocr_line' id='line_1_53' title="bbox 1575 603 2652 668; baseline 0.002 -15"><span class='ocrx_word' id='word_1_289' title='bbox 1575 603 1628 655; x_wconf 89' lang='lat' dir='ltr'><strong>in</strong></span> <span class='ocrx_word' id='word_1_290' title='bbox 1649 619 1776 657; x_wconf 84' lang='lat' dir='ltr'><strong>voce</strong></span> <span class='ocrx_word' id='word_1_291' title='bbox 1813 608 1829 634; x_wconf 88' lang='lat'>‘</span> <span class='ocrx_word' id='word_1_292' title='bbox 1852 604 2046 668; x_wconf 83' lang='lat' dir='ltr'><strong>sanus,&#39;</strong></span> <span class='ocrx_word' id='word_1_293' title='bbox 2080 620 2198 654; x_wconf 84' lang='lat' dir='ltr'><strong>nam</strong></span> <span class='ocrx_word' id='word_1_294' title='bbox 2236 611 2293 655; x_wconf 88' lang='lat' dir='ltr'><strong>et</strong></span> <span class='ocrx_word' id='word_1_295' title='bbox 2323 604 2391 654; x_wconf 85' lang='lat' dir='ltr'><strong>ad</strong></span> <span class='ocrx_word' id='word_1_296' title='bbox 2414 612 2652 657; x_wconf 80' lang='lat' dir='ltr'><strong>mentem</strong></span> 
     </span>
     <span class='ocr_line' id='line_1_54' title="bbox 1576 682 2657 749; baseline 0.001 -19"><span class='ocrx_word' id='word_1_297' title='bbox 1576 682 1818 747; x_wconf 84' lang='lat' dir='ltr'><strong>refertur,</strong></span> <span class='ocrx_word' id='word_1_298' title='bbox 1855 692 1912 734; x_wconf 85' lang='lat' dir='ltr'><strong>et</strong></span> <span class='ocrx_word' id='word_1_299' title='bbox 1933 697 2140 746; x_wconf 82' lang='lat' dir='ltr'><strong>corpus.</strong></span> <span class='ocrx_word' id='word_1_300' title='bbox 2204 682 2389 745; x_wconf 85' lang='lat' dir='ltr'><strong>sapies</strong></span> <span class='ocrx_word' id='word_1_301' title='bbox 2430 689 2490 732; x_wconf 89' lang='lat' dir='ltr'><strong>et</strong></span> <span class='ocrx_word' id='word_1_302' title='bbox 2511 682 2657 749; x_wconf 75' lang='lat' dir='ltr'><strong>vale·</strong></span> 
     </span>
     <span class='ocr_line' id='line_1_55' title="bbox 1573 759 2656 826; baseline -0.001 -17"><span class='ocrx_word' id='word_1_303' title='bbox 1573 759 1675 825; x_wconf 88' lang='lat' dir='ltr'><strong>bis,</strong></span> <span class='ocrx_word' id='word_1_304' title='bbox 1690 761 1935 826; x_wconf 86' lang='lat' dir='ltr'><strong>deposito</strong></span> <span class='ocrx_word' id='word_1_305' title='bbox 1951 761 2297 824; x_wconf 80' lang='lat' dir='ltr'><strong>stragulorum</strong></span> <span class='ocrx_word' id='word_1_306' title='bbox 2318 760 2466 818; x_wconf 84' lang='lat' dir='ltr'><strong>luxu,</strong></span> <span class='ocrx_word' id='word_1_307' title='bbox 2481 773 2656 822; x_wconf 84' lang='lat' dir='ltr'><strong>sump-</strong></span> 
     </span>
     <span class='ocr_line' id='line_1_56' title="bbox 1576 834 2655 916; baseline -0.004 -29"><span class='ocrx_word' id='word_1_308' title='bbox 1576 837 1751 902; x_wconf 82' lang='lat' dir='ltr'><strong>tisque</strong></span> <span class='ocrx_word' id='word_1_309' title='bbox 1808 837 2096 899; x_wconf 81' lang='lat' dir='ltr'><strong>vilioribus,</strong></span> <span class='ocrx_word' id='word_1_310' title='bbox 2164 834 2471 916; x_wconf 43' lang='lat' dir='ltr'><strong>&#39;cujusmodi</strong></span> <span class='ocrx_word' id='word_1_311' title='bbox 2535 849 2655 884; x_wconf 87' lang='lat' dir='ltr'><strong>mea</strong></span> 
     </span>
     <span class='ocr_line' id='line_1_57' title="bbox 1575 921 1715 966; baseline -0.021 0"><span class='ocrx_word' id='word_1_312' title='bbox 1575 921 1715 966; x_wconf 79' lang='lat' dir='ltr'><strong>sunt.</strong></span> 
     </span>
    </p>

    <p class='ocr_par' dir='ltr' id='par_1_6' title="bbox 1574 989 2717 1130">
     <span class='ocr_line' id='line_1_58' title="bbox 1637 989 2656 1053; baseline -0.003 -13"><span class='ocrx_word' id='word_1_313' title='bbox 1637 991 1796 1042; x_wconf 71' lang='lat' dir='ltr'><strong>Erro.</strong></span> <span class='ocrx_word' id='word_1_314' title='bbox 1820 1003 1966 1041; x_wconf 84' lang='lat' dir='ltr'><strong>xvn.</strong></span> <span class='ocrx_word' id='word_1_315' title='bbox 2003 995 2027 1040; x_wconf 92' lang='lat'>1</span> <span class='ocrx_word' id='word_1_316' title='bbox 2058 989 2313 1053; x_wconf 75' lang='lat' dir='ltr'><strong>Tonstrix]</strong></span> <span class='ocrx_word' id='word_1_317' title='bbox 2341 989 2517 1039; x_wconf 87' lang='lat' dir='ltr'><strong>Notat</strong></span> <span class='ocrx_word' id='word_1_318' title='bbox 2536 1003 2656 1038; x_wconf 79' lang='lat' dir='ltr'><strong>ava-</strong></span> 
     </span>
     <span class='ocr_line' id='line_1_59' title="bbox 1574 1066 2717 1130; baseline 0.002 -15"><span class='ocrx_word' id='word_1_319' title='bbox 1574 1081 1681 1116; x_wconf 84' lang='lat' dir='ltr'><strong>ram</strong></span> <span class='ocrx_word' id='word_1_320' title='bbox 1706 1067 1958 1117; x_wconf 81' lang='lat' dir='ltr'><strong>moecham</strong></span> <span class='ocrx_word' id='word_1_321' title='bbox 1978 1066 2207 1118; x_wconf 88' lang='lat' dir='ltr'><strong>tonsoris</strong></span> <span class='ocrx_word' id='word_1_322' title='bbox 2221 1066 2520 1130; x_wconf 85' lang='lat' dir='ltr'><strong>cujusdam,</strong></span> <span class='ocrx_word' id='word_1_323' title='bbox 2539 1079 2654 1129; x_wconf 80' lang='lat' dir='ltr'><strong>quae</strong></span> <span class='ocrx_word' id='word_1_324' title='bbox 2713 1108 2717 1117; x_wconf 89' lang='lat'><strong>.</strong></span> 
     </span>
    </p>
   </div>
   <div class='ocr_carea' id='block_1_5' title="bbox 1537 1136 2657 1208">
    <p class='ocr_par' dir='ltr' id='par_1_7' title="bbox 1537 1136 2657 1208">
     <span class='ocr_line' id='line_1_60' title="bbox 1537 1136 2657 1208; baseline -0.001 -14"><span class='ocrx_word' id='word_1_325' title='bbox 1537 1136 1544 1153; x_wconf 89' lang='lat'><strong><em>‘</em></strong></span> <span class='ocrx_word' id='word_1_326' title='bbox 1574 1144 1918 1196; x_wconf 82' lang='lat' dir='ltr'><strong>adolescentis</strong></span> <span class='ocrx_word' id='word_1_327' title='bbox 1941 1144 2190 1208; x_wconf 81' lang='lat' dir='ltr'><strong>pecunias</strong></span> <span class='ocrx_word' id='word_1_328' title='bbox 2211 1142 2559 1194; x_wconf 82' lang='lat' dir='ltr'><strong>corradebat:</strong></span> <span class='ocrx_word' id='word_1_329' title='bbox 2581 1142 2657 1193; x_wconf 83' lang='lat' dir='ltr'><strong>lu·</strong></span> 
     </span>
    </p>
   </div>
   <div class='ocr_carea' id='block_1_6' title="bbox 1573 1218 2663 2284">
    <p class='ocr_par' dir='ltr' id='par_1_8' title="bbox 1573 1218 2657 1592">
     <span class='ocr_line' id='line_1_61' title="bbox 1573 1218 2657 1285; baseline -0.003 -14"><span class='ocrx_word' id='word_1_330' title='bbox 1573 1222 1653 1271; x_wconf 89' lang='lat' dir='ltr'><strong>dit</strong></span> <span class='ocrx_word' id='word_1_331' title='bbox 1671 1229 1843 1272; x_wconf 83' lang='lat' dir='ltr'><strong>autem</strong></span> <span class='ocrx_word' id='word_1_332' title='bbox 1869 1223 1921 1272; x_wconf 88' lang='lat' dir='ltr'><strong>in</strong></span> <span class='ocrx_word' id='word_1_333' title='bbox 1945 1221 2237 1271; x_wconf 84' lang='lat' dir='ltr'><strong>nominibus</strong></span> <span class='ocrx_word' id='word_1_334' title='bbox 2272 1221 2388 1285; x_wconf 86' lang='lat' dir='ltr'><strong>ejus</strong></span> <span class='ocrx_word' id='word_1_335' title='bbox 2407 1218 2657 1280; x_wconf 77' lang='lat' dir='ltr'><strong>artifieii5</strong></span> 
     </span>
     <span class='ocr_line' id='line_1_62' title="bbox 1574 1295 2654 1349; baseline -0.005 0"><span class='ocrx_word' id='word_1_336' title='bbox 1574 1305 1840 1349; x_wconf 83' lang='lat' dir='ltr'><strong>tonsorum</strong></span> <span class='ocrx_word' id='word_1_337' title='bbox 1861 1299 1996 1348; x_wconf 89' lang='lat' dir='ltr'><strong>enim</strong></span> <span class='ocrx_word' id='word_1_338' title='bbox 2014 1306 2096 1347; x_wconf 82' lang='lat' dir='ltr'><strong>est</strong></span> <span class='ocrx_word' id='word_1_339' title='bbox 2119 1306 2174 1348; x_wconf 88' lang='lat' dir='ltr'><strong>et</strong></span> <span class='ocrx_word' id='word_1_340' title='bbox 2196 1297 2413 1346; x_wconf 88' lang='lat' dir='ltr'><strong>tondere</strong></span> <span class='ocrx_word' id='word_1_341' title='bbox 2433 1302 2492 1346; x_wconf 85' lang='lat' dir='ltr'><strong>et</strong></span> <span class='ocrx_word' id='word_1_342' title='bbox 2506 1295 2654 1346; x_wconf 82' lang='lat' dir='ltr'><strong>rade-</strong></span> 
     </span>
     <span class='ocr_line' id='line_1_63' title="bbox 1575 1372 2657 1438; baseline -0.006 -12"><span class='ocrx_word' id='word_1_343' title='bbox 1575 1391 1652 1426; x_wconf 88' lang='lat' dir='ltr'><strong>re.</strong></span> <span class='ocrx_word' id='word_1_344' title='bbox 1690 1375 1941 1438; x_wconf 75' lang='lat' dir='ltr'><strong>Tonstrix]</strong></span> <span class='ocrx_word' id='word_1_345' title='bbox 1983 1374 2224 1424; x_wconf 79' lang='lat' dir='ltr'><strong>Tonsoris</strong></span> <span class='ocrx_word' id='word_1_346' title='bbox 2244 1387 2394 1424; x_wconf 84' lang='lat' dir='ltr'><strong>uxor.</strong></span> <span class='ocrx_word' id='word_1_347' title='bbox 2430 1372 2657 1433; x_wconf 71' lang='lat' dir='ltr'><strong>Sabura»,</strong></span> 
     </span>
     <span class='ocr_line' id='line_1_64' title="bbox 1573 1448 2656 1516; baseline -0.005 -15"><span class='ocrx_word' id='word_1_348' title='bbox 1573 1452 1681 1516; x_wconf 58' lang='grc' dir='ltr'><strong>ξω]</strong></span> <span class='ocrx_word' id='word_1_349' title='bbox 1708 1451 1941 1501; x_wconf 84' lang='lat' dir='ltr'><strong>Habitat</strong></span> <span class='ocrx_word' id='word_1_350' title='bbox 1961 1451 2013 1499; x_wconf 90' lang='lat' dir='ltr'><strong>in</strong></span> <span class='ocrx_word' id='word_1_351' title='bbox 2038 1450 2184 1500; x_wconf 86' lang='lat' dir='ltr'><strong>aditu</strong></span> <span class='ocrx_word' id='word_1_352' title='bbox 2202 1449 2443 1513; x_wconf 81' lang='lat' dir='ltr'><strong>Suburae,</strong></span> <span class='ocrx_word' id='word_1_353' title='bbox 2457 1448 2526 1498; x_wconf 88' lang='lat' dir='ltr'><strong>de</strong></span> <span class='ocrx_word' id='word_1_354' title='bbox 2551 1451 2656 1513; x_wconf 83' lang='lat' dir='ltr'><strong>qua</strong></span> 
     </span>
     <span class='ocr_line' id='line_1_65' title="bbox 1575 1528 2191 1592; baseline 0.002 -15"><span class='ocrx_word' id='word_1_355' title='bbox 1575 1528 1610 1578; x_wconf 93' lang='lat' dir='ltr'><strong>l.</strong></span> <span class='ocrx_word' id='word_1_356' title='bbox 1628 1534 1675 1579; x_wconf 87' lang='lat'><strong>1.</strong></span> <span class='ocrx_word' id='word_1_357' title='bbox 1691 1528 1860 1592; x_wconf 81' lang='lat' dir='ltr'><strong>epigr.</strong></span> <span class='ocrx_word' id='word_1_358' title='bbox 1876 1533 1958 1579; x_wconf 75' lang='lat'><strong>35.</strong></span> <span class='ocrx_word' id='word_1_359' title='bbox 1984 1543 2120 1578; x_wconf 71' lang='grc' dir='ltr'><strong>νει-ε.</strong></span> <span class='ocrx_word' id='word_1_360' title='bbox 2144 1533 2191 1578; x_wconf 83' lang='lat'><strong>5.</strong></span> 
     </span>
    </p>

    <p class='ocr_par' dir='ltr' id='par_1_9' title="bbox 1576 1602 2663 1902">
     <span class='ocr_line' id='line_1_66' title="bbox 1638 1602 2656 1670; baseline -0.003 -15"><span class='ocrx_word' id='word_1_361' title='bbox 1638 1610 1671 1655; x_wconf 75' lang='lat'>2</span> <span class='ocrx_word' id='word_1_362' title='bbox 1708 1606 1939 1669; x_wconf 76' lang='lat' dir='ltr'><strong>cruenta,</strong></span> <span class='ocrx_word' id='word_1_363' title='bbox 1998 1605 2103 1670; x_wconf 57' lang='grc' dir='ltr'><strong>ξω]</strong></span> <span class='ocrx_word' id='word_1_364' title='bbox 2159 1605 2280 1656; x_wconf 83' lang='lat' dir='ltr'><strong>Hoc</strong></span> <span class='ocrx_word' id='word_1_365' title='bbox 2337 1605 2458 1653; x_wconf 89' lang='lat' dir='ltr'><strong>loco</strong></span> <span class='ocrx_word' id='word_1_366' title='bbox 2509 1602 2656 1654; x_wconf 82' lang='lat' dir='ltr'><strong>forte</strong></span> 
     </span>
     <span class='ocr_line' id='line_1_67' title="bbox 1577 1682 2663 1746; baseline -0.003 -14"><span class='ocrx_word' id='word_1_367' title='bbox 1577 1682 1767 1746; x_wconf 83' lang='lat' dir='ltr'><strong>Apollo</strong></span> <span class='ocrx_word' id='word_1_368' title='bbox 1786 1689 1955 1733; x_wconf 84' lang='lat' dir='ltr'><strong>tortor</strong></span> <span class='ocrx_word' id='word_1_369' title='bbox 1974 1683 2163 1733; x_wconf 88' lang='lat' dir='ltr'><strong>cultus.</strong></span> <span class='ocrx_word' id='word_1_370' title='bbox 2184 1683 2333 1733; x_wconf 89' lang='lat' dir='ltr'><strong>Suet.</strong></span> <span class='ocrx_word' id='word_1_371' title='bbox 2349 1685 2397 1732; x_wconf 74' lang='lat'><strong>2.</strong></span> <span class='ocrx_word' id='word_1_372' title='bbox 2416 1685 2663 1731; x_wconf 56' lang='lat' dir='ltr'><strong>⁷0.nam-,</strong></span> 
     </span>
     <span class='ocr_line' id='line_1_68' title="bbox 1576 1757 2661 1824; baseline -0.001 -17"><span class='ocrx_word' id='word_1_373' title='bbox 1576 1774 1678 1824; x_wconf 91' lang='lat' dir='ltr'><strong>que</strong></span> <span class='ocrx_word' id='word_1_374' title='bbox 1710 1759 1793 1809; x_wconf 83' lang='lat' dir='ltr'><strong>bic</strong></span> <span class='ocrx_word' id='word_1_375' title='bbox 1826 1774 2084 1823; x_wconf 83' lang='lat' dir='ltr'><strong>suspensa</strong></span> <span class='ocrx_word' id='word_1_376' title='bbox 2114 1757 2342 1824; x_wconf 81' lang='lat' dir='ltr'><strong>flagella,</strong></span> <span class='ocrx_word' id='word_1_377' title='bbox 2383 1758 2477 1808; x_wconf 89' lang='lat' dir='ltr'><strong>ubi</strong></span> <span class='ocrx_word' id='word_1_378' title='bbox 2498 1758 2661 1808; x_wconf 86' lang='lat' dir='ltr'><strong>male·</strong></span> 
     </span>
     <span class='ocr_line' id='line_1_69' title="bbox 1576 1836 2466 1902; baseline 0 -16"><span class='ocrx_word' id='word_1_379' title='bbox 1576 1836 1663 1887; x_wconf 80' lang='lat' dir='ltr'><strong>fici</strong></span> <span class='ocrx_word' id='word_1_380' title='bbox 1686 1836 1753 1888; x_wconf 88' lang='lat' dir='ltr'><strong>de</strong></span> <span class='ocrx_word' id='word_1_381' title='bbox 1776 1844 1925 1902; x_wconf 79' lang='lat' dir='ltr'><strong>tergo</strong></span> <span class='ocrx_word' id='word_1_382' title='bbox 1948 1837 2248 1901; x_wconf 87' lang='lat' dir='ltr'><strong>pendebant</strong></span> <span class='ocrx_word' id='word_1_383' title='bbox 2264 1850 2466 1901; x_wconf 75' lang='lat' dir='ltr'><strong>poenas.</strong></span> 
     </span>
    </p>

    <p class='ocr_par' dir='ltr' id='par_1_10' title="bbox 1577 1913 2655 2118">
     <span class='ocr_line' id='line_1_70' title="bbox 1642 1913 2654 1979; baseline -0.001 -16"><span class='ocrx_word' id='word_1_384' title='bbox 1642 1918 1673 1963; x_wconf 76' lang='lat'><strong>3</strong></span> <span class='ocrx_word' id='word_1_385' title='bbox 1708 1914 2067 1979; x_wconf 42' lang='lat' dir='ltr'><strong>Armanas-cd</strong></span> <span class='ocrx_word' id='word_1_386' title='bbox 2099 1913 2393 1979; x_wconf 81' lang='lat' dir='ltr'><strong>Argiletum</strong></span> <span class='ocrx_word' id='word_1_387' title='bbox 2418 1922 2654 1965; x_wconf 80' lang='lat' dir='ltr'><strong>sutorum</strong></span> 
     </span>
     <span class='ocr_line' id='line_1_71' title="bbox 1580 1988 2655 2055; baseline 0 -16"><span class='ocrx_word' id='word_1_388' title='bbox 1580 1989 1812 2041; x_wconf 84' lang='lat' dir='ltr'><strong>tabernis</strong></span> <span class='ocrx_word' id='word_1_389' title='bbox 1857 1988 2135 2055; x_wconf 68' lang='lat' dir='ltr'><strong>frequens.</strong></span> <span class='ocrx_word' id='word_1_390' title='bbox 2188 2004 2275 2054; x_wconf 89' lang='lat' dir='ltr'><strong>ep.</strong></span> <span class='ocrx_word' id='word_1_391' title='bbox 2336 1993 2450 2040; x_wconf 80' lang='lat'><strong>118.</strong></span> <span class='ocrx_word' id='word_1_392' title='bbox 2507 1990 2548 2038; x_wconf 91' lang='lat' dir='ltr'><strong>l.</strong></span> <span class='ocrx_word' id='word_1_393' title='bbox 2607 1993 2655 2039; x_wconf 89' lang='lat'><strong>1.</strong></span> 
     </span>
     <span class='ocr_line' id='line_1_72' title="bbox 1577 2066 1792 2118; baseline -0.005 0"><span class='ocrx_word' id='word_1_394' title='bbox 1577 2066 1792 2118; x_wconf 80' lang='lat' dir='ltr'><strong>Tmesis.</strong></span> 
     </span>
    </p>

    <p class='ocr_par' dir='ltr' id='par_1_11' title="bbox 1582 2139 2654 2284">
     <span class='ocr_line' id='line_1_73' title="bbox 1642 2139 2654 2206; baseline -0.003 -14"><span class='ocrx_word' id='word_1_395' title='bbox 1642 2149 1673 2192; x_wconf 80' lang='lat'>⁵</span> <span class='ocrx_word' id='word_1_396' title='bbox 1714 2144 1823 2194; x_wconf 75' lang='lat' dir='ltr'><strong>Non</strong></span> <span class='ocrx_word' id='word_1_397' title='bbox 1844 2145 2038 2206; x_wconf 68' lang='lat' dir='ltr'><strong>tondet,</strong></span> <span class='ocrx_word' id='word_1_398' title='bbox 2065 2141 2245 2205; x_wconf 73' lang='lat' dir='ltr'><strong>inquis,</strong></span> <span class='ocrx_word' id='word_1_399' title='bbox 2256 2140 2367 2205; x_wconf 57' lang='grc' dir='ltr'><strong>ξω]</strong></span> <span class='ocrx_word' id='word_1_400' title='bbox 2399 2139 2511 2191; x_wconf 89' lang='lat' dir='ltr'><strong>Alii</strong></span> <span class='ocrx_word' id='word_1_401' title='bbox 2549 2140 2654 2203; x_wconf 77' lang='lat' dir='ltr'><strong>leg.</strong></span> 
     </span>
     <span class='ocr_line' id='line_1_74' title="bbox 1582 2218 2654 2284; baseline -0.007 -12"><span class='ocrx_word' id='word_1_402' title='bbox 1582 2223 1697 2272; x_wconf 78' lang='lat' dir='ltr'><strong>Non</strong></span> <span class='ocrx_word' id='word_1_403' title='bbox 1711 2223 1900 2284; x_wconf 74' lang='lat' dir='ltr'><strong>tondet,</strong></span> <span class='ocrx_word' id='word_1_404' title='bbox 1921 2220 2100 2284; x_wconf 74' lang='lat' dir='ltr'><strong>inquis,</strong></span> <span class='ocrx_word' id='word_1_405' title='bbox 2120 2234 2233 2281; x_wconf 78' lang='lat' dir='ltr'><strong>ergo</strong></span> <span class='ocrx_word' id='word_1_406' title='bbox 2252 2218 2543 2282; x_wconf 76' lang='lat' dir='ltr'><strong>qtu&#39;dsucis?</strong></span> <span class='ocrx_word' id='word_1_407' title='bbox 2575 2233 2654 2266; x_wconf 81' lang='lat' dir='ltr'><strong>ra-</strong></span> 
     </span>
    </p>
   </div>
   <div class='ocr_carea' id='block_1_7' title="bbox 1559 2295 2655 2362">
    <p class='ocr_par' dir='ltr' id='par_1_12' title="bbox 1559 2295 2655 2362">
     <span class='ocr_line' id='line_1_75' title="bbox 1559 2295 2655 2362; baseline -0.006 -13"><span class='ocrx_word' id='word_1_408' title='bbox 1559 2299 1678 2350; x_wconf 78' lang='lat' dir='ltr'><strong>·dit:</strong></span> <span class='ocrx_word' id='word_1_409' title='bbox 1707 2298 1953 2362; x_wconf 82' lang='lat' dir='ltr'><strong>Anglice,</strong></span> <span class='ocrx_word' id='word_1_410' title='bbox 1973 2299 2056 2356; x_wconf 65' lang='lat' dir='ltr'><strong>she</strong></span> <span class='ocrx_word' id='word_1_411' title='bbox 2070 2296 2114 2345; x_wconf 75' lang='lat' dir='ltr'><strong>is</strong></span> <span class='ocrx_word' id='word_1_412' title='bbox 2132 2312 2163 2345; x_wconf 82' lang='lat' dir='ltr'><strong>a</strong></span> <span class='ocrx_word' id='word_1_413' title='bbox 2181 2296 2350 2346; x_wconf 60' lang='lat' dir='ltr'><strong>sliam</strong></span> <span class='ocrx_word' id='word_1_414' title='bbox 2363 2312 2381 2346; x_wconf 91' lang='lat'><strong>.·</strong></span> <span class='ocrx_word' id='word_1_415' title='bbox 2407 2295 2551 2345; x_wconf 87' lang='lat' dir='ltr'><strong>radit</strong></span> <span class='ocrx_word' id='word_1_416' title='bbox 2566 2308 2655 2357; x_wconf 82' lang='lat' dir='ltr'><strong>pe-</strong></span> 
     </span>
    </p>
   </div>
   <div class='ocr_carea' id='block_1_8' title="bbox 1571 2368 2687 4275">
    <p class='ocr_par' dir='ltr' id='par_1_13' title="bbox 1577 2368 2687 2759">
     <span class='ocr_line' id='line_1_76' title="bbox 1580 2368 2655 2436; baseline -0.007 -9"><span class='ocrx_word' id='word_1_417' title='bbox 1580 2376 1778 2435; x_wconf 85' lang='lat' dir='ltr'><strong>cunias,</strong></span> <span class='ocrx_word' id='word_1_418' title='bbox 1800 2375 2138 2435; x_wconf 77' lang='lat' dir='ltr'><strong>moechorum,</strong></span> <span class='ocrx_word' id='word_1_419' title='bbox 2159 2373 2243 2423; x_wconf 81' lang='lat' dir='ltr'><strong>vel</strong></span> <span class='ocrx_word' id='word_1_420' title='bbox 2282 2372 2474 2436; x_wconf 85' lang='lat' dir='ltr'><strong>glubit,</strong></span> <span class='ocrx_word' id='word_1_421' title='bbox 2504 2368 2655 2435; x_wconf 75' lang='grc' dir='ltr'>τρίβει</span> 
     </span>
     <span class='ocr_line' id='line_1_77' title="bbox 1577 2449 2655 2517; baseline -0.007 -12"><span class='ocrx_word' id='word_1_422' title='bbox 1577 2453 1641 2506; x_wconf 75' lang='grc' dir='ltr'><strong>τὰ</strong></span> <span class='ocrx_word' id='word_1_423' title='bbox 1653 2454 1863 2517; x_wconf 75' lang='grc' dir='ltr'><strong>σχοινία,</strong></span> <span class='ocrx_word' id='word_1_424' title='bbox 1883 2455 1898 2480; x_wconf 90' lang='lat'>‘</span> <span class='ocrx_word' id='word_1_425' title='bbox 1917 2460 2194 2517; x_wconf 85' lang='lat' dir='ltr'><strong>manetque</strong></span> <span class='ocrx_word' id='word_1_426' title='bbox 2216 2450 2273 2499; x_wconf 88' lang='lat' dir='ltr'><strong>in</strong></span> <span class='ocrx_word' id='word_1_427' title='bbox 2288 2449 2525 2504; x_wconf 78' lang='lat' dir='ltr'><strong>terminis</strong></span> <span class='ocrx_word' id='word_1_428' title='bbox 2542 2455 2655 2500; x_wconf 83' lang='lat' dir='ltr'><strong>ton-</strong></span> 
     </span>
     <span class='ocr_line' id='line_1_78' title="bbox 1580 2526 2653 2595; baseline -0.009 -12"><span class='ocrx_word' id='word_1_429' title='bbox 1580 2532 1768 2586; x_wconf 84' lang='lat' dir='ltr'><strong>soriis.’</strong></span> <span class='ocrx_word' id='word_1_430' title='bbox 1833 2532 1926 2581; x_wconf 85' lang='lat' dir='ltr'><strong>Sic</strong></span> <span class='ocrx_word' id='word_1_431' title='bbox 1962 2532 2091 2595; x_wconf 73' lang='grc' dir='ltr'><strong>ενρεῖ</strong></span> <span class='ocrx_word' id='word_1_432' title='bbox 2124 2530 2175 2580; x_wconf 76' lang='grc' dir='ltr'><strong>ἐν</strong></span> <span class='ocrx_word' id='word_1_433' title='bbox 2207 2527 2577 2593; x_wconf 71' lang='grc' dir='ltr'><strong>χρῷδορὶιοοί.</strong></span> <span class='ocrx_word' id='word_1_434' title='bbox 2598 2526 2653 2574; x_wconf 89' lang='lat' dir='ltr'><strong>in</strong></span> 
     </span>
     <span class='ocr_line' id='line_1_79' title="bbox 1582 2603 2657 2674; baseline -0.007 -15"><span class='ocrx_word' id='word_1_435' title='bbox 1582 2619 1844 2673; x_wconf 73' lang='grc' dir='ltr'><strong>μαστιγοφ.</strong></span> <span class='ocrx_word' id='word_1_436' title='bbox 1862 2608 2082 2674; x_wconf 73' lang='grc' dir='ltr'><strong>παροιμία</strong></span> <span class='ocrx_word' id='word_1_437' title='bbox 2109 2608 2186 2657; x_wconf 66' lang='grc' dir='ltr'><strong>ἐπὶ</strong></span> <span class='ocrx_word' id='word_1_438' title='bbox 2227 2610 2322 2657; x_wconf 74' lang='grc' dir='ltr'><strong>τῶν</strong></span> <span class='ocrx_word' id='word_1_439' title='bbox 2358 2603 2657 2657; x_wconf 75' lang='grc' dir='ltr'><strong>ἑπικινδύνων</strong></span> 
     </span>
     <span class='ocr_line' id='line_1_80' title="bbox 1580 2685 2687 2759; baseline -0.005 -22"><span class='ocrx_word' id='word_1_440' title='bbox 1580 2685 1887 2759; x_wconf 54' lang='lat' dir='ltr'><strong>amuda-w,</strong></span> <span class='ocrx_word' id='word_1_441' title='bbox 1918 2688 2087 2753; x_wconf 85' lang='lat' dir='ltr'><strong>iuquit</strong></span> <span class='ocrx_word' id='word_1_442' title='bbox 2111 2686 2391 2750; x_wconf 77' lang='lat' dir='ltr'><strong>interpres.</strong></span> <span class='ocrx_word' id='word_1_443' title='bbox 2683 2741 2687 2745; x_wconf 26' lang='lat'>¹</span> 
     </span>
    </p>

    <p class='ocr_par' dir='ltr' id='par_1_14' title="bbox 1571 2761 2653 4059">
     <span class='ocr_line' id='line_1_81' title="bbox 1648 2761 2652 2839; baseline -0.006 -22"><span class='ocrx_word' id='word_1_444' title='bbox 1648 2768 1815 2839; x_wconf 52' lang='lat' dir='ltr'><strong>Eme,</strong></span> <span class='ocrx_word' id='word_1_445' title='bbox 1849 2776 2017 2817; x_wconf 78' lang='lat' dir='ltr'><strong>xvm.</strong></span> <span class='ocrx_word' id='word_1_446' title='bbox 2070 2770 2097 2815; x_wconf 89' lang='lat'>1</span> <span class='ocrx_word' id='word_1_447' title='bbox 2137 2767 2291 2828; x_wconf 74' lang='lat' dir='ltr'><strong>Capto</strong></span> <span class='ocrx_word' id='word_1_448' title='bbox 2347 2769 2506 2826; x_wconf 79' lang='lat' dir='ltr'><strong>tunm,</strong></span> <span class='ocrx_word' id='word_1_449' title='bbox 2547 2761 2652 2826; x_wconf 59' lang='grc' dir='ltr'><strong>ξω]</strong></span> 
     </span>
     <span class='ocr_line' id='line_1_82' title="bbox 1579 2839 2651 2903; baseline -0.006 -9"><span class='ocrx_word' id='word_1_450' title='bbox 1579 2845 1792 2894; x_wconf 86' lang='lat' dir='ltr'><strong>Festive</strong></span> <span class='ocrx_word' id='word_1_451' title='bbox 1862 2844 2095 2893; x_wconf 83' lang='lat' dir='ltr'><strong>Maximo</strong></span> <span class='ocrx_word' id='word_1_452' title='bbox 2157 2841 2429 2903; x_wconf 87' lang='lat' dir='ltr'><strong>valedicit,</strong></span> <span class='ocrx_word' id='word_1_453' title='bbox 2503 2839 2651 2902; x_wconf 75' lang='lat' dir='ltr'><strong>eujus</strong></span> 
     </span>
     <span class='ocr_line' id='line_1_83' title="bbox 1578 2915 2651 2984; baseline -0.01 -11"><span class='ocrx_word' id='word_1_454' title='bbox 1578 2922 1743 2972; x_wconf 85' lang='lat' dir='ltr'><strong>cliens</strong></span> <span class='ocrx_word' id='word_1_455' title='bbox 1761 2920 1965 2984; x_wconf 84' lang='lat' dir='ltr'><strong>fuerat;</strong></span> <span class='ocrx_word' id='word_1_456' title='bbox 2000 2926 2055 2969; x_wconf 87' lang='lat' dir='ltr'><strong>et</strong></span> <span class='ocrx_word' id='word_1_457' title='bbox 2076 2934 2283 2970; x_wconf 79' lang='lat' dir='ltr'><strong>causam</strong></span> <span class='ocrx_word' id='word_1_458' title='bbox 2303 2917 2498 2979; x_wconf 86' lang='lat' dir='ltr'><strong>reddit,</strong></span> <span class='ocrx_word' id='word_1_459' title='bbox 2515 2915 2651 2982; x_wconf 89' lang='lat' dir='ltr'><strong>quod</strong></span> 
     </span>
     <span class='ocr_line' id='line_1_84' title="bbox 1577 2993 2652 3062; baseline -0.006 -16"><span class='ocrx_word' id='word_1_460' title='bbox 1577 2996 1843 3052; x_wconf 83' lang='lat' dir='ltr'><strong>Maximus</strong></span> <span class='ocrx_word' id='word_1_461' title='bbox 1864 2996 1977 3062; x_wconf 87' lang='lat' dir='ltr'><strong>ipse</strong></span> <span class='ocrx_word' id='word_1_462' title='bbox 1998 2996 2162 3046; x_wconf 80' lang='lat' dir='ltr'><strong>cliens</strong></span> <span class='ocrx_word' id='word_1_463' title='bbox 2186 3001 2330 3045; x_wconf 85' lang='lat' dir='ltr'><strong>esset</strong></span> <span class='ocrx_word' id='word_1_464' title='bbox 2354 2993 2573 3044; x_wconf 77' lang='lat' dir='ltr'><strong>alterius</strong></span> <span class='ocrx_word' id='word_1_465' title='bbox 2596 2999 2652 3041; x_wconf 92' lang='lat' dir='ltr'><strong>et</strong></span> 
     </span>
     <span class='ocr_line' id='line_1_85' title="bbox 1579 3071 2651 3138; baseline 0.001 -17"><span class='ocrx_word' id='word_1_466' title='bbox 1579 3074 1845 3138; x_wconf 84' lang='lat' dir='ltr'><strong>eoenipeta</strong></span> <span class='ocrx_word' id='word_1_467' title='bbox 1878 3073 2069 3123; x_wconf 89' lang='lat' dir='ltr'><strong>etiam:</strong></span> <span class='ocrx_word' id='word_1_468' title='bbox 2109 3088 2210 3137; x_wconf 88' lang='lat' dir='ltr'><strong>quo</strong></span> <span class='ocrx_word' id='word_1_469' title='bbox 2241 3071 2448 3121; x_wconf 86' lang='lat' dir='ltr'><strong>nomine</strong></span> <span class='ocrx_word' id='word_1_470' title='bbox 2474 3083 2651 3134; x_wconf 81' lang='lat' dir='ltr'><strong>parem</strong></span> 
     </span>
     <span class='ocr_line' id='line_1_86' title="bbox 1577 3148 2653 3215; baseline -0.004 -15"><span class='ocrx_word' id='word_1_471' title='bbox 1577 3150 1711 3212; x_wconf 84' lang='lat' dir='ltr'><strong>dicit</strong></span> <span class='ocrx_word' id='word_1_472' title='bbox 1733 3157 2011 3215; x_wconf 85' lang='lat' dir='ltr'><strong>utrumque</strong></span> <span class='ocrx_word' id='word_1_473' title='bbox 2034 3164 2151 3206; x_wconf 84' lang='lat' dir='ltr'><strong>esse</strong></span> <span class='ocrx_word' id='word_1_474' title='bbox 2166 3165 2188 3210; x_wconf 76' lang='lat'>3</span> <span class='ocrx_word' id='word_1_475' title='bbox 2221 3156 2281 3198; x_wconf 86' lang='lat' dir='ltr'><strong>et</strong></span> <span class='ocrx_word' id='word_1_476' title='bbox 2298 3148 2510 3198; x_wconf 86' lang='lat' dir='ltr'><strong>tandem</strong></span> <span class='ocrx_word' id='word_1_477' title='bbox 2533 3160 2653 3196; x_wconf 87' lang='lat' dir='ltr'><strong>con·</strong></span> 
     </span>
     <span class='ocr_line' id='line_1_87' title="bbox 1576 3221 2651 3280; baseline -0.01 -1"><span class='ocrx_word' id='word_1_478' title='bbox 1576 3227 1743 3280; x_wconf 87' lang='lat' dir='ltr'><strong>cludit</strong></span> <span class='ocrx_word' id='word_1_479' title='bbox 1775 3242 1879 3278; x_wconf 88' lang='lat' dir='ltr'><strong>non</strong></span> <span class='ocrx_word' id='word_1_480' title='bbox 1913 3226 2110 3278; x_wconf 85' lang='lat' dir='ltr'><strong>debere</strong></span> <span class='ocrx_word' id='word_1_481' title='bbox 2141 3225 2393 3276; x_wconf 88' lang='lat' dir='ltr'><strong>clientem</strong></span> <span class='ocrx_word' id='word_1_482' title='bbox 2436 3221 2651 3273; x_wconf 86' lang='lat' dir='ltr'><strong>alterius</strong></span> 
     </span>
     <span class='ocr_line' id='line_1_88' title="bbox 1576 3297 2650 3370; baseline -0.009 -15"><span class='ocrx_word' id='word_1_483' title='bbox 1576 3319 1712 3367; x_wconf 85' lang='lat' dir='ltr'><strong>esse,</strong></span> <span class='ocrx_word' id='word_1_484' title='bbox 1753 3304 1843 3369; x_wconf 88' lang='lat' dir='ltr'><strong>qui</strong></span> <span class='ocrx_word' id='word_1_485' title='bbox 1879 3305 1994 3354; x_wconf 85' lang='lat' dir='ltr'><strong>vult</strong></span> <span class='ocrx_word' id='word_1_486' title='bbox 2015 3302 2209 3370; x_wconf 83' lang='lat' dir='ltr'><strong>babere</strong></span> <span class='ocrx_word' id='word_1_487' title='bbox 2247 3302 2493 3352; x_wconf 87' lang='lat' dir='ltr'><strong>clientes.</strong></span> <span class='ocrx_word' id='word_1_488' title='bbox 2552 3297 2650 3346; x_wconf 77' lang='lat' dir='ltr'><strong>Ra·</strong></span> 
     </span>
     <span class='ocr_line' id='line_1_89' title="bbox 1576 3382 2649 3446; baseline -0.009 -11"><span class='ocrx_word' id='word_1_489' title='bbox 1576 3383 1738 3435; x_wconf 77' lang='lat' dir='ltr'><strong>mir-es.</strong></span> <span class='ocrx_word' id='word_1_490' title='bbox 1804 3383 1919 3446; x_wconf 86' lang='lat' dir='ltr'><strong>Ego</strong></span> <span class='ocrx_word' id='word_1_491' title='bbox 1961 3389 2012 3432; x_wconf 86' lang='lat' dir='ltr'><strong>te</strong></span> <span class='ocrx_word' id='word_1_492' title='bbox 2054 3395 2150 3445; x_wconf 91' lang='lat' dir='ltr'><strong>pro</strong></span> <span class='ocrx_word' id='word_1_493' title='bbox 2183 3394 2308 3443; x_wconf 69' lang='lat' dir='ltr'><strong>rege</strong></span> <span class='ocrx_word' id='word_1_494' title='bbox 2340 3392 2457 3430; x_wconf 86' lang='lat' dir='ltr'><strong>meo</strong></span> <span class='ocrx_word' id='word_1_495' title='bbox 2480 3382 2537 3426; x_wconf 89' lang='lat' dir='ltr'><strong>et</strong></span> <span class='ocrx_word' id='word_1_496' title='bbox 2559 3388 2649 3441; x_wconf 80' lang='lat' dir='ltr'><strong>pa·</strong></span> 
     </span>
     <span class='ocr_line' id='line_1_90' title="bbox 1576 3454 2649 3520; baseline -0.009 -9"><span class='ocrx_word' id='word_1_497' title='bbox 1576 3466 1729 3512; x_wconf 88' lang='lat' dir='ltr'><strong>trono</strong></span> <span class='ocrx_word' id='word_1_498' title='bbox 1767 3457 2077 3520; x_wconf 82' lang='lat' dir='ltr'><strong>salutabam,</strong></span> <span class='ocrx_word' id='word_1_499' title='bbox 2118 3454 2434 3516; x_wconf 86' lang='lat' dir='ltr'><strong>comitabar,</strong></span> <span class='ocrx_word' id='word_1_500' title='bbox 2476 3465 2649 3519; x_wconf 84' lang='lat' dir='ltr'><strong>prose-</strong></span> 
     </span>
     <span class='ocr_line' id='line_1_91' title="bbox 1576 3532 2652 3601; baseline -0.01 -14"><span class='ocrx_word' id='word_1_501' title='bbox 1576 3538 1793 3601; x_wconf 87' lang='lat' dir='ltr'><strong>quebar,</strong></span> <span class='ocrx_word' id='word_1_502' title='bbox 1839 3549 2039 3585; x_wconf 88' lang='lat' dir='ltr'><strong>coenam</strong></span> <span class='ocrx_word' id='word_1_503' title='bbox 2092 3534 2218 3589; x_wconf 78' lang='lat' dir='ltr'><strong>hinc,</strong></span> <span class='ocrx_word' id='word_1_504' title='bbox 2254 3532 2652 3597; x_wconf 86' lang='lat' dir='ltr'><strong>promeriturus,</strong></span> 
     </span>
     <span class='ocr_line' id='line_1_92' title="bbox 1578 3610 2649 3679; baseline -0.003 -16"><span class='ocrx_word' id='word_1_505' title='bbox 1578 3628 1749 3679; x_wconf 83' lang='lat' dir='ltr'><strong>neque</strong></span> <span class='ocrx_word' id='word_1_506' title='bbox 1773 3611 1978 3675; x_wconf 85' lang='lat' dir='ltr'><strong>negabo</strong></span> <span class='ocrx_word' id='word_1_507' title='bbox 1993 3625 2077 3662; x_wconf 90' lang='lat' dir='ltr'><strong>me</strong></span> <span class='ocrx_word' id='word_1_508' title='bbox 2098 3610 2220 3664; x_wconf 85' lang='lat' dir='ltr'><strong>hinc</strong></span> <span class='ocrx_word' id='word_1_509' title='bbox 2244 3623 2447 3662; x_wconf 85' lang='lat' dir='ltr'><strong>coenam</strong></span> <span class='ocrx_word' id='word_1_510' title='bbox 2469 3613 2649 3670; x_wconf 80' lang='lat' dir='ltr'><strong>capta-</strong></span> 
     </span>
     <span class='ocr_line' id='line_1_93' title="bbox 1578 3681 2645 3742; baseline -0.006 -3"><span class='ocrx_word' id='word_1_511' title='bbox 1578 3704 1663 3742; x_wconf 72' lang='lat' dir='ltr'><strong>ret</strong></span> <span class='ocrx_word' id='word_1_512' title='bbox 1697 3689 1790 3740; x_wconf 83' lang='lat' dir='ltr'><strong>sed</strong></span> <span class='ocrx_word' id='word_1_513' title='bbox 1814 3696 1871 3741; x_wconf 87' lang='lat' dir='ltr'><strong>et</strong></span> <span class='ocrx_word' id='word_1_514' title='bbox 1897 3696 1951 3739; x_wconf 87' lang='lat' dir='ltr'><strong>te</strong></span> <span class='ocrx_word' id='word_1_515' title='bbox 1975 3687 2128 3740; x_wconf 85' lang='lat' dir='ltr'><strong>video</strong></span> <span class='ocrx_word' id='word_1_516' title='bbox 2159 3688 2346 3738; x_wconf 86' lang='lat' dir='ltr'><strong>eadem</strong></span> <span class='ocrx_word' id='word_1_517' title='bbox 2367 3687 2511 3737; x_wconf 89' lang='lat' dir='ltr'><strong>obire</strong></span> <span class='ocrx_word' id='word_1_518' title='bbox 2537 3681 2645 3735; x_wconf 86' lang='lat' dir='ltr'><strong>offi-</strong></span> 
     </span>
     <span class='ocr_line' id='line_1_94' title="bbox 1575 3762 2650 3831; baseline -0.008 -13"><span class='ocrx_word' id='word_1_519' title='bbox 1575 3767 1659 3820; x_wconf 83' lang='lat' dir='ltr'><strong>cia</strong></span> <span class='ocrx_word' id='word_1_520' title='bbox 1702 3766 1951 3831; x_wconf 84' lang='lat' dir='ltr'><strong>(namque</strong></span> <span class='ocrx_word' id='word_1_521' title='bbox 1984 3765 2083 3817; x_wconf 87' lang='lat' dir='ltr'><strong>boc</strong></span> <span class='ocrx_word' id='word_1_522' title='bbox 2106 3764 2371 3816; x_wconf 80' lang='lat' dir='ltr'><strong>faciebant</strong></span> <span class='ocrx_word' id='word_1_523' title='bbox 2389 3762 2650 3829; x_wconf 88' lang='lat' dir='ltr'><strong>potentio·</strong></span> 
     </span>
     <span class='ocr_line' id='line_1_95' title="bbox 1575 3840 2642 3907; baseline -0.001 -14"><span class='ocrx_word' id='word_1_524' title='bbox 1575 3858 1682 3893; x_wconf 86' lang='lat' dir='ltr'><strong>res.</strong></span> <span class='ocrx_word' id='word_1_525' title='bbox 1691 3843 1882 3895; x_wconf 84' lang='lat' dir='ltr'><strong>Juven.</strong></span> <span class='ocrx_word' id='word_1_526' title='bbox 1896 3843 2004 3892; x_wconf 88' lang='lat' dir='ltr'><strong>Sat.</strong></span> <span class='ocrx_word' id='word_1_527' title='bbox 2025 3846 2070 3891; x_wconf 93' lang='lat'><strong>1.</strong></span> <span class='ocrx_word' id='word_1_528' title='bbox 2085 3840 2244 3905; x_wconf 76' lang='lat'><strong>11⁷.);</strong></span> <span class='ocrx_word' id='word_1_529' title='bbox 2259 3841 2642 3907; x_wconf 86' lang='lat' dir='ltr'><strong>quocirca,cum</strong></span> 
     </span>
     <span class='ocr_line' id='line_1_96' title="bbox 1574 3916 2642 3984; baseline -0.004 -17"><span class='ocrx_word' id='word_1_530' title='bbox 1574 3918 1670 3968; x_wconf 87' lang='lat' dir='ltr'><strong>tibi</strong></span> <span class='ocrx_word' id='word_1_531' title='bbox 1699 3934 1794 3984; x_wconf 88' lang='lat' dir='ltr'><strong>par</strong></span> <span class='ocrx_word' id='word_1_532' title='bbox 1814 3919 1928 3981; x_wconf 88' lang='lat' dir='ltr'><strong>sim,</strong></span> <span class='ocrx_word' id='word_1_533' title='bbox 1946 3918 2192 3968; x_wconf 89' lang='lat' dir='ltr'><strong>renuntio</strong></span> <span class='ocrx_word' id='word_1_534' title='bbox 2227 3925 2332 3970; x_wconf 66' lang='lat' dir='ltr'><strong>tuae</strong></span> <span class='ocrx_word' id='word_1_535' title='bbox 2367 3916 2642 3977; x_wconf 73' lang='lat' dir='ltr'><strong>clientelae,</strong></span> 
     </span>
     <span class='ocr_line' id='line_1_97' title="bbox 1571 3994 2386 4059; baseline -0.001 -13"><span class='ocrx_word' id='word_1_536' title='bbox 1571 3995 1692 4046; x_wconf 88' lang='lat' dir='ltr'><strong>nolo</strong></span> <span class='ocrx_word' id='word_1_537' title='bbox 1714 4008 1832 4044; x_wconf 84' lang='lat' dir='ltr'><strong>esse</strong></span> <span class='ocrx_word' id='word_1_538' title='bbox 1854 3994 2019 4044; x_wconf 83' lang='lat' dir='ltr'><strong>cliens</strong></span> <span class='ocrx_word' id='word_1_539' title='bbox 2037 3994 2269 4059; x_wconf 74' lang='lat' dir='ltr'><strong>clientis,</strong></span> <span class='ocrx_word' id='word_1_540' title='bbox 2287 3998 2386 4046; x_wconf 68' lang='lat' dir='ltr'><strong>dte.</strong></span> 
     </span>
    </p>

    <p class='ocr_par' dir='ltr' id='par_1_15' title="bbox 1571 4065 2639 4275">
     <span class='ocr_line' id='line_1_98' title="bbox 1636 4065 2639 4136; baseline -0.006 -15"><span class='ocrx_word' id='word_1_541' title='bbox 1636 4077 1667 4121; x_wconf 82' lang='lat'><strong>5</strong></span> <span class='ocrx_word' id='word_1_542' title='bbox 1706 4072 1874 4121; x_wconf 85' lang='lat' dir='ltr'><strong>Comes</strong></span> <span class='ocrx_word' id='word_1_543' title='bbox 1908 4072 2009 4135; x_wconf 80' lang='lat' dir='ltr'><strong>ipse</strong></span> <span class='ocrx_word' id='word_1_544' title='bbox 2044 4071 2178 4136; x_wconf 79' lang='lat' dir='ltr'><strong>tuus]</strong></span> <span class='ocrx_word' id='word_1_545' title='bbox 2211 4074 2398 4124; x_wconf 88' lang='lat' dir='ltr'><strong>Comes</strong></span> <span class='ocrx_word' id='word_1_546' title='bbox 2430 4077 2531 4128; x_wconf 83' lang='lat' dir='ltr'><strong>est,</strong></span> <span class='ocrx_word' id='word_1_547' title='bbox 2552 4065 2639 4133; x_wconf 89' lang='lat' dir='ltr'><strong>qui</strong></span> 
     </span>
     <span class='ocr_line' id='line_1_99' title="bbox 1571 4146 2637 4211; baseline -0.008 -13"><span class='ocrx_word' id='word_1_548' title='bbox 1571 4148 1708 4198; x_wconf 85' lang='lat' dir='ltr'><strong>latus</strong></span> <span class='ocrx_word' id='word_1_549' title='bbox 1730 4148 1889 4210; x_wconf 86' lang='lat' dir='ltr'><strong>tegit,</strong></span> <span class='ocrx_word' id='word_1_550' title='bbox 1927 4148 2135 4198; x_wconf 84' lang='lat' dir='ltr'><strong>honoris</strong></span> <span class='ocrx_word' id='word_1_551' title='bbox 2157 4149 2357 4211; x_wconf 84' lang='lat' dir='ltr'><strong>gratia:</strong></span> <span class='ocrx_word' id='word_1_552' title='bbox 2394 4146 2560 4196; x_wconf 80' lang='lat' dir='ltr'><strong>dictus</strong></span> <span class='ocrx_word' id='word_1_553' title='bbox 2583 4148 2637 4190; x_wconf 90' lang='lat' dir='ltr'><strong>et</strong></span> 
     </span>
     <span class='ocr_line' id='line_1_100' title="bbox 1571 4218 2637 4275; baseline -0.006 -2"><span class='ocrx_word' id='word_1_554' title='bbox 1571 4223 1874 4274; x_wconf 86' lang='lat' dir='ltr'><strong>‘Exterior&#39;</strong></span> <span class='ocrx_word' id='word_1_555' title='bbox 1905 4238 1997 4273; x_wconf 85' lang='lat' dir='ltr'><strong>seu</strong></span> <span class='ocrx_word' id='word_1_556' title='bbox 2035 4224 2267 4275; x_wconf 82' lang='lat' dir='ltr'><strong>‘latero.’</strong></span> <span class='ocrx_word' id='word_1_557' title='bbox 2330 4218 2637 4275; x_wconf 75' lang='lat' dir='ltr'><strong>Anteambulo</strong></span> 
     </span>
    </p>
   </div>
   <div class='ocr_carea' id='block_1_9' title="bbox 420 4295 2636 4366">
    <p class='ocr_par' dir='ltr' id='par_1_16' title="bbox 420 4295 2636 4366">
     <span class='ocr_line' id='line_1_101' title="bbox 420 4295 2636 4366; baseline 0 -20"><span class='ocrx_word' id='word_1_558' title='bbox 420 4302 533 4348; x_wconf 85' lang='lat' dir='ltr'><strong>tato</strong></span> <span class='ocrx_word' id='word_1_559' title='bbox 550 4297 616 4350; x_wconf 84' lang='lat' dir='ltr'><strong>ab</strong></span> <span class='ocrx_word' id='word_1_560' title='bbox 642 4296 874 4350; x_wconf 79' lang='lat' dir='ltr'><strong>Homero</strong></span> <span class='ocrx_word' id='word_1_561' title='bbox 887 4312 1006 4350; x_wconf 82' lang='lat' dir='ltr'><strong>eum</strong></span> <span class='ocrx_word' id='word_1_562' title='bbox 1022 4297 1186 4354; x_wconf 80' lang='lat' dir='ltr'><strong>fratre</strong></span> <span class='ocrx_word' id='word_1_563' title='bbox 1209 4301 1495 4354; x_wconf 74' lang='lat' dir='ltr'><strong>Podalirio.</strong></span> <span class='ocrx_word' id='word_1_564' title='bbox 1551 4302 1722 4365; x_wconf 74' lang='lat' dir='ltr'><strong>regis]</strong></span> <span class='ocrx_word' id='word_1_565' title='bbox 1754 4300 2109 4353; x_wconf 83' lang='lat' dir='ltr'><strong>Anteambulo</strong></span> <span class='ocrx_word' id='word_1_566' title='bbox 2151 4295 2237 4366; x_wconf 60' lang='lat' dir='ltr'><strong>riui</strong></span> <span class='ocrx_word' id='word_1_567' title='bbox 2261 4297 2514 4366; x_wconf 71' lang='lat' dir='ltr'><strong>praecedit</strong></span> <span class='ocrx_word' id='word_1_568' title='bbox 2547 4308 2636 4358; x_wconf 62' lang='lat' dir='ltr'><strong>‚pa-</strong></span> 
     </span>
    </p>
   </div>
  </div>
 </body>
</html>
