2985 4937
493 363 664 431 1272

487 537 613 575 roua
632 530 687 575 et
712 526 908 579 tonsilis
930 527 1086 590 idem,
1121 538 1178 583 ut
1200 548 1414 598 porrum
1438 551 1548 589 sec-

484 607 596 651 tum
618 609 673 652 et
694 604 896 656 sectile.
941 607 1173 660 Coronas
1197 612 1455 665 interdum
1480 630 1546 665 ex

482 677 699 743 integris
731 680 1001 734 frondibus
1039 694 1096 737 et
1126 688 1344 740 intonsis
1365 699 1546 743 uecte-

481 754 608 805 bant
641 764 866 822 veteres,
905 769 965 812 ut
1004 777 1069 813 ex
1106 763 1273 829 lauro,
1314 769 1452 818 oliva
1488 776 1545 819 et

479 831 609 884 aliis.
675 834 949 888 Interdum
972 855 1039 890 ex
1074 855 1216 892 mero
1250 841 1375 895 folio
1408 843 1544 896 funi-

478 908 611 958 culis
632 923 720 961 eas
744 913 981 966 suebant.
1046 917 1147 968 Hae
1168 919 1185 946 ‘
1208 920 1433 971 tonsiles'
1454 939 1541 974 vo·

476 993 643 1047 catoe3
677 987 779 1038 inae
800 991 1000 1042 nexiles
1024 996 1105 1045 vel
1129 996 1363 1060 plexiles.
1405 1001 1538 1051 Ton-

476 1075 549 1111 sae
573 1064 655 1113 vel
688 1066 919 1130 tonsiles,
955 1069 1075 1121 ideo
1113 1074 1251 1138 quod
1290 1089 1356 1125 ex
1397 1074 1536 1128 foliis

474 1135 711 1189 detonsis
738 1147 898 1194 textae
915 1155 1119 1210 essent;
1154 1152 1238 1201 vel
1258 1153 1395 1217 quod
1409 1153 1536 1206 folia

473 1212 528 1262 in
564 1213 643 1265 his
667 1232 848 1282 parum
880 1223 1189 1289 eminerent,
1221 1234 1465 1295 tanquam
1488 1233 1532 1282 si

473 1296 626 1340 tonsa
660 1302 870 1346 essent:
913 1297 1034 1350 hinc
1069 1304 1283 1355 tonsiles
1325 1314 1532 1373 tapetas

472 1363 711 1420 brevibus
734 1386 795 1422 ac
817 1375 980 1425 tonsis
998 1377 1147 1429 villis.
1169 1381 1320 1435 Salm.
1380 1386 1532 1438 Omne

469 1442 590 1508 iter]
623 1444 782 1496 Urbis
804 1449 949 1502 vicus
972 1457 1153 1508 omnis.

475 1539 483 1549 «
535 1523 598 1568 10
630 1522 782 1574 Mitte
801 1530 910 1577 tuas
929 1532 1120 1597 messes]
1152 1535 1307 1588 Habe
1331 1539 1423 1589 tibi
1450 1555 1530 1592 ro·

468 1610 568 1658 sas,
587 1599 746 1649 mitte*
762 1603 909 1653 nobis
932 1604 1267 1664 frumentum.

530 1676 934 1734 Ena-Lxxxn.
969 1690 996 1734 1
1037 1688 1244 1743 Quidam
1265 1709 1339 1744 me
1375 1699 1529 1761 modo,

462 1750 571 1814 Bm]
604 1753 873 1819 Tanquam
892 1768 1159 1825 empturus
1177 1767 1290 1830 quis
1303 1784 1528 1838 servum,

464 1834 556 1876 aut
605 1830 949 1903 gladiatorem
974 1855 989 1887 z
1046 1843 1301 1908 mancipia
1351 1857 1526 1901 autem

463 1905 663 1955 venalia
701 1913 929 1973 empturi
968 1915 1246 1981 diligenter
1284 1923 1526 1988 inspicie-

460 1976 980 2043 bant‚devestiebant
995 1995 1151 2045 etiam
1165 2005 1219 2050 et
1235 2009 1528 2057 contrecta-

457 2053 601 2108 bant.

523 2138 553 2182 ⁵
588 2136 861 2206 Nequitias,
875 2145 980 2211 ξω]
1003 2151 1393 2217 Epigrammata
1417 2160 1517 2210 las·

458 2209 574 2261 civa
598 2221 653 2262 et
666 2216 870 2280 jocosa.

520 2293 552 2343 6
584 2291 850 2363 Batavum]
885 2302 1188 2358 Lectionem
1221 2311 1372 2376 hanc,
1404 2316 1518 2367 loco

453 2373 661 2433 motam,
693 2374 786 2423 sed
809 2384 920 2442 opt.
944 2383 1075 2434 Mss.
1101 2390 1387 2442 autoritate
1406 2395 1515 2445 vin-

452 2439 701 2512 dicatam,
737 2452 1000 2519 recipiunt
1038 2468 1129 2512 ant
1161 2475 1308 2518 certe
1333 2485 1513 2533 agnos·

449 2530 574 2570 cunt
592 2531 699 2574 tres
718 2527 926 2597 Batavi,
950 2536 1233 2592 clarissima
1254 2545 1513 2599 Martialis

450 2596 661 2663 lumina,
705 2604 873 2657 Hadr.
907 2610 1116 2679 Junius,
1151 2618 1206 2670 J.
1231 2620 1511 2688 Gruterus,

448 2674 596 2727 Petr.
622 2680 941 2738 Scriverius:
968 2698 1024 2741 et
1046 2692 1221 2747 ferunt
1242 2700 1512 2764 aliquanto

446 2751 755 2808 clementius
789 2777 943 2825 quam
980 2783 1192 2835 magnus
1230 2775 1320 2827 ille
1355 2782 1512 2831 Eras-

442 2842 556 2879 mus
576 2841 630 2881 et
664 2838 908 2898 patriotas
930 2844 1051 2895 alii:
1088 2863 1355 2915 exponunt
1377 2859 1512 2909 scili-

442 2912 531 2955 cet
548 2912 801 2971 gratulari
820 2918 919 2968 sibi
940 2921 1181 2987 Poetam,
1196 2932 1333 2991 quod
1364 2933 1507 2997 lega-

441 2988 529 3031 tur
565 2986 631 3035 ab
653 2992 889 3044 omnibus
921 2997 1121 3062 Romae,
1154 3014 1506 3074 praeterquam

440 3073 474 3107 a
495 3061 728 3130 Batavis,
762 3072 851 3134 qni
871 3075 1025 3127 armis
1060 3086 1114 3129 et
1149 3082 1344 3135 duriori
1378 3088 1502 3139 vitae

440 3142 652 3204 assueti,
705 3151 935 3212 corporis
976 3154 1198 3221 Augusti
1236 3166 1501 3231 custodes,

437 3229 543 3265 non
587 3218 664 3270 ita
696 3225 951 3279 curabant
975 3231 1128 3295 jocos
1163 3237 1330 3290 istos:
1364 3259 1499 3306 prae·

435 3295 648 3346 tereunt
700 3301 898 3367 quippe
950 3307 1128 3373 (juxta
1173 3315 1496 3372 Venusinam

433 3367 685 3438 Poetam)
707 3379 972 3441 ‘po'e‘mata
1012 3389 1291 3458 Rhamnes,
1325 3412 1495 3464 neque

433 3447 575 3510 sapit
592 3451 966 3512 Centurionum
986 3471 1132 3531 genti
1158 3476 1373 3539 nequior
1397 3481 1496 3532 iste

431 3525 507 3573 sal
528 3540 541 3571 ε
578 3542 692 3579 nam
714 3537 853 3597 quod
877 3539 929 3589 in
953 3545 1127 3610 vnlgg.
1153 3549 1344 3615 legitur
1365 3571 1496 3609 sevc-

430 3615 553 3667 ram,
585 3621 616 3657 e
658 3611 828 3674 glossa
868 3617 1077 3671 videtur
1118 3625 1216 3677 huc
1258 3635 1494 3685 transmi-

428 3694 625 3743 grasse.

495 3763 528 3808 9
571 3763 673 3813 Cur
694 3781 825 3833 ergo,
848 3772 959 3837 ξω]
982 3776 999 3803 ‘
1017 3778 1127 3841 Ego
1159 3780 1330 3834 Poeta
1355 3802 1488 3853 sum,

430 3841 504 3896 et,
528 3847 587 3888 ut
611 3856 787 3908 spero,
812 3861 913 3898 non
949 3852 1220 3907 humillimi
1258 3861 1491 3929 spiritus,

426 3915 526 3963 διο.
594 3917 771 3969 Quare
812 3937 955 3989 ergo,
994 3927 1182 3995 inquis,
1218 3940 1320 3986 tam
1356 3944 1488 3992 male

424 3991 645 4042 vestitus
662 3998 754 4045 es?
776 3998 1117 4065 Propterhoe
1137 4009 1323 4079 ipsum,
1343 4031 1487 4071 amor

427 4064 622 4130 ingenii
646 4076 904 4127 neminem
926 4095 1148 4147 unquam
1173 4089 1389 4145 divitem
1408 4096 1484 4148 fe-

426 4143 535 4191 cit.’
567 4147 861 4203 Petronius.
1291 4189 1294 4194 ·

491 4224 551 4269 11
588 4224 699 4275 Hoc
721 4243 780 4278 ae
814 4233 1004 4301 sapius,
1031 4240 1140 4305 ξω]
1183 4246 1268 4295 Ne
1291 4252 1481 4317 saepius

422 4307 579 4359 cogar
602 4314 686 4352 me
706 4307 895 4357 malum
919 4309 1077 4365 fateri
1093 4317 1333 4376 Poetam.

1164 385 1394 440 ‘Nom-2
1444 392 1849 446 VARIORUM
1902 401 1980 449 ΙΝ

1688 542 1850 596 Erro.
1872 557 2116 600 nxxxm.
2169 551 2373 604 Laudat
2402 555 2682 626 Caesarem,

1620 620 1757 683 quod
1776 623 2050 674 Etruscum
2072 630 2331 680 revocarit
2353 632 2418 682 ab
2441 634 2615 686 exilio.

1687 701 1714 746 l
1753 699 1995 755 Quantam
2034 704 2239 768 solicito,
2276 708 2679 771 &alena-:tum

1617 775 1887 841 Etruscus,
1925 781 1979 830 iu
2013 781 2244 847 exilium,
2278 786 2370 835 sed
2404 802 2506 838 non
2529 797 2682 842 extra

1615 850 1822 902 Italiam
1858 856 2064 920 missus,
2097 859 2260 911 debet
2296 862 2423 925 filio,
2459 867 2547 930 qui
2588 883 2679 932 pa·

1615 934 1745 978 trem
1780 931 1832 979 in
1857 933 2069 983 exilium
2101 939 2442 991 accomitatus
2477 950 2578 1007 est,
2624 952 2680 997 et

1611 1005 1760 1069 cujus
1784 1008 1982 1071 pietate
2003 1018 2059 1060 et
2079 1015 2321 1075 precibus
2343 1019 2680 1071 Domitianus

1609 1097 1871 1148 permotus
1893 1106 2012 1141 eum
2043 1097 2341 1159 revocavit;
2377 1106 2582 1152 tantum
2622 1109 2680 1154 et
2722 1112 2726 1119 '

1609 1170 1760 1224 pater
1796 1172 1852 1215 et
1895 1166 2031 1218 filius
2057 1169 2172 1235 tibi,
2208 1187 2240 1222 ο
2274 1174 2469 1228 Caesar.
2534 1179 2677 1231 Vide

1606 1238 1815 1303 Papinii
1837 1244 1982 1308 sylv·
2003 1249 2052 1297 3.
2075 1254 2130 1298 et
2155 1249 2335 1314 Epigr.
2355 1257 2436 1303 40.
2458 1255 2547 1309 lib.
2573 1261 2627 1307 7.

1671 1321 1701 1367 3
1751 1319 1976 1371 Fulmina
2018 1325 2216 1389 dextra]
2274 1329 2434 1380 Exilii
2487 1332 2677 1385 decre·

1606 1398 1734 1444 tum.

1604 1475 1698 1597 b‘¹4
1732 1472 1840 1524 Hos
1858 1491 2086 1546 cuperem,
2105 1484 2210 1550 ξω]
2227 1487 2303 1537 Ut
2326 1485 2434 1537 sint
2456 1502 2676 1540 revoca·

1641 1563 1655 1597 ι
1677 1562 1750 1600 es.

1558 1678 1564 1684 ,
1666 1631 1699 1675 6
1732 1628 1873 1692 Toto]
1907 1631 2048 1684 Tota
2072 1635 2123 1685 vi
2146 1638 2356 1689 emisso.

1664 1708 1696 1752 8
1731 1707 2001 1774 Esar-equod,
2021 1713 2126 1777 ξω]
2160 1715 2332 1779 Supra
2356 1731 2490 1766 vers.
2517 1723 2571 1766 l.

1664 1782 1827 1835 Eme.
1848 1800 2086 1840 mxxxiv.
2121 1790 2466 1858 Arrogantem
2493 1798 2675 1863 carpit

1599 1867 1654 1908 et
1685 1862 1985 1924 superbum.

1664 1942 1691 1986 1
1733 1940 2025 2007 Octaphoro]
2059 1947 2273 1998 Lectica
2305 1949 2372 1999 ab
2411 1957 2530 2001 octo
2556 1968 2673 2003 ser·

1592 2013 1675 2063 vis
1697 2023 1915 2078 gestata.
1981 2021 2037 2070 Is
2062 2021 2164 2074 fuit
2184 2027 2540 2088 potentiorum
2565 2028 2673 2080 fas-

1599 2096 1684 2140 tus
1708 2100 1832 2144 tunc
1868 2098 2139 2162 temporis,
2160 2102 2430 2166 eleganter
2449 2110 2670 2158 notatus

1596 2181 1630 2215 a
1666 2167 1864 2230 Cynico
1903 2173 2164 2226 Lucianiz
2211 2193 2330 2228 nam
2369 2187 2425 2230 et
2458 2182 2511 2231 in
2559 2184 2670 2234 illis

1593 2243 1796 2296 lecticis
1839 2250 2103 2304 cubabant
2140 2257 2386 2320 resupini.
2451 2260 2563 2310 Sed
2599 2262 2668 2313 de

1591 2319 1816 2373 Lecticis
1839 2333 1895 2375 et
1916 2327 1982 2377 de
2006 2343 2180 2380 earum
2203 2347 2294 2382 nsu
2315 2336 2479 2385 multa
2493 2339 2667 2404 scrip·

1589 2397 1659 2447 sit
1696 2400 1902 2464 Lipsius
1948 2404 2082 2455 libro
2116 2412 2162 2457 l.
2211 2409 2386 2461 Elect.
2423 2427 2540 2478 cap.
2578 2420 2663 2467 19.

1587 2475 1775 2544 Sanus]
1796 2484 2046 2548 Corpore.

1653 2559 1686 2604 2
1735 2557 1794 2608 Si
1834 2575 2003 2611 sonum
2054 2566 2228 2626 credis,
2270 2566 2379 2631 ξω]
2444 2566 2659 2622 Animo.

1598 2634 1615 2662 ‘
1638 2635 1789 2687 Quod
1828 2638 1942 2701 ipse
1965 2641 2083 2690 Non
2124 2643 2235 2693 sani
2272 2660 2385 2694 esse
2413 2645 2664 2713 hominis,

1587 2724 1691 2760 non
1707 2727 1859 2763 sanus
1868 2716 2017 2779 juret
2030 2718 2286 2770 Orestes.'
2305 2721 2457 2773 Pers.
2472 2724 2661 2790 Satyr.

1586 2791 1635 2836 8.
1654 2789 1750 2840 ult.
1775 2806 1911 2841 vers.

1650 2866 1812 2915 Eme.
1834 2880 2053 2919 nxxxv.
2101 2870 2330 2922 Plurima
2360 2882 2484 2925 sunt
2522 2877 2659 2942 Epi·

1581 2934 1868 3004 grammata
1906 2944 1973 2994 ad
2019 2945 2232 3011 Rufum,
2275 2959 2452 3000 natum
2489 2968 2661 3005 annos

1580 3018 1807 3084 quinque
1831 3036 1990 3085 supra
2013 3023 2221 3088 viginti,
2243 3027 2328 3091 qui
2366 3026 2420 3075 iu
2443 3029 2659 3095 Cappa·

1578 3094 1730 3146 docia
1748 3097 1886 3147 diem
1907 3099 2060 3149 obiit.

1642 3177 1668 3222 1
1707 3174 1884 3224 Editus
1904 3182 1975 3226 est
1990 3182 2171 3244 sextus,
2189 3181 2297 3245 ξω]
2332 3183 2405 3232 'I'e
2428 3183 2482 3234 in
2506 3186 2651 3252 Cap-

1573 3250 1795 3313 padocia
1817 3268 2050 3327 peregre,
2076 3258 2158 3307 vel
2181 3260 2337 3309 etiam
2354 3257 2480 3311 fatis
2495 3261 2655 3316 func·
2737 3273 2743 3275 ’

1573 3333 1648 3389 to,
1683 3336 1888 3380 sextum
1922 3333 2059 3383 hunc
2096 3335 2252 3392 edidi,
2277 3336 2369 3388 lib.
2413 3336 2500 3388 Al.
2541 3341 2652 3407 leg.

1571 3405 1752 3456 Editur
1773 3422 1832 3456 ca
1862 3407 1945 3473 (eu
1980 3412 2063 3461 vel
2083 3410 2200 3476 Ιιειι)
2242 3419 2409 3463 sextus
2450 3416 2559 3466 sine
2594 3424 2651 3470 te

1569 3486 1707 3549 mihi,
1727 3489 1857 3547 Rufe
1882 3491 2098 3555 Camoni,
2130 3495 2279 3559 cujus
2304 3494 2515 3549 familiae
2533 3514 2650 3552 me-

1567 3562 1720 3612 minit
1741 3572 1798 3614 et
1821 3566 1910 3616 lib.
1934 3572 1984 3618 9.
2010 3570 2190 3633 Epigr.
2216 3577 2299 3622 75.
2334 3581 2391 3623 et
2429 3579 2513 3624 77.
2551 3591 2644 3628 ne-

1568 3654 1669 3703 que
1693 3642 1829 3692 enim
1850 3642 2070 3695 ferenda
2092 3646 2248 3698 lectio
2271 3652 2412 3714 vulg.
2450 3654 2645 3705 Camoe·

1567 3728 1664 3767 nis.
2502 3759 2505 3762 ·

1630 3797 1663 3842 2
1703 3795 1803 3844 Nec
1846 3800 1896 3846 tc
1929 3797 2194 3864 Lector-em,
2232 3801 2337 3866 esa]
2371 3805 2509 3857 Quia
2518 3801 2640 3871 jam

1564 3878 1843 3923 mortuum.

1627 3951 1658 3995 3
1695 3947 1872 4013 Impia,
1908 3952 2014 4016 εγω]
2055 3953 2285 4018 Propter
2308 3958 2518 4024 ingenia
2541 3976 2640 4013 sua

1562 4025 1696 4074 mala
1710 4033 1765 4075 et
1788 4029 2011 4080 servilia.
2049 4032 2152 4081 Vel
2176 4042 2392 4098 propter
2409 4045 2636 4090 mortem

1561 4105 1700 4149 tuam
1723 4116 1754 4150 a
1777 4105 2068 4166 pestilitate
2090 4108 2200 4172 ejus
2222 4109 2373 4161 aeris.
2439 4114 2514 4164 Et
2547 4130 2638 4165 nu·

1556 4175 1684 4225 mine
1704 4178 1845 4242 lavo]
1868 4179 1979 4232 Ant
1998 4183 2261 4247 religionis
2281 4185 2635 4243 inconstantia

1556 4252 1673 4302 heic
1710 4257 1973 4320 notanda;
2008 4268 2100 4309 aut
2137 4261 2416 4324 legendum
2450 4267 2633 4319 hm

1554 4329 1689 4393 levo,
1720 4331 1855 4383 utin
1876 4333 2021 4385 Junii
2039 4335 2221 4391 codice
2242 4341 2508 4403 scriptum.
2545 4343 2628 4394 Ut
