2985 4937
428 406 603 474 1276

427 566 607 618 loricae
649 566 956 631 Domitiani,
999 581 1031 617 a
1072 567 1489 632 comparatione:

429 645 731 695 durissimas
763 644 955 694 habent
986 644 1141 694 Getae
1174 645 1379 706 loricas,
1402 644 1494 694 du-

428 721 536 771 rior
548 728 629 771 est
649 727 820 770 tamen
836 721 1119 770 Domitiani
1136 720 1319 771 lorica.
1357 721 1496 773 Quia

427 812 555 860 ergo
577 799 723 848 Mars
747 813 778 846 a
805 797 956 848 Getis
978 797 1243 860 oriundus,
1270 803 1494 847 armatu·

426 888 538 924 ram
557 874 632 923 illi
656 872 827 924 Poe'ta
855 873 1097 923 Geticam
1127 880 1275 923 recte
1306 873 1492 923 induit.

428 949 611 1000 Rader.

491 1030 523 1076 3
556 1028 755 1092 AEtoloe]
785 1025 872 1078 Ab
911 1025 1096 1078 AEtolis
1128 1026 1357 1089 inventas
1387 1027 1495 1077 lan-

341 1132 344 1135 *
426 1118 568 1155 ceoe:
606 1107 708 1167 vel,
726 1106 985 1170 Meleagri
1006 1106 1167 1157 AEtoli
1184 1108 1383 1157 lanceae
1403 1107 1495 1157 im-

427 1182 823 1245 penetrabilem.
888 1183 1135 1247 Securum]
1179 1183 1353 1234 Ictum
1392 1198 1494 1234 non

427 1259 717 1309 timentem.

492 1339 526 1385 4
563 1335 766 1399 Texuit]
798 1333 882 1385 An
924 1336 1087 1387 lorica
1116 1336 1230 1387 hoec
1272 1338 1495 1402 squamis

428 1412 586 1463 oeueis
628 1414 837 1478 aprinas
892 1415 1109 1478 ungulas
1169 1414 1495 1465 imitantibus

428 1496 670 1540 conserta
693 1489 824 1540 fuit?
860 1505 924 1540 an
956 1505 1023 1540 ex
1041 1491 1176 1540 veris
1198 1492 1401 1555 ungulis
1427 1490 1494 1541 ad

426 1566 768 1619 imitationem
799 1569 1176 1632 Sarmatarum,
1213 1570 1322 1634 qui,
1358 1577 1496 1619 teste

427 1645 689 1695 Pausania
714 1644 807 1695 lib.
842 1649 885 1696 l.
919 1660 985 1694 ex
1007 1646 1216 1709 ungulis
1240 1646 1495 1708 collectis,

425 1721 610 1771 loricas
625 1722 791 1772 instar
803 1723 1079 1772 draconum
1094 1737 1361 1787 squameas
1376 1738 1498 1772 con·

425 1798 679 1849 suebant?
748 1800 993 1849 Innumeri
1006 1799 1137 1863 apri]
1167 1799 1496 1864 Synecdoch.

422 1875 680 1926 innumeri
697 1892 893 1941 ungues
914 1892 1172 1940 aprorum.
1238 1877 1497 1942 Lubricus]

424 1953 653 2004 Potitus.

490 2036 522 2079 ⁵
557 2032 703 2081 Felix
740 2037 868 2081 sorte
898 2031 1007 2096 tua]
1044 2032 1092 2083 Ο
1129 2031 1339 2083 felicem
1376 2035 1496 2084 lori-

426 2122 571 2170 cam;
612 2123 712 2159 non
729 2117 836 2159 tam
851 2110 989 2174 quod
1011 2118 1114 2159 tam
1130 2109 1280 2161 firma
1300 2118 1355 2162 et
1370 2112 1499 2163 dura
1518 2134 1519 2143 ¹

425 2183 659 2248 videare,
696 2201 849 2250 quam
892 2188 1024 2250 quod
1062 2202 1182 2241 mox
1219 2204 1250 2237 a
1288 2190 1498 2241 Caesare

384 2273 392 2285 ·
425 2259 660 2324 induere,
678 2271 733 2312 et
752 2263 1015 2312 caelestem
1033 2279 1094 2314 ae
1112 2264 1340 2315 divinum
1357 2266 1498 2317 illius

425 2338 650 2387 animum
700 2339 1011 2390 continebis.
1097 2340 1497 2407 Sacrum....1>e2]

424 2411 733 2488 Domitiani,
753 2415 841 2481 qui
874 2430 931 2464 se
957 2416 1126 2482 ipsum
1151 2418 1323 2468 Deum
1345 2433 1499 2470 voca·

426 2490 538 2544 bat.

489 2574 521 2619 7
564 2570 628 2619 Et
648 2586 861 2634 magnos,
886 2570 990 2635 ξο.]
1040 2572 1111 2621 Et
1141 2571 1495 2623 Domitianum

422 2646 733 2698 incolumem
760 2648 980 2697 restitue
1015 2648 1147 2709 urbi,
1180 2649 1497 2714 triumphan-

422 2728 547 2787 tem,
568 2726 799 2789 palmata
832 2725 1065 2773 indutum
1100 2730 1255 2788 toga:
1302 2726 1387 2775 cui
1418 2728 1495 2775 in-

423 2799 739 2850 texebantur
754 2799 986 2851 victoriae
1010 2816 1129 2851 cum
1150 2803 1361 2852 ramulis
1384 2805 1495 2868 pal-

421 2888 640 2926 marum.

488 2955 521 3000 8
552 2952 899 3018 Palmam-que]
914 2953 1196 3017 Dionysius
1213 2954 1494 3018 palmatam

424 3029 652 3078 tunicam
675 3028 981 3093 χρυσόσημον
1014 3044 1220 3094 semper
1241 3033 1495 3098 appellat,

421 3104 522 3153 hoc
562 3115 665 3166 est,
705 3121 831 3156 auro
869 3108 1144 3167 clavatam,
1188 3108 1272 3156 vel
1312 3124 1496 3160 aureos

422 3181 600 3231 clavos
635 3182 935 3233 habentem.
1004 3184 1314 3234 Communes
1359 3187 1496 3236 enim

422 3257 777 3308 Romanorum
812 3259 1002 3309 tunicae
1026 3260 1159 3310 albae
1184 3268 1355 3326 erant,
1377 3278 1498 3327 pur·

421 3349 554 3399 pura
575 3336 816 3398 clavata»,
835 3351 962 3401 quas
980 3338 1229 3401 palmatas
1250 3339 1500 3391 dicebaut

423 3411 732 3462 aclavorum
765 3412 1078 3463 latitudine:
1120 3421 1301 3479 postea
1325 3425 1499 3466 tamen

424 3492 480 3537 et
524 3487 651 3552 ipsae
688 3503 893 3555 quoqne
939 3483 1083 3554 pingi
1118 3500 1409 3557 coeperunt,
1443 3502 1500 3543 et

423 3564 670 3627 palmatae
697 3564 799 3614 dici
823 3581 854 3614 a
878 3566 1099 3629 picturae
1126 3582 1340 3631 genere,
1358 3571 1497 3635 quod

423 3643 620 3705 palmas
675 3642 879 3693 scilicet
939 3644 1168 3695 intextas
1225 3647 1496 3699 haberent.

420 3719 708 3784 Postquam
733 3735 854 3784 ergo
876 3725 932 3770 et
955 3722 1148 3771 tunicae
1173 3738 1380 3788 quoque
1406 3725 1498 3774 tri-

421 3795 693 3860 umphales
718 3796 863 3860 pingi
887 3804 1077 3860 coeptae
1100 3806 1245 3858 sunt,
1264 3806 1318 3848 et
1344 3800 1497 3864 apic-

422 3876 556 3920 turae
588 3879 892 3934 argumento
911 3872 1157 3936 palmatae
1181 3881 1302 3923 sunt
1322 3876 1498 3939 appel-

423 3948 571 4008 latae,
610 3947 732 3996 inde
775 3946 973 3998 factum
1009 3955 1111 4012 est,
1153 3957 1214 4000 nt
1248 3958 1305 4000 et
1340 3952 1494 4016 pictis

424 4023 561 4086 togis
586 4022 683 4073 hoc
703 4024 839 4075 idem
861 4025 1081 4094 gnominis
1102 4026 1403 4091 donaretur,
1440 4034 1497 4078 et

422 4099 667 4163 palmatae
687 4101 876 4164 passim
890 4100 1019 4164 ipsae
1034 4113 1362 4153 vocarentur.
1386 4104 1498 4153 Sal-

422 4189 543 4227 mas.
603 4174 706 4223 Sed
728 4176 985 4226 Brodaeus
1009 4179 1139 4242 vult,
1158 4194 1272 4229 eam
1296 4188 1496 4230 vestem

425 4254 456 4299 3
487 4251 676 4313 palma,
700 4251 753 4300 id
776 4258 872 4315 est,
891 4253 1123 4316 victoria,
1143 4270 1331 4305 nomen
1354 4257 1496 4305 inve-

426 4326 581 4377 nisse.
649 4328 1050 4396 Palmatoetogoe]
1091 4332 1497 4397 'triumphantes

1121 422 1335 472 No'rAE
1383 422 1787 499 vAmoRUM
1858 423 1938 472 ΙΝ

1568 574 1625 618 et
1669 568 1876 619 thensas
1915 569 2167 620 ducentes
2207 584 2271 620 ea
2317 568 2635 620 utebantur:

1567 645 1717 696 Jovis
1758 647 1936 697 tunica
1991 647 2152 697 dicta.
2233 647 2552 712 Tarquinius
2607 663 2639 699 a

1567 722 1746 772 Tuscis
1777 723 1985 788 accepit
2009 724 2232 774 tunicam
2256 725 2560 788 palmatam,
2582 732 2638 776 et

1567 813 1770 850 omnem
1792 800 1949 857 alium
1973 800 2399 865 triumphantium
2417 802 2639 864 cultum,

1570 882 1630 925 ut
1653 877 1835 926 Florus
1857 885 1912 927 et
1935 877 2023 927 alii
2057 877 2334 928 tradidere.
2403 879 2538 928 Erat
2575 894 2640 928 ea

1569 967 1831 1018 purpurea
1867 961 1923 1005 et
1943 970 2102 1004 aureo
2124 955 2232 1004 lato
2262 956 2415 1004 clavo
2432 960 2640 1017 ornata,

1567 1030 1705 1080 unde
1743 1038 1802 1081 et
1835 1032 2062 1096 palmata
2094 1031 2237 1081 dicta
2258 1037 2358 1089 est,
2395 1030 2519 1095 quia
2538 1031 2642 1080 cla·

1568 1122 1664 1156 vus
1689 1122 1874 1158 aureus
1920 1108 2077 1172 palmi
2116 1105 2475 1171 magnitudine
2505 1111 2640 1171 erat,

1569 1183 1613 1232 si
1636 1184 1792 1234 Festo
1812 1183 1961 1234 fides.
1995 1182 2247 1248 Χρύσημον
2267 1182 2446 1233 Graeci
2461 1184 2642 1248 appel-

1567 1259 1698 1309 lant.
1736 1260 1941 1311 Rubens.
2734 1271 2740 1276 ’

1635 1339 1798 1390 Eme.
1843 1352 1934 1388 111.
2002 1343 2029 1388 1
2069 1340 2172 1388 Cur
2203 1353 2298 1388 non
2334 1337 2496 1394 mitto,
2535 1335 2641 1400 ξω]

1568 1415 1868 1466 Verebatur
1902 1416 2075 1467 Poeta
2094 1431 2160 1465 ne
2196 1416 2529 1465 Pontilianns
2552 1414 2643 1464 be·

1569 1491 1811 1542 neficium
1835 1492 2090 1543 maleficio
2109 1499 2493 1557 compensaret,
2518 1492 2642 1542 sibi·

1568 1585 1669 1635 que
1693 1586 1787 1635 pro
1819 1571 1926 1620 suis
1964 1570 2110 1620 bonis
2151 1570 2392 1619 mitteret
2417 1568 2643 1633 pessima

1570 1646 1971 1711 Epigrammata.
1993 1647 2080 1697 Sic
2099 1647 2187 1697 lib.
2211 1652 2260 1696 5.
2284 1645 2469 1709 Epigr.
2493 1649 2577 1694 ⁷8.

1635 1726 1797 1774 Eme.
1829 1739 1907 1775 ιν.
1976 1729 2003 1774 1
2041 1725 2172 1774 Mali
2192 1722 2383 1786 coloris]
2427 1722 2644 1771 Valetu-

1570 1800 1800 1851 dinarins
1843 1807 1898 1851 et
1931 1801 2115 1851 morbo
2160 1800 2402 1866 pallidus.
2458 1799 2642 1864 Epigr.

1568 1882 1653 1928 42.
1677 1877 1767 1928 lib.
1783 1883 1835 1928 6.
1861 1893 1994 1930 vers,
2020 1884 2068 1930 2.

1633 1959 1666 2004 2
1707 1955 1884 2006 Versus
1897 1955 2118 2018 scribere,
2139 1954 2244 2018 ξι]
2286 1954 2387 2003 Vel
2412 1953 2533 2003 hinc
2556 1965 2649 2002 no-

1569 2046 1689 2082 men
1732 2033 2060 2100 pretiumque
2103 2030 2277 2096 poetae
2334 2037 2644 2095 aucupatus,

1571 2109 1710 2173 quod
1731 2111 1943 2173 palleat,
1977 2116 2035 2158 ut
2059 2108 2306 2157 credatur
2328 2105 2504 2156 studio
2527 2120 2646 2156 cru·

1572 2187 1669 2236 dus
1704 2193 1765 2236 ac
1806 2186 2044 2252 pallidus.
2085 2184 2334 2248 ‘Decipit
2377 2183 2649 2245 exemplar

1573 2263 1710 2313 vitiis
1747 2262 2034 2324 imitabile3
2082 2261 2226 2326 quod
2279 2260 2322 2309 si
2378 2259 2644 2308 Pallerem

1574 2354 1713 2403 casu,
1762 2339 2003 2389 biberent
2057 2351 2295 2400 exangue
2329 2337 2594 2386 cuminum
2612 2335 2650 2385 :’

1574 2416 1762 2465 Horat.
1788 2414 1960 2480 Epist.
1985 2417 2066 2464 19.
2089 2412 2176 2462 lib.
2204 2417 2251 2462 1.

1659 2494 1821 2543 Erro.
1872 2506 1927 2541 v.
2019 2491 2215 2555 Palpat
2269 2487 2650 2550 Domitianum,

1573 2584 1724 2635 quem
1766 2567 2064 2618 incredibili
2118 2564 2378 2614 desiderio
2426 2579 2652 2629 exspec-

1573 2648 1676 2697 tari
1699 2646 1828 2696 dicit
1851 2661 1882 2694 a
1904 2643 2090 2710 patria.
2153 2642 2210 2692 Si
2233 2648 2287 2692 te
2323 2642 2555 2692 charitas
2581 2644 2655 2694 ci-

1569 2726 1711 2778 ,vium
1755 2731 1962 2773 tuorum
2006 2729 2215 2781 movet3
2249 2720 2292 2769 si
2326 2721 2550 2770 Senatus
2594 2728 2654 2771 et

1571 2800 1735 2865 plebis
1766 2806 1892 2850 vota
1928 2813 2030 2849 non
2077 2797 2318 2862 negligis,
2352 2796 2467 2846 redi
2489 2798 2543 2847 in
2562 2814 2652 2847 ur-

1573 2877 1708 2927 bem.

1635 2959 1668 3005 2
1705 2954 1871 3018 Togoe]
1919 2953 2110 3003 Gentis
2142 2952 2654 3016 togatae,Romanae.

1637 3034 1667 3079 3
1702 3030 1878 3090 Deum,
1901 3028 2007 3093 ξω]
2039 3028 2140 3090 Te,
2179 3042 2210 3077 o
2246 3027 2444 3077 Domit.
2513 3027 2651 3077 Invi-

1571 3108 1654 3157 det
1696 3105 1842 3169 hosti]
1877 3104 2031 3157 Quod
2069 3112 2161 3154 tua
2193 3103 2385 3153 fruitur
2420 3118 2652 3168 praesen·

1576 3185 1666 3233 tia.

1636 3262 1668 3308 4
1712 3258 1884 3309 Veniat
1909 3258 2087 3320 laurea,
2107 3257 2211 3320 ξο.]
2263 3257 2378 3307 Etsi
2407 3272 2652 3319 magnam

1575 3335 1800 3385 referres
1845 3335 2136 3396 victoriam,
2184 3333 2434 3383 laureatis
2478 3333 2651 3383 literis

1573 3410 1927 3475 significatam,
1966 3414 2065 3460 dcc.
2104 3416 2162 3460 ut
2195 3410 2378 3475 Epigr.
2402 3424 2517 3475 seq.
2543 3410 2654 3459 lau·

1575 3503 1716 3537 ream
1753 3488 1903 3538 simul
1932 3479 2005 3536 ”de
2042 3488 2292 3537 Sarmatis
2315 3487 2650 3537 Domitianus

1575 3567 1751 3617 intulit
1769 3566 1891 3618 Jovi
1916 3566 2236 3632 Capitolino.

1639 3649 1669 3692 5
1705 3645 1959 3694 Terrarum
1973 3642 2259 3707 Dominum]
2294 3644 2373 3693 En
2394 3637 2649 3707 caussam,

1573 3733 1667 3769 cur
1699 3720 1834 3769 hosti
1871 3720 2037 3769 Roma
2073 3719 2326 3782 invideat,
2364 3720 2491 3785 quia
2513 3735 2648 3785 prae-

1571 3802 1773 3845 sentem
1825 3795 1971 3844 videt
2025 3794 2308 3845 Dominum
2365 3803 2422 3847 et
2474 3796 2648 3847 Deum

1570 3878 1822 3922 nostrum.
1889 3870 2007 3933 Ille]
2052 3871 2252 3924 Hostis.

1636 3951 1669 3995 6
1706 3947 1948 4009 Terretur,
1987 3947 2092 4010 ξσ.]
2155 3948 2320 3997 Vultu
2378 3947 2544 3999 hostis
2588 3955 2646 3999 et

1570 4024 1801 4076 victoris.
1866 4026 2096 4090 Fruitur]
2131 4027 2296 4075 Vultu
2327 4028 2562 4091 specioso
2586 4036 2644 4079 et
2689 4064 2696 4072 -

1571 4109 1791 4165 augusto
1813 4102 1935 4152 Dei.

1636 4178 1795 4229 Erro.
1819 4192 1899 4228 vr.
1966 4179 2048 4229 De
2082 4179 2258 4230 reditu
2288 4180 2531 4244 Caesaris,
2548 4181 2644 4242 ait,

1571 4253 1759 4317 passim
1799 4270 2034 4305 rumores
2069 4258 2263 4319 spargi,
2310 4257 2399 4305 sed
2447 4256 2641 4321 absque

1538 4368 1549 4378 .
1572 4336 1819 4395 auctore;
1841 4340 1994 4397 rogat
2016 4332 2295 4397 Caesarem,
2315 4340 2374 4383 ut
2395 4323 2508 4398 lpse
2525 4345 2642 4383 auc-
