2985 4937
447 383 620 450 1280

445 542 620 608 potius
642 542 864 608 pretium
903 544 1154 608 ipsorum.

513 621 675 670 Erro.
698 634 839 670 xvn.
872 618 1263 685 Autograpbum
1309 625 1510 683 septem

445 696 691 746 librorum
711 695 1383 762 Epigrammatumdedicat
1400 694 1512 744 bib

446 772 689 827 liothecae
711 774 841 824 Julii
862 773 1145 834 Martialis,
1167 772 1314 836 cujus
1331 773 1511 821 hortos

431 848 506 900 *et
527 864 614 899 rus
634 849 685 898 in
708 850 948 901 Janiculo
969 849 1264 899 suburbano
1280 848 1512 912 descrip-

448 926 539 978 sit.

516 1008 545 1052 1
582 1002 755 1066 Ruris,
777 1002 882 1067 afa]
902 1002 1058 1051 Ruris
1081 1001 1359 1052 suburbani
1380 999 1512 1053 Julii

446 1079 736 1143 Martialis,
768 1078 906 1145 quod
929 1078 1211 1144 descripsit
1228 1079 1496 1144 Epigr.64

448 1158 486 1207 l.
510 1161 562 1206 4.

512 1238 545 1283 2
585 1232 802 1283 Vicinam
845 1232 993 1295 videt,
1029 1232 1138 1296 &od
1165 1231 1253 1281 Sic
1298 1231 1400 1296 Ep.
1429 1234 1512 1281 64.

448 1311 542 1361 lib.
563 1314 613 1360 4.
635 1324 771 1359 vers.
798 1313 879 1360 11.

515 1392 548 1437 4
580 1387 796 1441 Lasciva·
820 1385 1023 1449 malie]
1058 1385 1195 1435 Meis
1214 1385 1294 1434 his
1314 1383 1512 1435 Carmi-

450 1464 601 1515 nibus
612 1462 1039 1528 jocosis,floridae
1063 1472 1120 1512 et
1150 1461 1401 1511 conviviis
1423 1475 1513 1524 ap·

451 1549 521 1591 tae
542 1542 711 1590 Musae
727 1538 930 1590 Θαλείας
954 1539 1165 1589 foetibus
1187 1554 1201 1588 t
1239 1544 1297 1588 ut
1327 1537 1512 1602 Epigr.

451 1624 502 1671 8.
527 1619 683 1670 lib.4.
708 1632 844 1668 vers.
863 1622 942 1666 12.
1042 1643 1046 1646 >

513 1702 543 1746 5
580 1696 714 1751 Nido
753 1694 873 1758 imo]
909 1693 1096 1744 Infima
1146 1692 1391 1755 statione,
1427 1706 1513 1743 or-

451 1775 591 1825 dine.
644 1774 770 1825 Nidi
784 1774 922 1824 enim
939 1770 1092 1821 foruli
1110 1777 1233 1820 sunt
1249 1770 1518 1834 librorum,

450 1853 505 1901 in
526 1852 731 1917 quibus,
752 1850 898 1899 velut
920 1848 1111 1912 capsis,
1150 1852 1297 1897 certo
1331 1845 1516 1896 ordine

450 1929 718 1994 graduque
777 1931 1117 1991 reponuntur,
1169 1931 1231 1974 ut
1292 1922 1516 1973 diximus

454 2007 636 2070 Epigr.
655 2009 769 2054 118.
788 2002 882 2052 lib.
907 2007 1106 2052 1.vers.
1130 2006 1212 2052 15.

515 2086 548 2131 8
581 2081 707 2130 Hoec
727 2081 829 2130 illis
861 2080 1089 2143 pretium,
1110 2079 1217 2143 afa]
1249 2078 1402 2131 Quod
1427 2093 1518 2127 au·

457 2158 584 2208 toris
632 2156 939 2220 autographi
978 2163 1119 2218 sunt,-
1162 2164 1217 2205 et
1251 2170 1379 2221 qnos
1415 2157 1518 2218 Ep.

456 2239 537 2286 10.
577 2250 732 2300 supra
757 2235 891 2284 dixit
922 2235 1253 2298 archetypos.
1317 2232 1516 2295 Littera]

454 2314 526 2362 Et
540 2314 721 2377 majori
738 2313 788 2362 in
813 2312 982 2377 pretio
1015 2318 1187 2375 erunt,
1203 2310 1341 2376 quod
1362 2325 1514 2359 manu

454 2403 569 2438 mea
592 2388 874 2438 emendati.

518 2471 552 2515 9
590 2466 660 2516 Tu
677 2465 888 2530 munere]
924 2465 1020 2517 Cui
1036 2479 1282 2515 consecro
1303 2472 1359 2515 et
1380 2463 1517 2515 douo

451 2543 545 2593 hos
583 2542 787 2593 libellos
818 2556 974 2592 meos.
1042 2540 1310 2603 Dedicata]
1343 2541 1518 2591 Dona·

456 2627 531 2681 ta,
574 2625 898 2671 consecrata.
990 2618 1339 2669 Bibliothecae
1381 2618 1516 2668 enim

454 2692 624 2746 Musis
648 2702 706 2746 et
724 2695 958 2760 Apollini
980 2711 1142 2746 sacrae
1167 2702 1336 2745 erant.
1409 2696 1520 2744 De·

454 2772 765 2823 dicabantur
798 2780 856 2823 et
895 2779 1082 2824 statnae
1117 2781 1176 2823 et
1192 2763 1442 2836 imagines
1465 2772 1520 2821 in

453 2848 804 2899 bibliothecis.

520 2930 584 2976 10
617 2924 775 2988 Nota]
809 2927 1053 2976 Carmine
1075 2940 1202 2976 meo.

503 3003 664 3052 Eme.
687 3015 762 3051 ιιι
768 3017 857 3052 ιιι.
880 3008 912 3052 2
932 3004 1131 3064 Dicere,
1153 3003 1344 3066 ⁸5c.]Se
1359 2981 1517 3053 talem

453 3079 679 3130 habere.
709 3079 763 3129 id
801 3087 905 3142 est,
933 3081 1025 3130 tibi
1049 3079 1390 3143 contendere,
1418 3080 1521 3129 tibi

453 3170 511 3205 se
534 3156 875 3221 aequiparare,
906 3155 1160 3220 praeferre
1197 3156 1382 3207 saltem
1417 3171 1520 3207 non

454 3232 616 3282 ausit.
665 3233 844 3282 Litura
884 3233 1037 3297 notet]
1074 3233 1288 3295 Menda‚
1321 3247 1523 3294 naevus,

456 3309 536 3359 vel
559 3310 844 3359 lomentum
869 3324 969 3374 qno
1006 3324 1158 3373 rugas
1191 3309 1424 3359 condunt
1458 3310 1519 3358 li-

455 3394 707 3451 nuntqne.
778 3386 1097 3451 Epigramm.
1120 3391 1201 3437 42.
1222 3386 1311 3436 lib.
1337 3391 1386 3437 3.

520 3467 583 3512 11
617 3464 765 3513 Fatui
797 3469 1112 3529 poppysmata
1166 3462 1331 3525 oanni]
1379 3462 1520 3512 Vide

456 3539 639 3605 Epigr.
661 3544 745 3589 71.
768 3539 859 3590 lib.
878 3544 925 3590 3.
951 3555 1086 3589 vers.
1108 3544 1158 3589 8.

519 3618 944 3667 EP1G.xrx.De
982 3616 1127 3681 Argo
1158 3632 1311 3679 nave,
1330 3616 1523 3667 doctis·

455 3692 584 3742 sime
621 3692 1064 3758 disertissimeque
1100 3707 1231 3743 unus
1261 3694 1315 3742 in
1340 3694 1521 3757 paucis

453 3769 803 3835 Hieronymus
820 3770 1151 3821 Columnarad
1167 3770 1323 3820 Ennii
1343 3770 1524 3821 Mede·

452 3860 534 3896 am
552 3847 784 3911 disputat
803 3861 923 3910 pag.
936 3851 1050 3897 314.
1078 3846 1248 3911 Hujus
1265 3844 1524 3910 fragmen·

452 3929 563 3973 tum
599 3931 835 3987 tempore
866 3923 1128 3973 Martialis
1152 3925 1330 3974 Romoe
1346 3932 1522 3974 exsta-

451 3998 563 4061 bat,
580 4000 633 4048 in
649 3998 787 4064 quod
805 4007 886 4048 est
906 4000 1004 4050 hoc
1022 4000 1366 4063 Epigramma.
1393 4001 1521 4051 aad.

509 4080 536 4125 1
563 4076 925 4138 Fragmentum,
936 4079 1020 4139 ⁸50·
1022 4075 1045 4139 ]
1064 4077 1217 4129 Quod
1243 4078 1419 4127 Romae
1435 4092 1524 4126 ex·

454 4152 608 4202 tabat
628 4160 864 4215 tempore
882 4153 1158 4216 Martialis,
1177 4163 1237 4204 ut
1258 4153 1490 4204 videtur.

520 4233 553 4278 2
604 4227 772 4291 Ignoti
820 4229 996 4293 prima,
1041 4232 1150 4295 ξω]
1202 4231 1321 4281 Νοιι
1376 4233 1543 4295 prius

458 4306 648 4356 tentati
672 4305 992 4357 mortalibus.
1057 4308 1357 4374 ‘Nullaque
1392 4324 1526 4360 mor·

1062 409 1071 420 ·
1148 400 1364 449 No'rAE
1413 398 1820 447 VARIORUM
1873 397 1953 445 m

1586 541 1721 591 tales
1744 547 1941 605 praeter
1964 554 2057 590 sua
2088 538 2248 590 litora
2279 538 2506 590 norant!
2559 536 2668 588 Ar-

1586 626 1839 683 gonautas
1875 619 2095 683 primum
2132 624 2367 669 tentasse
2397 628 2542 666 mare
2570 630 2669 666 vo·

1584 696 1701 744 lunt
1717 695 1931 759 ροὲῐωῌ

1649 778 1680 822 3
1718 774 1920 839 Cyanee
1957 773 2209 837 quondam,
2249 771 2352 835 Em]
2399 770 2533 820 Duae
2584 770 2668 819 in-

1584 852 1710 901 suloe
1747 852 1798 900 in
1838 852 1994 900 Ponti
2037 850 2226 900 Euxini
2262 850 2413 913 ostio,
2443 863 2567 915 quae
2607 855 2669 899 et
2772 850 2782 857 ”

1584 927 1976 993 SymplegadeS,
2015 938 2143 992 quas
2179 926 2518 976 transmisere
2560 925 2672 975 Ar-

1586 1011 1825 1066 gonantae
1855 1018 1957 1052 non
1990 1004 2107 1052 ‘sine
2129 1001 2378 1066 periculo,
2412 1001 2671 1051 mutilata

1587 1094 1782 1129 summa
1837 1080 2029 1144 puppis
2087 1086 2257 1142 parte.
2355 1077 2470 1127 Has
2527 1091 2668 1140 ergo

1588 1158 1939 1220 transmisere,
1958 1155 2162 1206 Phinaei
2183 1155 2398 1216 monitu,
2418 1154 2671 1217 praemis-

1586 1247 1641 1282 sa
1659 1232 1755 1282 viae
1770 1232 1904 1282 duce
1920 1231 2176 1282 columba.
2214 1228 2459 1280 ‘Ruinae’
2485 1228 2672 1292 addit,
2735 1288 2745 1303 .

1587 1311 1712 1375 quia
1777 1309 1844 1359 ad
1899 1311 2135 1372 Cyaneos
2190 1308 2354 1357 hosce
2414 1307 2671 1370 scopulos

1585 1401 1828 1451 magnum
1882 1386 2059 1436 adiere
2131 1385 2428 1436 discrimen.
2515 1384 2669 1439 Vide

1587 1480 1704 1529 qnae
1747 1465 1832 1516 ad
1853 1479 1989 1514 vers.
2037 1468 2183 1515 1210.
2251 1464 2411 1512 Herc.
2450 1463 2550 1510 Fu-
2584 1467 2672 1510 et

1587 1556 1722 1591 vers.
1771 1544 1887 1591 341.
1939 1540 2148 1591 Medeae
2185 1541 2402 1637 Senecas
2448 1539 2674 1588 notavit

1588 1617 1889 1669 Farnabius.
2430 1634 2437 1635 ff

1653 1702 1684 1746 5
1739 1696 1909 1746 Secula
1957 1697 2192 1756 υἱοενιιιιε,
2245 1694 2352 1759 εἷα]
2422 1693 2677 1758 Fluctus,

1588 1775 1848 1838 scopulos,
1867 1774 2052 1836 Syrtes
2073 1776 2476 1836 praetervectam
2501 1779 2561 1820 et
2587 1786 2679 1821 su-

1591 1856 1879 1914 perantem,
1915 1849 2043 1898 vicit
2073 1848 2284 1898 tandem
2318 1854 2466 1896 zetas.
2540 1847 2674 1898 Hoc

1591 1933 1703 1978 est·
1740 1927 1829 1987 Et,
1860 1939 1978 1990 quse
2002 1939 2104 1973 non
2129 1930 2357 1974 cesserat
2388 1921 2678 1987 fluctibus,

1592 2003 1839 2067 scopulis,
1865 2008 1921 2051 et
1953 2001 2212 2066 Syrtibus,
2247 2001 2403 2051 cessit
2441 2000 2672 2050 tandem

1592 2079 1836 2144 tempori,
1878 2078 2013 2144 quod
2056 2077 2252 2128 exedit
2293 2074 2675 2143 consumitque

1592 2157 1779 2205 omnia.

1656 2237 1689 2282 6
1727 2231 1952 2282 Sanctior
2002 2236 2091 2294 est,
2134 2228 2244 2295 afa]
2284 2231 2673 2294 Fragmentum

1572 2311 1690 2389 ⁸hoc
1716 2310 1965 2372 religione
1987 2317 2043 2358 et
2079 2308 2405 2373 antiquitatis
2441 2322 2676 2358 venera-

1593 2388 1734 2436 tione
1778 2387 1863 2435 vel
1917 2386 2081 2450 ipsam
2118 2386 2374 2450 integram
2414 2385 2498 2436 vel
2532 2386 2674 2436 alias

1592 2463 1801 2529 quasvis
1818 2477 1977 2513 naves
2001 2470 2235 2527 superat.

1659 2543 1821 2590 Eme.
1853 2553 1954 2589 xx.
1989 2542 2290 2604 Emptorem
2315 2553 2588 2590 coenarnm
2614 2549 2676 2591 et

1594 2618 1916 2667 venditorem
1949 2617 2231 2668 earundem
2265 2618 2555 2670 Sanctum,
2579 2618 2676 2668 de-

1594 2694 1795 2745 scribit.
2704 2730 2718 2737 t

1660 2778 1686 2822 1
1724 2772 1977 2836 Miserias]
2011 2775 2142 2823 Τιιιιι
2177 2774 2356 2824 labore
2391 2782 2447 2825 et
2478 2774 2676 2827 officiis

1596 2850 1785 2917 quibus
1821 2865 2022 2901 coenam
2045 2852 2320 2915 captavit.
2304 2868 2319 2881 ·
2357 2860 2466 2903 tum
2502 2857 2676 2903 maxi·

1594 2943 1678 2977 me
1721 2928 1961 2985 avaritia,
2001 2929 2090 2993 qni
2125 2929 2368 2979 analecta
2404 2929 2674 2983 vendidit.

1600 3003 1827 3052 Gulosius
1847 3002 2073 3067 δαπάνα]
2107 3003 2391 3068 Rapacius,
2427 3005 2514 3070 qui
2556 3013 2677 3057 tan·

1596 3086 1703 3128 tum
1727 3077 2007 3129 suffuratus
2027 3087 2125 3130 est.

1658 3161 1691 3207 2
1717 3158 1916 3207 Rectam
1937 3157 2149 3221 comus]
2173 3156 2237 3207 Ῑιι
2260 3174 2362 3223 qua
2378 3159 2673 3211 accumbit.

1596 3233 1929 3283 Domitianus
1961 3235 2119 3295 enim,
2144 3235 2421 3297 abrogatis
2451 3244 2671 3300 sportu-

1594 3310 1679 3370 lis,
1713 3316 1988 3359 revocarat
2006 3317 2182 3360 rectas
2203 3325 2396 3373 coenaS,
2415 3317 2473 3360 nt
2505 3326 2673 3376 snpra

1595 3387 1722 3437 dict.

1658 3468 1691 3513 4
1717 3462 1810 3512 Ter
1832 3463 2008 3527 poscit]
2042 3459 2389 3513 Liberaliores
2424 3465 2675 3514 conviva·

1596 3547 1739 3590 tores
1762 3540 2044 3589 clientibus
2070 3550 2128 3589 et
2161 3540 2397 3590 convivis
2431 3537 2670 3604 potesta-

1597 3623 1701 3664 tem
1726 3614 1990 3665 faciebant
2011 3617 2284 3679 poscendi,
2303 3633 2418 3682 quae
2450 3617 2667 3669 vellent.

1598 3693 1778 3756 Epigr.
1802 3695 1883 3741 82.
1904 3692 1990 3742 lib.
2008 3693 2057 3742 8.
2081 3706 2217 3743 vers.
2238 3697 2321 3743 23.

1662 3773 1692 3817 5
1724 3768 1986 3831 Utramque
2019 3767 2210 3831 comam]
2243 3770 2451 3833 Nempe
2482 3772 2669 3822 melio-

1597 3859 1683 3894 res
1705 3845 1897 3908 leporis
1920 3851 2116 3909 partes.

1661 3926 1694 3971 6
1716 3922 1943 3984 Pejerare
1957 3922 2017 3971 de
2037 3923 2201 3987 turdo]
2223 3924 2257 3975 J
2264 3938 2416 3974 nrare
2432 3925 2534 3976 sibi
2555 3933 2667 3976 tur·

1596 3995 1721 4049 dum
1754 4013 1856 4048 non
1878 4000 2194 4064 appositum,
2234 4015 2350 4051 cnm
2374 4003 2548 4066 plures
2572 4017 2667 4068 ap-

1595 4079 1792 4143 positos
1814 4077 2158 4128 subduxisset.

1661 4160 1692 4204 ⁷
1715 4156 2012 4216 oar-eorum,
2041 4154 2148 4219 εμπ]
2181 4154 2359 4205 Cirros
2376 4162 2663 4206 ostreorum

1597 4231 1838 4282 Raderus
1891 4231 2139 4295 opinatur
2201 4233 2306 4282 dici
2373 4247 2677 4308 purpureos-

1599 4303 1793 4371 crines,
1809 4306 1893 4372 qni
1911 4305 2068 4356 fibras
2086 4314 2378 4360 ostreorum
2397 4308 2663 4368 ambiana
