2985 4937
487 344 661 410 1294

487 504 632 555 edito
652 502 827 555 statim
846 508 1083 554 resectas.
1116 502 1322 567 Mallos]
1354 503 1556 555 Pisces.

487 582 584 635 lib.
608 585 689 630 13.

552 662 584 705 4
623 657 720 704 Cor
737 654 934 719 Papile]
986 656 1083 705 Cui
1116 655 1260 706 fatuo
1283 663 1342 706 et
1363 656 1555 706 insulso

487 734 618 783 viles
658 733 763 783 cibi
799 747 948 798 aeque
988 729 1210 796 sapiunt.
1234 748 1297 783 ac
1321 732 1555 797 pretiosi.

492 808 721 870 Genium]
787 809 886 858 Cui
931 822 1037 857 non
1095 808 1352 873 indulges,
1401 823 1554 874 quem

483 885 720 948 fraudas,
745 885 867 936 dum
890 885 1002 935 aliis
1036 886 1206 936 lautus
1232 900 1307 949 es,
1330 885 1426 937 tibi
1448 900 1557 936 sor·

488 957 664 1014 didus.

554 1041 720 1091 Eme.
761 1052 958 1088 Lxxrx.
1005 1043 1032 1088 1
1075 1040 1332 1090 Consulare
1368 1038 1554 1102 vinam]

487 1118 711 1171 Jocatur
732 1117 786 1166 in
809 1117 969 1167 verbo
990 1122 1004 1144 ‘
1026 1115 1308 1166 Consulare
1330 1115 1556 1166 vinum!
1521 1133 1534 1145 ·

486 1211 607 1252 nam
643 1195 849 1246 videtur
881 1195 1116 1247 dicere‘
1135 1195 1322 1257 vetus?
1360 1202 1415 1244 et
1447 1193 1555 1245 κατ’

481 1272 660 1335 ἐξοχὴν
677 1272 1008 1337 Opimianum
1040 1272 1131 1337 (de
1163 1287 1264 1337 quo
1284 1271 1559 1336 Epigram-

485 1357 627 1400 mate
646 1353 728 1400 27.
752 1349 886 1399 libro
914 1354 958 1400 l.
983 1363 1135 1398 versu
1153 1352 1200 1398 4.
1204 1346 1227 1413 )
1248 1350 1333 1398 vel
1356 1347 1560 1398 Anitia·

490 1441 630 1477 num.
699 1426 803 1477 Sed
849 1426 996 1477 addit
1025 1423 1185 1476 fuisse
1220 1426 1456 1488 hornum,
1503 1432 1560 1476 et

489 1504 625 1569 ipso,
658 1505 750 1569 qui
786 1503 1008 1554 Ροὸιιιιι
1048 1503 1316 1565 invitarat,
1348 1503 1560 1555 consule

488 1581 753 1644 diffusum,
767 1589 923 1646 atque
946 1580 1079 1630 adeo
1092 1581 1406 1643 appositum.
1425 1579 1560 1629 Vide

489 1659 728 1711 Turnebi
765 1657 1086 1708 Adversaria
1125 1656 1256 1706 libro
1278 1658 1361 1704 25.
1385 1655 1562 1719 capite

494 1740 577 1787 24.

521 1814 587 1863 2
624 1814 780 1870 Quam
800 1818 951 1874 vetite,
969 1809 1074 1874 asc]
1131 1811 1303 1863 Quam
1344 1780 1563 1872 genero-

437 1908 451 1929 κ
491 1904 605 1939 sum
623 1896 681 1938 et
701 1889 909 1938 nobile?

556 1970 586 2014 8
621 1966 734 2029 Ipso
756 1966 941 2014 consule
962 1962 1227 2026 conditum]
1282 1960 1564 2019 Pendebat

473 2055 522 2093 e
547 2041 682 2090 vasis
727 2040 942 2092 vinariis
978 2039 1193 2100 tabella,
1227 2039 1282 2087 in
1317 2052 1421 2103 qua
1458 2036 1562 2085 vini

492 2125 622 2168 aetas
659 2119 861 2181 scripta
896 2125 1042 2178 erat;
1093 2117 1144 2165 id
1179 2123 1282 2178 est,
1308 2131 1410 2180 quo
1433 2122 1563 2166 tem·

491 2209 642 2260 pore,
661 2194 947 2265 quibusque
965 2194 1274 2243 Consulibus
1295 2191 1562 2275 conditum

492 2271 899 2331 esset.1·1inc
875 2285 1030 2334 Jocus
1053 2270 1332 2320 Martialis.

555 2349 718 2399 Eme.
741 2362 916 2399 Lxxx.
952 2353 979 2397 l
1002 2346 1271 2410 Quatenus]
1306 2346 1563 2405 Quoniam

493 2426 783 2492 composita
812 2425 1102 2490 jampace,
1139 2423 1361 2475 Romani
1398 2424 1563 2489 quiin

491 2503 752 2553 Sarmatia
772 2511 829 2553 et
848 2503 1020 2562 Dacia
1044 2508 1233 2560 vacant
1245 2502 1451 2565 studiis,
1462 2505 1563 2553 ὅτε.

494 2579 727 2646 Odrysios
759 2578 882 2640 jam,
926 2578 1032 2642 ξω]
1077 2578 1262 2642 Epigr.
1308 2582 1358 2628 7.
1403 2593 1565 2641 supra

487 2669 627 2706 vers.
669 2659 720 2707 2.
815 2655 1034 2718 Triones]
1099 2656 1307 2716 Ursam,
1369 2656 1565 2718 polum,

419 2767 424 2773 ·
487 2731 685 2797 ἅμαξαν,
719 2734 1161 2797 Septentrionem.
1223 2732 1363 2782 Vide
1383 2733 1564 2796 Epigr.

488 2815 572 2862 58.
595 2810 688 2860 lib.
712 2815 761 2860 6.
780 2811 959 2874 Epigr.
981 2813 1064 2859 11.
1084 2809 1175 2859 lib.
1195 2813 1246 2859 4.
1269 2823 1403 2858 vers.
1422 2814 1484 2866 3.,

556 2890 585 2935 3
621 2886 905 2935 Marcellino
919 2879 1121 2949 poteris,
1143 2885 1252 2950 ξω]
1309 2884 1564 2936 Profecto

489 2962 558 3012 ad
582 2962 774 3013 bellum
798 2962 1177 3013 Sarmaticum:
1216 2968 1276 3012 ut
1296 2961 1562 3026 Epigram.

491 3043 577 3089 25.
595 3039 688 3088 lib.
713 3043 764 3088 6.
788 3047 842 3088 et
863 3039 1043 3103 Epigr.
1065 3041 1147 3089 46.
1170 3038 1261 3087 lib.
1285 3042 1334 3087 9.
1475 3081 1478 3088 .

557 3122 587 3165 5
624 3117 789 3165 Parva
810 3114 966 3177 serat,
1000 3115 1107 3178 85c.]
1163 3115 1403 3165 Carmina
1425 3130 1456 3163 a
1478 3129 1562 3164 me

487 3191 564 3241 illi
581 3192 776 3241 donata
796 3190 935 3241 ferat
956 3192 1168 3255 elegans
1190 3207 1220 3240 a
1243 3197 1298 3241 te
1322 3206 1467 3255 puer.

556 3273 589 3317 7
626 3268 739 3317 Non
759 3268 930 3332 qualis,
947 3268 1055 3332 ξω]
1110 3269 1229 3318 Non
1255 3267 1510 3318 barbarus
1533 3283 1564 3317 e

493 3344 649 3395 Getis
665 3345 746 3394 vel
762 3343 975 3395 Gelonis
988 3342 1392 3406 γαλακτοφάγοις.
1426 3344 1565 3394 Vide

492 3424 766 3486 Epigram.
791 3426 840 3471 3.
864 3422 959 3471 lib.
982 3423 1164 3487 Spect.
1192 3437 1329 3472 vers.
1351 3426 1401 3472 4.

556 3501 589 3548 8
623 3498 825 3561 Rigida,
857 3498 964 3563 aa]
1026 3498 1211 3549 Glacie
1260 3504 1319 3549 et
1363 3497 1564 3562 frigore

490 3582 739 3639 concreto
764 3592 935 3626 amne.
1006 3576 1158 3640 Rota]
1194 3578 1393 3627 Currus
1416 3577 1565 3642 rotis,

490 3654 575 3704 vel
601 3654 804 3704 trocho.
848 3643 1118 3717 Epigram.
1144 3658 1257 3703 168.
1281 3653 1374 3704 lib.
1400 3658 1482 3704 14.

556 3736 590 3781 9
622 3730 921 3795 Mitylenoei]
976 3730 1171 3796 Groeci.
1238 3730 1448 3779 Graecia
1475 3745 1564 3780 au-

435 3853 442 3862 ,
492 3814 596 3857 tem
623 3807 979 3873 ,nequitiarum
1013 3804 1237 3856 officina.
1306 3806 1567 3871 Mitylene

491 3883 651 3935 Lesbi
695 3885 877 3946 insulae
928 3883 1195 3947 oppidum.
1285 3884 1569 3948 Mangom's]

493 3961 779 4048 Mangones
802 3961 1066 4014 hominum
1098 3960 1260 4023 g'enus
1288 3961 1567 4024 improbis-

489 4037 695 4100 simum,
737 4038 826 4103 qui
885 4052 1071 4102 pueros
1130 4036 1467 4099 enecabant,
1511 4045 1568 4088 et

493 4111 808 4175 frangebant
842 4114 897 4162 in
929 4115 1207 4165 Venerem.
1268 4116 1459 4210 Ppigr.
1481 4120 1565 4166 59.

492 4187 585 4260 lib.
608 4193 655 4237 1.
680 4202 812 4258 vers.
831 4193 879 4238 1.

565 4268 625 4316 10
661 4266 774 4314 Νοιι
817 4280 967 4316 coesus
1005 4268 1156 4317 adhuc
1186 4274 1338 4320 matre
1368 4253 1570 4333 jubente

1196 345 1426 405 Νοτιιιι.
1462 355 1866 405 vammum
1916 356 1992 405 1101

1629 501 1812 564 Ιιιιεωι]
1843 500 2005 565 Apud
2029 499 2448 561 Lacedaemonios
2460 497 2619 563 'pueri
2640 498 2691 547 iu

1632 594 1724 628 ara
1750 580 1938 629 Diana»
1977 576 2197 643 flagellis
2231 576 2692 629 caesi-exerceban·

1633 663 1721 706 tur
1762 656 2216 713 adtulerantiam.
2265 651 2693 717 ‘Adstaban'tque
2768 646 2773 657 ’

1633 741 1880 798 parentes
1904 742 1961 783 et
1985 734 2266 798 propinqui
2299 733 2389 797 qni
2421 731 2695 782 hortaban-

1622 815 1720 860 'tnr
1742 808 1981 874 διακέρσαι
2002 808 2117 874 πρὸς
2134 809 2219 858 τὸν
2237 806 2403 871 πόνον,
2431 807 2512 857 καὶ
2534 807 2696 869 {meap-

1631 888 1824 951 πρῆσαι
1842 889 1944 937 τοῖς
1963 888 2139 937 δεινοιι.
2174 886 2394 936 Lucian.
2400 883 2555 949 περὶ
2532 900 2697 946 qvia-va»

1632 962 1765 1012 σίων.

1698 1043 1758 1089 11
1794 1039 1866 1089 At
1889 1039 1980 1090 tibi
1999 1040 2205 1104 captivo,
2220 1039 2328 1104 ξε]
2374 1039 2456 1089 Et
2477 1037 2697 1088 Marcel-

1628 1115 1767 1171 linus
1789 1116 1969 1166 mittet
1990 1117 2088 1167 tibi
2111 1132 2141 1166 e
2161 1117 2327 1166 Dacia
2338 1115 2580 1176 devicta,
2615 1112 2698 1178 qui

1634 1201 1819 1257 pascat
1864 1208 1988 1244 oves
2030 1195 2083 1244 in
2116 1194 2394 1243 Tiburtina
2436 1200 2530 1241 tua
2565 1190 2696 1240 villa.

1633 1272 1818 1336 Epigr.
1840 1276 1923 1322 57.
1949 1271 2038 1323 lib.
2058 1276 2109 1323 4.

1699 1349 1860 1399 Eme.
1908 1360 2106 1397 Lxxxr.
2174 1346 2313 1396 Vide
2340 1345 2447 1395 .lib.
2495 1349 2543 1394 1.
2586 1343 2701 1406 Epi·

1634 1439 1864 1489 gramma
1888 1429 1966 1475 17.
1989 1433 2041 1474 et
2063 1424 2394 1491 Epigramma
2413 1426 2498 1472 87.
2519 1418 2686 1470 infra..

1702 1502 1868 1553 Eme.
1895 1515 2139 1552 Lxxxnr.
2173 1505 2205 1550 2
2240 1501 2415 1550 Altera
2431 1497 2700 1549 bar-basah-

1631 1578 1699 1643 ἐι]
1751 1580 1958 1630 Tardus
1998 1586 2177 1629 tonsor
2211 1592 2331 1627 seu.
2355 1576 2699 1637 circumspec-

1638 1664 1721 1707 tus
1746 1662 1945 1706 tantam
1969 1657 2121 1719 operi
2141 1654 2394 1718 impendit
2426 1662 2629 1702 moram
2648 1657 2705 1699 nt

1629 1733 1721 1781 vel
1740 1731 1949 1781 radenti
1989 1733 2157 1781 altera
2197 1735 2496 1780 succrescat
2533 1726 2711 1777 barba.¹

1632 1807 1772 1877 Vide
1791 1808 1976 1874 Epigr.
1998 1812 2080 1857 62.
2104 1807 2197 1858 lib.
2221 1812 2271 1857 8.

1704 1888 1869 1938 Erro.
1909 1896 2150 1940 mxxxiv.
2205 1891 2229 1936 1
2280 1887 2413 1936 Dum
2446 1901 2571 1947 mea,
2606 1885 2706 1948 qm]

1636 1964 1773 2014 Dum
1800 1966 2043 2016 Caecilius
2066 1964 2340 2015 Secundus
2382 1962 2635 2029 (Plinius,
2652 1970 2706 2011 ut

1636 2043 1814 2106 credo,
1833 2043 2038 2103 Junior‚
2065 2036 2289 2107 namque
2324 2042 2368 2091 is
2392 2040 2703 2103 'Bithyniam

1636 2126 1693 2168 et
1730 2120 1958 2176 Pontum
1984 2119 2216 2183 obtinuit
2250 2117 2578 2183 provincias)
2613 2115 2707 2167 sibi

1636 2192 1812 2258 effingi
1828 2202 1987 2265 'curat
2017 2210 2185 2246 meam
2207 2195 2510 2259 imaginem.
2555 2192 2704 2246 Quod

1636 2272 1917 2324 discessuri
1961 2272 2116 2323 amici
2158 2279 2340 2321 mutuo
2391 2268 2706 2337 factitabant

1637 2349 1703 2399 ad
1721 2350 2021 2400 memoriam
2037 2349 2332 2399 absentium
2346 2347 2706 2398 revocandam.

1661 2481 1667 2488 ,
1702 2428 1734 2475 2
1767 2425 1953 2491 Spirat,
1973 2425 2082 2491 ξω]
2116 2425 2202 2476 Ad
2227 2426 2400 2476 vivum
2413 2423 2613 2477 efficta.
2690 2461 2696 2473 .

1668 2493 1671 2498 ’
1703 2507 1733 2552 8
1768 2504 1977 2565 Peucen,
2016 2502 2311 2566 Isti-umque]
2350 2502 2600 2552 ‘Insulam
2624 2500 2704 2554 :ad

1639 2580 1764 2630 Istri
1798 2581 2010 2629 ostium.
2076 2577 2348 2650 Tae-entem]
2395 2577 2629 2628 Placidis
2653 2583 2706 2625 et

1637 2657 1783 2720 quasi
1804 2656 2163 2720 stagnantibus
2184 2655 2365 2721 aquis:

1636 2731 1829 2798 frigore
1843 2740 2174 2792 concretum.

1702 2814 1734 2860 4
1773 2811 1896 2859 Hoec
1917 2808 2164 2872 ἱοσα,8)·ο.]
2198 2810 2370 2873 Supra
2394 2822 2532 2861 vers.
2555 2814 2601 2858 1.
2646 2835 2651 2840 -

1702 2891 1753 2938 6,
1771 2886 1982 2949 Certior,
2001 2887 2109 2951 ξω]
2161 2886 2571 2949 Epigrammata·
2601 2884 2705 2933 Cae-

1638 2962 1759 3012 cilio
1780 2967 1948 3026 grata,
1972 2973 2029 3011 et
2050 2977 2166 3027 quae
2190 2962 2385 3025 ingenii
2411 2962 2517 3011 mei
2536 2960 2706 3022 imagi,-

1638 3053 1757 3106 nem
1801 3039 2079 3090 certiorem
2114 3039 2478 3102 expresserint
2511 3045 2566 3088 et
2603 3037 2705 3087 diu-

1639 3117 1919 3176 turniorem
1965 3116 2296 3178 retinuerint,
2339 3125 2507 3181 quam*
2537 3115 2705 3165 tabula

1638 3193 1835 3256 quasvis
1849 3192 1916 3242 ab
1940 3192 2151 3246 artifice
2165 3192 2477 3256 peritissimo
2500 3190 2685 3242 efficta.

1703 3272 2131 3322 Eme.1.xxxv.
2206 3272 2386 3322 Facile
2441 3286 2559 3321 esse
2617 3268 2707 3329 ait,

1640 3363 1800 3410 ιιιιιιιιι
1823 3350 2110 3398 alterumve
2133 3350 2470 3414 Epigramma
2487 3360 2708 3398 commo

1608 3463 1619 3468 -
1639 3413 1763 3474 dum
1786 3425 2048 3476 condere:
2082 3425 2174 3475 sed
2198 3426 2384 3475 librum
2406 3432 2594 3486 totum,
2613 3423 2703 3471 boe

1640 3502 1869 3561 difficile,
1904 3518 2002 3554 nec
2024 3504 2280 3569 cujusvis3
2312 3495 2636 3553 desideratur
2655 3500 2713 3548 in.

1643 3586 1801 3631 tanto
1817 3595 2035 3632 numero
2068 3583 2538 3647 Epigrammatum,
2568 3592 2699 3639 mag-

1556 3699 1559 3708 .
1640 3669 1710 3704 na
1727 3670 1898 3705 rerum
1926 3657 2171 3722 varietas,
2206 3664 2264 3706 et
2286 3663 2367 3706 tot
2406 3658 2707 3720 argumenta

1642 3742 1803 3810 quot
1798 3741 1925 3788 sunt
1947 3734 2373 3799 Epigrammata,
2405 3747 2504 3783 nec
2535 3729 2702 3797 quaeli-

1642 3809 1733 3859 bet
1755 3817 1883 3873 apta
1902 3823 1985 3859 res
2007 3810 2408 3874 Epigrammati.
2470 3809 2643 3858 Rader.

1644 3937 1647 3942 .
1709 3890 1733 3934 l
1773 3886 2028 3948 Quoedam]
2061 3887 2257 3936 Pauca.

1706 3965 1738 4011 2
1771 3962 1929 4024 Belle,
1948 3960 2134 4011 Sabelle
2137 3960 2321 4026 ,sacisJ
2372 3960 2507 4011 Vide
2529 3958 2700 4082 Epigr.

1641 4041 1723 4088 39.
1740 4038 1829 4087 lib.
1854 4043 1933 4088 12.

1705 4119 1737 4165 4
1761 4115 1859 4172 Sea
1874 4116 2064 4178 librum,
2079 4113 2185 4180 ὅςεί]
2209 4114 2557 4164 Desideratur
2573 4110 2699 4161 enim

1642 4191 1707 4241 ad
1731 4192 1917 4242 librum
1938 4179 2307 4255 perficiendum
2329 4191 2565 4254 varietas,
2587 4202 2705 4238 acu

1642 4283 1785 4333 men,
1804 4276 1861 4320 et
1882 4270 2058 4333 largus
2084 4267 2276 4331 ingenii
2303 4265 2435 4317 fons.

2404 2654 2490 2704 vel
2516 2655 2633 2719 gelu
2655 2657 2705 2702 et
2784 2693 2787 2702 ,
