2985 4937
619 422 730 475 ΔΜ.
770 416 973 469 ’ὙΑῑι.“
1008 414 1431 471 MAR'mALts
1482 421 1736 472 EPIGR.
1786 421 1937 471 Lm.
1983 422 2097 471 111.

329 549 360 595 7
396 545 579 596 Dicet.-
614 550 874 611 responde,·
912 547 1083 610 Poiita]
1108 548 1335 598 Omnino

268 623 543 687 legendum
568 641 685 675 cum
724 626 973 689 Grutero,
991 626 1164 689 veniet,
1187 632 1241 675 tu
1262 642 1336 674 re-

263 702 484 762 spondeto
510 702 681 752 Po'e'ta.
748 703 883 752 Nam
930 702 1065 766 quod
1101 702 1339 765 Scaliger

264 783 413 839 aptat
455 792 487 828 e
536 779 757 828 Manilio
789 779 876 828 lib.
912 792 966 828 V.
1023 778 1138 828 ‘Sic
1177 778 1337 827 etiam

264 869 446 919 magno
486 857 725 921 quaedam
772 857 1087 922 respondere
1143 857 1337 906 mundo

264 929 395 980 Haec
437 940 631 983 natura
662 932 791 982 facit
809 932 844 981 :'
878 939 936 982 ut
975 933 1138 982 multo
1176 933 1338 995 magis

261 1007 512 1072 insolens,
549 1016 606 1058 et
642 1008 882 1058 vitiosum
895 1009 1095 1073 judico.
1162 1009 1338 1074 Scrip-

261 1082 328 1132 sit
348 1089 531 1133 antem
554 1085 809 1134 Manilius
831 1102 846 1134 ε
883 1089 899 1114 ‘
920 1085 1157 1150 quaedam
1179 1100 1236 1134 se
1259 1101 1339 1136 os·

256 1159 514 1210 teudere.'
585 1161 838 1211 Similiter
877 1163 1130 1225 deceptus
1167 1170 1249 1212 est
1284 1163 1336 1212 iu

261 1235 345 1285 illo
364 1236 632 1287 Martialis
658 1237 747 1288 lib.
771 1252 854 1288 11.
896 1241 911 1277 ⁴
935 1240 1128 1289 Lector
1146 1240 1287 1289 salve
1305 1242 1341 1289 :’

263 1326 377 1363 nam
425 1315 641 1365 omniuo
698 1316 869 1365 verius
923 1324 1026 1378 est,
1058 1318 1198 1366 solve.
1265 1317 1337 1367 Et

261 1390 396 1453 apud
427 1392 702 1441 Valerium
746 1384 988 1442 Flaccum
1032 1392 1125 1442 lib.
1159 1399 1209 1444 5.
1231 1394 1335 1453 Ms.

196 1466 205 1475 ⁴
261 1466 443 1516 ‘viden
469 1468 584 1517 alta
602 1474 894 1518 comantem
920 1469 1148 1518 Pectora
1161 1469 1199 1517 θ’
1232 1485 1336 1521 non

260 1545 413 1597 ‘vide
439 1547 552 1597 lata
595 1547 924 1599 comantem.’
961 1549 1172 1599 Gronov.
1236 1550 1334 1598 Re-

255 1623 447 1687 sponde]
466 1625 735 1689 Pleraque
754 1626 935 1687 verba,
951 1640 1065 1690 quae
1079 1626 1191 1690 jam
1214 1631 1337 1676 suut

256 1700 505 1750 secundae
565 1707 771 1751 tantum
820 1700 1133 1765 inflexionis,
1187 1694 1338 1752 fuere

258 1777 437 1840 priscis
464 1783 529 1828 et
551 1778 740 1849 tertiae.
760 1777 834 1827 sic
867 1779 987 1838 mle,
1005 1779 1338 1841 cace,fervere

256 1855 333 1916 ξε.
401 1853 668 1903 Gruterus
688 1868 753 1902 ex
794 1854 922 1905 Mss.
942 1855 1096 1917 legit:
1138 1856 1337 1911 Quando

258 1931 415 1981 venit?
448 1931 602 1980 dicet.
626 1937 681 1979 tu
713 1932 989 1993 respondeto
1007 1947 1023 1979 .·
1051 1931 1229 1995 Poeta,
1253 1934 1336 1996 ξε.

260 2007 336 2056 vel
374 2008 559 2070 Bong.
593 2006 927 2067 membrana:
971 2008 1035 2056 Et
1056 2010 1239 2071 quando
1259 2025 1336 2059 oe·

260 2085 368 2150 niet,
407 2085 580 2136 dicens
622 2082 864 2147 responde,
887 2088 973 2148 85c.
1037 2083 1214 2147 Poeta]
1246 2084 1338 2135 Sc·

261 2161 434 2224 cessit,
487 2161 613 2225 quia
654 2168 772 2210 erat
814 2160 1014 2223 Poeta3
1070 2161 1340 2211 ‘artibus’

261 2246 430 2290 antem
449 2240 466 2269 ‘
483 2237 718 2288 honestis
735 2238 920 2287 Nullus
937 2237 988 2286 in
1008 2237 1134 2287 urbe
1156 2228 1341 2301 locus?

260 2319 356 2367 ἅο.
391 2326 456 2369 ut
480 2315 724 2381 queritur
747 2313 1040 2365 Umbritius
1082 2314 1219 2379 apud
1243 2314 1340 2366 Ju-

263 2408 376 2443 ven.
395 2395 452 2444 S.
474 2397 527 2443 3.
549 2397 635 2442 21.

321 2476 353 2519 8
392 2470 590 2532 Veniet,
628 2466 737 2533 gc]
772 2467 875 2519 Ubi
920 2465 1055 2518 forte
1095 2467 1340 2518 didicerit

262 2547 324 2596 ad
346 2547 608 2597 citharam
654 2559 861 2607 canere,
896 2545 1121 2595 redibit:
1159 2545 1339 2609 majori

261 2624 391 2674 enim
418 2625 476 2674 in
505 2624 675 2686 pretio
714 2624 894 2672 Romae
921 2630 1044 2671 sunt
1066 2623 1338 2672 citharoedi

262 2717 409 2765 quam
427 2699 624 2765 poetae.
691 2700 1027 2764 Epigramma
1044 2700 1339 2763 Satyricum

262 2784 359 2840 est,
392 2794 459 2828 ac
482 2778 647 2827 seculi
673 2777 947 2826 stultitiam
988 2784 1043 2826 et
1075 2776 1338 2825 inscitiam

266 2855 524 2916 traducit,
557 2868 660 2918 quo
680 2853 1079 2903 citharoedorum
1104 2861 1260 2918 atque
1285 2852 1337 2902 id

266 2944 426 2993 genus
465 2928 726 2978 homiuum
774 2928 1005 2978 conditio
1045 2930 1206 2977 multo
1231 2930 1338 2977 laus

239 3043 244 3050 .
267 3007 363 3055 tior
386 3013 528 3067 erat,
562 3019 716 3069 quam
757 3004 1029 3071 poetarum
1054 3013 1144 3054 aut
1166 3005 1338 3056 erudi·

267 3088 437 3133 torum
470 3083 751 3132 hominum.
807 3081 955 3131 Idem
993 3083 1029 3132 1.
1077 3087 1125 3130 5.
1166 3081 1335 3145 epigr.

267 3164 344 3210 56.
361 3168 421 3210 et
444 3160 480 3212 J
487 3175 639 3210 uven.
657 3158 770 3209 Sat.
793 3162 842 3208 3.
860 3174 991 3209 vers.
1016 3163 1096 3210 64.
1121 3159 1336 3209 Sueton.

268 3238 424 3303 Vesp.
451 3254 574 3301 cap.
597 3242 677 3288 19.
726 3238 931 3286 Herald.

329 3316 569 3365 Emmv.
606 3319 632 3364 1
678 3313 782 3376 Vis,
816 3314 924 3378 ξω]
957 3314 1055 3362 Est
1080 3312 1183 3362 alia
1197 3328 1337 3376 pros-

268 3392 484 3455 phonesis
506 3393 659 3457 hujus
675 3392 817 3453 libri,
840 3392 902 3441 ad
925 3391 958 3443 J
966 3390 1121 3439 ulium
1148 3391 1338 3441 Cerea·

274 3470 372 3519 lem
430 3471 657 3522 amicum
711 3486 880 3532 suum,
930 3475 1188 3532 concepta
1244 3484 1338 3533 per

272 3546 585 3611 apostrophen
640 3545 705 3596 ad
775 3543 999 3594 eundem
1072 3544 1336 3605 libellum;

271 3637 416 3686 quem
461 3630 634 3687 rogat,
671 3622 866 3672 velitne
916 3621 1112 3682 multiS‚
1161 3637 1223 3670 an
1248 3613 1339 3672 uni

275 3708 474 3751 tantum
496 3701 640 3753 Julio
660 3699 1041 3750 commendari:
1079 3699 1337 3763 docetque

273 3793 368 3841 qna
389 3779 457 3828 ad
479 3779 590 3843 ejus
608 3778 820 3827 domum
844 3778 913 3826 sit
936 3777 1119 3837 iturus,
1142 3777 1230 3825 ubi
1252 3777 1340 3825 ha·

275 3853 426 3920 bitet,
470 3863 790 3919 excusatque
829 3853 1055 3916 eleganti
1082 3853 1341 3902 sententia

276 3930 533 3982 defectum
549 3923 835 3980 literarum.
909 3929 1144 3977 Ramires.

316 4013 365 4060 ,3
406 4010 541 4059 Unus
578 4008 692 4070 erit,
735 4008 839 4072 ssa]
886 4007 1063 4056 Instar
1102 4006 1185 4054 vel
1223 4007 1339 4055 loco

278 4086 546 4135 multorum
594 4085 702 4135 erit
738 4084 932 4148 Julius,
954 4082 1343 4149 quimihifami-

280 4160 412 4212 liaris
431 4159 553 4225 fuit,
573 4160 774 4226 tibique
794 4159 912 4209 erit.
948 4159 1157 4209 Farnab.

338 4242 370 4287 4
401 4237 583 4300 Julius,
599 4236 709 4300 ξω]
745 4237 926 4299 Epigr.
950 4240 1029 4285 16.
1048 4234 1139 4284 lib.
1166 4238 1211 4284 1.

340 4319 368 4362 5
405 4314 584 4378 Primi,
599 4312 709 4378 Sym]
744 4312 930 4363 Lectio
954 4311 1155 4371 sanior3
1185 4324 1337 4375 quam

2303 408 2478 475 1165

1413 562 1447 599 a
1467 547 1730 598 Scriverio
1765 548 2060 599 restitutam
2083 548 2355 599 confirmat
2375 550 2480 601 Ms-

1414 640 1445 675 e
1488 627 1680 676 nostris
1702 626 1852 676 alter.
1917 625 2112 675 Domus
2148 627 2258 676 baec
2279 625 2376 675 tibi
2401 641 2480 676 ur·

1412 701 1531 753 bem
1554 702 1785 766 ingresso
1809 702 1979 767 prima
2009 708 2272 767 est,quam
2299 704 2481 768 Daph-

1411 778 1494 828 nis
1514 779 1721 844 quidam
1746 777 2051 843 possederat
2067 779 2207 841 prior
2223 779 2479 841 dominus,

1412 866 1550 903 nunc
1597 860 1744 905 tenet
1791 854 1979 906 Julius.
2065 855 2224 905 Quasi
2259 854 2480 915 diceret,

1412 936 1555 980 recta
1578 931 1665 980 adi
1693 930 1892 993 Julium
1928 931 2218 995 Cerealem,
2253 945 2477 995 eumque

1412 1007 1580 1057 saluta
1616 1007 1666 1056 in
1711 1009 1904 1072 ‘primi
1948 1008 2078 1058 tecti
2133 1006 2348 1069 liminess
2380 1008 2478 1059 hoc

1411 1092 1512 1147 est,
1533 1084 1585 1134 in
1625 1085 1761 1135 atrio
1796 1086 1930 1149 ipso,
1955 1091 2017 1135 ut
2047 1085 2090 1134 si
2120 1085 2349 1136 diceret:
2387 1086 2480 1135 Nil

1410 1178 1542 1227 opus
1568 1164 1663 1212 tibi
1686 1171 1900 1228 captare
1932 1170 2228 1223 secretum3
2267 1163 2318 1211 in
2344 1162 2480 1213 atrio

1410 1241 1543 1306 ipso,
1558 1256 1674 1307 quae
1708 1242 1874 1306 prima
1896 1255 2015 1306 pars
2038 1241 2225 1291 aedium
2244 1246 2299 1289 et
2315 1240 2484 1290 limini

1410 1318 1649 1382 proxima
1690 1325 1790 1376 est,
1831 1318 1970 1367 inter
2024 1319 2373 1368 salutatorum
2426 1325 2483 1368 et

1409 1393 1677 1444 clientium
1700 1393 1872 1444 officia
1913 1409 2032 1444 eum
2065 1393 2210 1444 adire
2247 1394 2478 1458 poteris=

1409 1471 1552 1520 nulla
1577 1472 1713 1521 enim
1752 1486 1898 1521 mora
1919 1470 2229 1536 interposita
2257 1470 2483 1535 recipiet

1411 1556 1483 1609 te,
1530 1555 1586 1598 et
1609 1549 1788 1612 leget.
1821 1548 2134 1600 Musambert.
2204 1549 2402 1605 Qua-res
2422 1549 2477 1599 in

1408 1625 1574 1676 limine
1592 1626 1732 1689 tecti]
1775 1626 1890 1676 Imo
1922 1627 2097 1689 prime
2134 1629 2274 1676 tecta
2310 1626 2481 1677 verius

1411 1709 1519 1751 est:
1577 1709 1633 1753 et
1672 1717 1855 1752 sensns
1896 1717 1957 1751 eo
2017 1702 2182 1752 ducit.
2265 1703 2482 1754 Utrum-

1409 1792 1476 1828 ne
1517 1779 1835 1829 commodius
1872 1784 1957 1829 est
1988 1778 2186 1842 dicere,
2208 1777 2262 1828 in
2294 1779 2480 1830 urbem

1411 1856 1479 1905 ad
1498 1853 1534 1908 J
1541 1857 1719 1919 ulium,
1735 1855 1967 1905 invenies
1988 1870 2104 1904 eum
2140 1853 2192 1903 in
2217 1855 2479 1905 vestibulo

1414 1934 1623 1995 oedium,
1639 1949 1766 1999 quas
1786 1933 1972 1984 habuit
1987 1932 2263 1995 Daphnis?
2299 1947 2367 1981 an
2390 1946 2480 1996 po-

1415 2008 1538 2070 tius,
1560 2010 1673 2059 vise
1702 2008 1923 2070 Julium,
1967 2022 2122 2072 quem
2155 2005 2387 2056 invenies
2427 2006 2481 2055 in

1413 2087 1529 2150 ipso
1550 2086 1785 2148 ingressu
1820 2084 1918 2134 viae
1941 2083 2145 2146 Tectae,
2168 2081 2330 2143 aedes,
2352 2097 2481 2146 quas

1411 2161 1649 2224 Daphnis
1687 2161 1882 2222 habuit,
1902 2156 2258 2209 habitantem?
2325 2159 2481 2208 Unde

1412 2237 1672 2288 Martialis
1723 2235 1995 2287 vaticinari
2035 2239 2245 2298 poterat
2283 2233 2484 2285 ,lulium

1411 2313 1524 2364 fore
1546 2317 1598 2364 in
1623 2313 1902 2375 vestibu10,
1940 2327 2057 2362 cum
2078 2311 2211 2360 liber
2233 2325 2298 2359 co
2340 2310 2483 2360 veni-

1414 2393 1531 2441 ret?
1600 2390 1741 2455 Ergo
1783 2390 1951 2454 primae
1994 2389 2152 2437 Tectoe
2198 2387 2359 2450 limen,
2399 2393 2482 2437 est

1412 2468 1674 2533 ingressus
1699 2470 1795 2519 viae
1832 2468 2026 2517 Tectae.
2093 2464 2264 2516 Quum
2309 2464 2480 2513 vicum

1413 2546 1549 2593 euim
1588 2546 1797 2605 scimus,
1841 2541 1995 2592 facile
2041 2548 2122 2590 est
2158 2538 2391 2588 homines
2426 2546 2483 2587 et

1414 2620 1555 2670 aedes
1582 2621 1835 2683 reperire,
1857 2616 2200 2681 sipraesertim
2218 2629 2323 2663 non
2344 2629 2485 2678 mag·

1413 2711 1535 2746 num
1584 2696 1913 2745 intervallum
1946 2690 2320 2743 intercesserit.
2358 2688 2484 2746 Grae

1412 2789 1519 2823 nov.
1565 2773 1618 2822 in
1643 2770 2055 2836 Apocolocynth.
2089 2770 2323 2819 Senecae.
2357 2783 2482 2832 pag.

1414 2853 1532 2899 850.

1478 2930 1510 2976 7
1547 2925 1863 2989 Manibusque
1883 2923 2100 2987 sinuque]
2121 2920 2485 2971 Gratissimum

1414 2999 1739 3051 forelibrum
1768 3000 2029 3061 ostendit;
2064 2999 2225 3048 chara
2257 2998 2393 3047 enim
2417 2996 2484 3047 si-

1415 3092 1481 3126 nu
1499 3079 1805 3142 excipimus,
1826 3092 1885 3127 ac
1911 3084 2196 3140 gestamus.
2355 3077 2359 3088 '

1479 3158 1543 3203 10
1579 3156 1794 3216 Marcus,
1832 3152 1939 3216 ξω]
1996 3153 2040 3202 E
2079 3149 2341 3201 salutandi
2381 3148 2486 3198 for-

1412 3232 1571 3280 mula.
1593 3232 1826 3281 Brisson.
1845 3231 1934 3280 lib.
1953 3233 2002 3278 8.
2025 3224 2173 3278 form.
2194 3230 2209 3257 ‘
2224 3225 2487 3277 Martialis

1412 3309 1640 3357 salutem
1664 3306 1829 3357 dicit!

1478 3390 1540 3435 11
1564 3385 1719 3446 Alios,
1736 3383 1845 3449 ξω]
1867 3383 2101 3445 Alienos,
2117 3381 2338 3446 ignotos,
2364 3380 2484 3429 Pec-

1410 3462 1515 3526 cat]
1572 3464 1741 3512 Nemo
1781 3461 1987 3525 sapiens
2033 3473 2088 3507 se
2152 3458 2483 3507 commendat

1412 3540 1592 3589 amicis
1610 3539 1715 3587 suis
1746 3539 2028 3601 diligenter
2052 3541 2108 3584 et
2128 3535 2348 3585 solicite.

1477 3618 1643 3665 Eme.
1669 3630 1748 3665 vr.
1782 3620 1801 3664 l
1834 3615 1946 3664 Lux
1968 3613 2076 3670 tibi,
2101 3612 2207 3675 ξω]
2229 3607 2477 3659 Assenta-‘

1415 3700 1500 3743 tur
1522 3694 1747 3758 Egnatio
1771 3689 2080 3741 Marcellino
2104 3689 2172 3738 ob
2205 3688 2370 3752 patris
2396 3702 2483 3734 na-

1415 3772 1573 3836 talem
1629 3780 1684 3819 et
1740 3776 1998 3818 resectam
2049 3766 2274 3815 barbam.
2343 3762 2480 3826 Lux]

1414 3846 1541 3896 Dies
1565 3846 1746 3894 tertius
1770 3851 1892 3909 post
1932 3842 2057 3892 Idus
2080 3841 2272 3904 MajaS,
2305 3838 2357 3887 id
2380 3847 2482 3902 est,

1419 3926 1498 3971 16.
1524 3921 1737 3972 Calend.
1759 3918 1919 3972 Junii.

1477 4003 1510 4048 2
1545 4000 1640 4047 Bis
1676 3996 1959 4062 celebremda⁴
1982 3990 2155 4054 sacris]
2193 3991 2253 4041 In
2279 3989 2479 4040 duobus

1413 4076 1651 4126 versibus
1700 4071 2034 4138 sequentibus
2058 4069 2290 4120 ostendit
2323 4067 2482 4133 gemi-

1414 4153 1467 4202 ni
1485 4153 1619 4202 sacri
1643 4166 1843 4200 causaS.
2403 4199 2408 4206 ,

1477 4234 1508 4279 3
1545 4229 1776 4292 Imputat,
1798 4224 1904 4288 Syru]
1963 4223 2097 4273 Haec
2118 4222 2230 4272 dies
2252 4221 2478 4284 imputat

1416 4314 1662 4371 tauquam
1685 4301 1996 4353 beneficium
2021 4300 2249 4367 (legaset
2277 4300 2475 4361 Compu-
