2985 4937
684 382 764 455 Μ.
810 409 983 458 vn..
1028 408 1450 458 ΜΑιιτιΑωε
1504 410 1746 459 amca.
1796 411 1939 458 mn.
1987 413 2148 460 v111.

383 553 409 598 1
469 549 740 599 eonducta
787 552 1002 615 penates]
1055 552 1377 604 Conductum

321 642 421 678 mre
443 628 660 678 cellam:
698 631 1064 693 paupertinum
1096 628 1258 680 fuisse
1288 631 1377 680 do-

318 710 419 765 cet,
465 705 554 768 qui
598 705 798 754 aedibus
837 706 1087 771 caruerit,
1120 714 1180 756 ut
1217 705 1378 758 fuerit

317 795 442 846 opus
485 781 779 832 conducere
832 783 1043 846 pretio;
1094 791 1151 833 et
1193 784 1376 839 cellam

318 867 538 926 tantum,
560 876 667 912 non
688 862 915 927 domum,
938 863 1030 912 sed
1054 864 1236 914 domus
1261 878 1377 928 par·

319 943 441 987 tem.

375 1020 407 1065 2
439 1014 710 1079 Lingonus]
744 1009 824 1064 Ea
844 1015 975 1065 urbe
998 1014 1181 1065 Gauiae
1212 1016 1375 1067 Celti·

315 1107 406 1155 cae,
445 1092 681 1154 Langm.
752 1093 914 1155 Tecta,
944 1092 1051 1157 ξω]
1086 1094 1180 1142 Via
1212 1095 1377 1146 Tecta

312 1184 401 1220 seu
424 1170 729 1232 Fornicata,
748 1185 863 1236 quae
882 1170 946 1221 ad
972 1170 1239 1235 Campum,
1256 1186 1375 1236 pro·

310 1260 376 1310 pe
401 1247 729 1297 Flaminiam.

374 1327 403 1371 3
439 1325 669 1388 Expulit,
705 1323 813 1388 ξω]
846 1325 1000 1376 Elisit
1037 1326 1216 1385 talum,
1249 1328 1374 1379 laeso

308 1400 495 1465 pollice
520 1401 691 1465 pedis.

370 1480 403 1525 6
446 1478 651 1540 Ingenti
685 1478 890 1542 domino,
926 1478 1034 1543 ξω]
1081 1478 1278 1530 Grandi
1319 1487 1375 1530 et

309 1552 488 1605 obeso.
806 1576 812 1585 ·

369 1634 400 1679 7
425 1630 591 1680 Ἑεννε
618 1630 877 1695 lacernam]
912 1633 975 1682 In
998 1647 1143 1682 usum
1168 1633 1382 1697 domini,

309 1707 584 1757 adversum
604 1708 932 1772 ingruentem
954 1709 1129 1760 subito
1154 1711 1377 1774 pluviam

308 1787 388 1837 vel
414 1792 810 1850 tempestatem.
836 1786 1104 1849 Alii,ferre
1119 1788 1380 1838 lucernam:

307 1863 428 1927 quia
462 1866 479 1892 ‘
502 1878 622 1912 sera
643 1862 830 1914 nocte!
899 1864 1086 1915 Recte.

369 1945 401 1990 8
436 1940 693 1990 Succurrit
727 1940 924 2009 misero]
966 1942 1132 1993 Servo
1170 1941 1378 2005 misero,

306 2017 392 2082 qui
414 2017 684 2068 dominum
704 2027 916 2080 portare
937 2033 1037 2067 non
1059 2026 1280 2083 poterat,
1296 2035 1378 2071 ca·

305 2109 364 2144 su
388 2103 737 2145 occurrerunt
759 2095 1091 2160 vespillones,
1112 2097 1199 2162 qui
1223 2097 1377 2148 cada·

306 2187 399 2222 ver
420 2169 736 2222 efferebant.

366 2255 401 2301 9
434 2249 692 2312 Inscripti,
731 2248 837 2312 ξω]
885 2249 1034 2299 Servi
1077 2250 1379 2316 stigmatiae,

304 2326 475 2376 literis
503 2325 686 2388 inusti,
703 2325 901 2375 literati
925 2327 1253 2390 vespilloneS.
1291 2328 1377 2378 In-

301 2403 498 2468 scripti]
531 2403 698 2452 Erant
718 2403 856 2452 enim
890 2403 1100 2468 publica
1120 2404 1380 2468 mancipia

304 2482 421 2533 huic
439 2482 594 2545 operi
610 2482 883 2533 attributa.
914 2481 1166 2548 Inscripti
1184 2494 1378 2544 autem,

306 2567 366 2611 ut
398 2561 414 2587 ‘
434 2559 667 2609 literati'
702 2560 892 2611 Plauto
915 2567 971 2611 et
1003 2559 1248 2625 Apuleio.
1282 2562 1378 2618 Ju-

305 2638 509 2686 venalis
532 2637 704 2701 Satyr.
728 2641 806 2687 14.
870 2638 886 2666 ‘
914 2638 1081 2689 Quem
1115 2637 1245 2687 mire
1268 2637 1378 2689 affi-

285 2716 453 2780 ciunt
476 2715 734 2779 inscripta
754 2715 1038 2779 ergastula,
1053 2729 1237 2768 carcer
1253 2715 1382 2766 Rus·

308 2792 486 2845 tiens!
547 2794 750 2843 Seneca
775 2792 871 2842 lib.
894 2796 943 2844 3.
969 2792 1038 2842 de
1059 2792 1166 2855 Ira,
1188 2807 1312 2859 cap..
1328 2797 1378 2845 3.

306 2877 322 2900 ‘
342 2873 509 2922 Varia
530 2872 853 2922 vinculorum
876 2885 1088 2935 genera,
1108 2872 1252 2922 varia
1273 2887 1377 2936 με·

306 2964 514 3012 narum,
535 2948 879 3002 lacerationes
902 2949 1268 3012 membrorum,
1302 2951 1380 3001 in.

307 3027 628 3092 scriptiones
645 3024 853 3087 frontis,
882 3033 940 3076 et
973 3027 1252 3078 bestiarum
1288 3030 1381 3080 irn-

307 3108 538 3155 manium
575 3103 786 3170 cavere?
817 3104 1025 3156 Herum.
1100 3105 1206 3158 Vile
1236 3109 1379 3158 eada·

308 3182 417 3245 uer]
452 3183 520 3231 Et
541 3182 739 3232 idcirco
762 3181 829 3231 ab
849 3181 1113 3246 inscriptis
1136 3184 1299 3234 servis
1322 3193 1380 3236 et

310 3259 684 3323 vespillonibus
702 3257 1053 3320 bajulabatur.

379 3340 444 3385 lo
459 3335 652 3398 Accipit
668 3335 857 3399 infelix,
872 3335 977 3399 afa]
999 3336 1052 3392 Ε,
1062 3323 1379 3400 panaetium

313 3412 450 3462 enirn
476 3412 654 3475 plures
683 3411 735 3462 in
758 3426 916 3461 unum
938 3427 1116 3475 rogum
1138 3414 1380 3477 conjicie-

313 3488 524 3554 bantur.
592 3488 667 3538 At
689 3496 872 3542 contra
893 3488 1115 3542 divitum
1135 3498 1191 3540 et
1214 3491 1379 3542 claro*

313 3579 426 3620 rum
448 3565 675 3614 viromm
698 3564 808 3628 rogi
838 3565 963 3618 elati
995 3572 1052 3615 et
1084 3567 1295 3631 superbi
1326 3582 1379 3616 e·

311 3652 445 3695 rant.
491 3645 669 3709 Ipsum
688 3646 845 3696 etiam
866 3646 1196 3709 sepulchrum
1214 3647 1381 3710 majus

316 3720 627 3787 quandoque
660 3728 715 3771 et
748 3722 901 3771 altius
930 3722 1267 3778 exstruebant
1289 3724 1379 3775 ho·

316 3799 681 3854 noratioribus.
719 3797 925 3851 Herald.

379 3882 442 3927 11
483 3876 666 3935 Comes,
683 3873 799 3937 ξω]
816 3874 1008 3925 Servus
1031 3875 1186 3929 Galli.

381 3957 444 4002 12
481 3953 630 4001 Inane
651 3950 848 4014 ferant]
881 3952 1091 4022 Sterile,
1125 3961 1179 4004 et
1215 3954 1379 4020 impo-

318 4037 428 4081 tens
452 4030 520 4080 ad
554 4028 909 4093 generandum
941 4030 1024 4080 sui
1059 4030 1262 4092 simile;
1295 4048 1381 4081 ex·

316 4122 433 4171 pers
458 4105 823 4171 procreatricis
844 4104 1131 4169 facultatis,
1161 4123 1273 4171 quae
1296 4123 1380 4158 ve-

319 4184 546 4246 getantis
562 4183 746 4236 animae
765 4188 863 4232 est.
886 4180 1158 4237 Aristotel.
1175 4185 1239 4235 de
1255 4183 1382 4236 Ani·

318 4274 421 4310 rna.
443 4253 560 4323 cap.
577 4262 628 4309 4.
648 4266 756 4308 tex.
777 4261 864 4314 48.
891 4259 1029 4312 Vide
1048 4274 1185 4311 vers.
1205 4266 1287 4312 16.
1301 4262 1380 4312 in·

320 4334 415 4388 fra.
479 4336 730 4414 Raderus
753 4335 951 4390 mavult
982 4337 1083 4390 hoc
1102 4337 1291 4393 referri
1313 4341 1379 4394 ad

2343 399 2516 467 1321

1449 555 1692 606 cadaver.
1760 556 1931 623 Rogat
1952 558 2088 606 enim
2120 571 2318 620 servus,
2349 565 2409 609 ut
2432 574 2521 610 ca·

1450 633 1611 682 daver
1631 633 1684 683 in
1710 649 2069 700 quemcunque
2089 638 2329 701 angulum
2355 637 2516 703 depo-

1448 719 1580 762 nant
1614 718 1668 761 et
1707 713 1888 763 tollant
1925 713 2183 763 dominum
2220 729 2389 776 suum,
2425 715 2518 764 do-

1449 778 1927 853 mumque'ferant,
1965 800 2020 839 et
2063 789 2255 840 deinde
2291 790 2518 842 cadaver
2618 812 2620 814 ’

1451 878 1604 928 porro
1630 862 1868 917 efferant.
1922 866 2096 930 Inane]
2125 868 2410 931 Mortuum,
2431 872 2515 931 ψυ-

1448 942 1544 1003 χῆς
1579 940 1901 1006 ἐστερημένον.
1971 943 2130 994 ovid.
2169 945 2224 993 in
2260 945 2517 1008 Epicedio

1449 1019 1677 1069 Tibulli:
1703 1022 1718 1048 ‘
1741 1020 1840 1070 Ille
1862 1020 1936 1071 tui
1958 1029 2103 1070 vates
2123 1023 2317 1086 operiS,
2337 1027 2428 1079 tua
2443 1021 2516 1072 fa·

1448 1106 1536 1142 ma
1561 1095 1819 1160 Tibullus,
1841 1097 2013 1148 Ardet
2034 1099 2088 1147 in
2112 1105 2380 1149 exstructo
2407 1113 2518 1149 cor-

1448 1187 1547 1235 pus
1568 1172 1722 1224 inane
1747 1176 1907 1239 rogo!
1974 1176 2059 1226 Sic
2092 1177 2279 1225 ‘inane
2314 1174 2522 1243 solum‚’

1449 1266 1544 1317 pro
1567 1251 1765 1305 inferis,
1831 1256 2060 1321 Erravit,
2084 1256 2229 1307 *unde
2265 1258 2380 1322 quis
2416 1258 2517 1308 hoc

1448 1329 1850 1395 deprompserit.
1884 1333 2078 1384 Allusit
2097 1335 2232 1385 enim
2253 1336 2318 1385 ad
2342 1336 2517 1396 locum

1446 1406 1604 1457 Statii
1628 1407 1662 1457 l.
1680 1413 1728 1458 1.
1758 1408 2089 1462 Thebaidos:
2126 1412 2140 1438 ‘
2159 1413 2344 1463 Pulsat
2362 1412 2517 1465 inane

1448 1483 1650 1534 solum!
1706 1485 1891 1549 Quod,
1924 1488 1990 1539 ad
2027 1503 2143 1539 euin
2182 1490 2354 1540 locum
2389 1489 2521 1539 dixi-

1450 1575 1583 1624 mus,
1609 1561 1676 1611 de
1700 1564 1872 1613 vacuis
1897 1564 2077 1630 OEdipi
2100 1568 2368 1623 oculorum
2389 1567 2518 1618 locis

1452 1639 1814 1703 accipiendum
1834 1656 1966 1691 esse.
2002 1642 2214 1693 Gronov.

1521 1721 1580 1766 13
1614 1718 1930 1767 Permutatur
1965 1718 2104 1781 onus]
2146 1718 2327 1769 Gallus
2364 1719 2519 1781 cada-

1451 1807 1594 1843 vere.
1638 1793 1936 1857 stipataque,
1951 1795 2060 1858 ξω]
2083 1794 2131 1845 Α
2152 1803 2374 1859 quatuor
2392 1797 2518 1862 stig-

1448 1875 1588 1921 mate
1603 1870 1790 1919 inustis
1804 1871 2125 1921 libitinariis:
2148 1872 2228 1920 vel
2251 1873 2266 1899 ‘
2285 1872 2521 1938 stipata,'

1450 1947 1503 1996 id
1528 1954 1626 2009 est,
1648 1948 1848 1998 intrusa
1871 1955 1926 1999 et
1950 1949 2149 1998 inserta
2172 1948 2223 1997 in
2246 1956 2518 2013 angustam

1451 2025 1916 2090 sandapilam,quae
1936 2024 2292 2090 praepinguem
2306 2025 2517 2077 Gallum

1450 2103 1540 2153 vix
1569 2111 1801 2167 caperet.

1457 2222 1460 2223 γ
1518 2186 1579 2237 14
1604 2182 1832 2246 Saroiua]
1857 2183 2054 2234 Gallus.
2089 2182 2374 2247 Suudupila]
2395 2183 2520 2234 San-

1451 2257 1623 2322 dapila
1646 2260 1782 2308 enim
1809 2260 1929 2308 vilia
1947 2261 2206 2311 cadavera
2228 2259 2520 2313 effereban-

1454 2341 1559 2398 tur,
1581 2342 1638 2385 ut
1663 2343 1813 2385 notat
1836 2336 2163 2398 Fulgentius.
2230 2348 2234 2357 ’

1521 2415 1582 2460 15
1625 2413 1727 2463 Hic
1762 2413 1883 2462 milii
1920 2415 1978 2462 de
2011 2412 2198 2476 mauis]
2254 2411 2518 2477 Adagium

1453 2492 1754 2556 protritum,
1778 2487 1844 2539 εἷς
1867 2490 1920 2539 ἐκ
1938 2492 2151 2552 πολλῶν,
2192 2505 2285 2555 pro
2316 2490 2425 2553 vili,
2445 2490 2518 2553 ig-

1451 2575 1595 2618 noto.
1902 2614 1907 2620 .

1519 2650 1585 2694 16
1620 2645 1716 2697 Cui
1751 2644 1922 2694 merito
1956 2643 2075 2705 dici,
2111 2644 2215 2707 ξω]
2260 2642 2325 2692 In
2362 2656 2518 2705 quem

1453 2720 1709 2784 competit
1742 2713 2025 2775 dicterium
2062 2720 2188 2768 illud
2228 2720 2282 2770 in
2320 2718 2519 2782 Gallos,

1454 2799 1679 2862 Cybeles
1703 2797 1987 2858 ministros,
2006 2796 2226 2860 jactum,
2256 2795 2440 2860 quibus
2463 2810 2517 2844 e·

1454 2875 1638 2926 vii-atis
1674 2883 1881 2926 mortua
1912 2882 2030 2925 erat
2050 2874 2262 2935 Venus;
2296 2887 2434 2923 verS.
2469 2876 2519 2924 8.

1452 2953 1623 3008 modo.

1517 3035 1685 3085 Eme.
1724 3045 1920 3084 nxxw.
1968 3029 2314 3093 Argutissime
2351 3027 2521 3093 tangit

1455 3110 1712 3162 Gallicum
1738 3109 1805 3158 de
1829 3123 1922 3160 suo
1961 3107 2171 3171 ingenio
2208 3106 2520 3171 scriptisque

1452 3188 1765 3242 sententiam
1811 3185 1997 3238 Poetae
2043 3185 2414 3249 requirentem,
2465 3191 2523 3242 et

1456 3267 1652 3329 aliquid
1707 3266 1874 3315 laudis
1931 3270 2299 3327 aucupantem.
2383 3262 2519 3314 Vide

1455 3344 1777 3407 Epigramm.
1811 3346 1894 3391 64.
1931 3341 2022 3392 lib.
2057 3346 2106 3391 5.
2139 3351 2196 3390 et
2228 3339 2409 3404 Epigr.
2432 3343 2518 3390 26.

1453 3420 1544 3470 lib.
1565 3424 1614 3469 7.
1635 3434 1770 3469 vers.
1793 3422 1841 3468 9.
1861 3426 1915 3467 et
1933 3417 2102 3470 Persii
2118 3417 2292 3481 Satyr.
2316 3421 2363 3466 l.
2383 3430 2521 3468 vers.

1453 3502 1537 3547 55.
2146 3522 2159 3536 =

1516 3572 1680 3622 Eme.
1701 3582 1918 3621 Lxxvn.
1945 3575 1978 3621 2
1998 3570 2165 3633 Liber]
2191 3569 2272 3622 Ad
2296 3568 2519 3620 eundem

1454 3648 1701 3700 Liberum
1734 3649 2051 3712 Epigramm.
2074 3652 2155 3698 74.
2186 3647 2223 3696 l.
2245 3651 2298 3700 4.

1517 3729 1550 3778 2
1574 3725 1639 3776 In
1660 3724 1791 3787 rosa]
1838 3725 1903 3776 In
1927 3733 2182 3787 perpetua
2225 3720 2518 3776 florulentia

1455 3803 1653 3864 aetatis,
1674 3799 1983 3864 voluptatis,
2006 3800 2332 3849 deliciarum.

1461 3913 1468 3930 .-
1518 3884 1550 3929 3
1582 3878 1783 3942 Assyrio
1823 3892 2022 3937 amomo,
2061 3874 2168 3938 ξω]
2221 3872 2518 3937 Unguentis

1454 3954 1677 4006 delibuti
1698 3961 1754 4003 et
1777 3951 1949 4003 floreis
1973 3951 2122 4000 sertis
2139 3949 2368 4000 coronati
2394 3963 2516 4000 cone

1451 4031 1763 4081 vivabantur
1793 4031 2032 4078 Veteres,
2110 4028 2247 4080 Vide
2287 4043 2404 4092 quae
2448 4027 2517 4078 ad

1451 4109 1670 4160 Senecae
1709 4108 1971 4171 Thyesten
2006 4107 2182 4156 adnot.
2217 4104 2436 4156 Farnab.
2470 4119 2518 4153 v.

1453 4191 1568 4238 942.
1591 4194 1646 4237 et
1668 4191 1782 4238 945.
2290 4221 2293 4224 »

1520 4272 1551 4315 5
1587 4266 1828 4330 Crystaua
1868 4263 2097 4328 Falerno]
2139 4262 2340 4316 Pocula
2373 4274 2519 4325 crys-

1455 4344 1657 4396 tallina.
