2985 4937
466 423 640 494 1472
749 437 1139 490 ascensus
1172 436 1619 492 ,ιιιιιῑιιοιιιι-ιι
1669 438 1747 487 ιι.
1795 431 1966 489 vu..
2014 419 2461 490 uani-uma.

420 590 529 666 =E.
576 587 940 669 Lessingius.
1010 588 1120 649 ·.Cf
1152 605 1369 656 eorum
1416 589 1602 671 Opp.
1630 597 1691 650 et
1735 588 2164 652 collectionem
2201 589 2639 671 *praecipuorum

457 686 957 774 Epigrammatum
976 686 1190 747 -.Gerru
1218 685 1406 765 Rigae.
1428 684 1619 755 1766.
1651 694 1711 747 8.

540 784 866 864 Hispanice
883 785 1156 845 nonnulla
1172 784 1451 845 Martialis
1469 784 1905 864 Epigrammata
1926 761 2347 863 interpretatus
2365 763 2459 845 est
2479 783 2644 860 Ema-

457 881 592 942 nuel
623 882 697 948 de
727 881 974 943 Salines.
1046 880 1143 942 cf.
1171 880 1430 942 Lorentii
1460 880 1737 941 Graciani
1765 884 1904 943 Arte
1932 882 2008 942 de
2039 881 2305 960 Ingenio.

518 979 819 1046 firme-um
847 978 989 1042 fecit
1029 979 1362 1044 Martialem
1406 979 1532 1042 Jos.
1574 980 1840 1058 Scaliger
1881 979 1941 1039 in
1985 979 2294 1059 Florilegio
2343 976 2653 1046 Martialis,

457 1074 621 1137 edito
651 1075 728 1136 ab
756 1078 834 1136 ls.
864 1071 1220 1137 casaubono
1252 1076 1430 1137 Paris.
1465 1069 1642 1143 1607.
1686 1097 1807 1156 quo
1838 1077 2094 1137 Libellus
2141 1078 2217 1138 de
2263 1065 2653 1155 Spectaculis,

431 1173 593 1254 Lib.
633 1189 802 1236 x111.
844 1182 904 1233 et
949 1188 1098 1234 xw.
1140 1172 1323 1233 ferme
1364 1173 1595 1253 integri,
1632 1182 1705 1233 -et
1729 1194 1821 1238 „ex
1856 1174 2077 1235 ceteris
2125 1173 2444 1235 duodecim
2494 1172 2650 1233 libris

457 1270 956 1350 Epigrammatum
984 1270 1125 1331 satis
1154 1291 1391 1350 magnus
1420 1259 1695 1332 numerus
1723 1270 2259 1349 comprehenditur.
2344 1272 2500 1342 Quae
2527 1272 2653 1352 qni·

458 1366 596 1453 dem
639 1387 819 1448 opera
851 1368 1107 1429 Martiali
1146 1369 1339 1428 locata
1365 1389 1401 1428 a
1425 1367 1745 1447 Scaligero,
1772 1367 2044 1429 laudatur
2069 1376 2129 1429 et
2155 1368 2213 1426 in
2243 1368 2459 1440 coelum
2484 1365 2654 1442 effer·

458 1472 557 1528 tur
582 1483 618 1524 a
651 1465 1026 1538 Casanhono,
1056 1464 1157 1527 sed
1201 1466 1406 1526 merito
1433 1466 1836 1547 perstringitur
1861 1487 1899 1527 a
1928 1468 2233 1546 Monnoyo
2262 1466 2319 1526 in
2349 1467 2653 1548 Menagia·

454 1561 544 1622 nis
565 1562 642 1624 T.
667 1578 712 1622 1.
737 1582 800 1643 p.
830 1563 1120 1626 325-336.
1139 1563 1444 1636 ed.⁴Paris.
1506 1563 1732 1623 Inserta
1754 1564 1932 1625 etiam
1951 1564 2323 1646 reperiuntur
2349 1561 2653 1645 haecEpi-

455 1671 780 1741 grammata
808 1660 867 1719 in
887 1660 1105 1739 majore
1134 1660 1394 1722 editione
1426 1660 1684 1722 Parisiua
1713 1662 2025 1735 Martialis,
2055 1682 2193 1723 cum
2229 1663 2359 1723 aliis
2386 1662 2652 1746 ejusdem

454 1758 991 1839 Epigrammatibus
1039 1778 1070 1817 a
1127 1759 1337 1819 Franc.
1382 1759 1637 1820 Morello
1694 1759 2001 1820 translatis.
2083 1761 2315 1839 Nempe
2368 1757 2669 1825 Morellus.

443 1860 577 1938 jam
605 1866 744 1918 ante
773 1856 1128 1935 Scaligerum
1156 1856 1432 1934 quaedam
1461 1856 1748 1917 Martialis
1776 1858 1991 1918 Graece
2018 1865 2291 1931 verterat,
2340 1859 2660 1938 separatim.

455 1957 534 2017 ab
562 1957 692 2035 ipso
715 1953 945 2014 duabus
972 1953 1225 2032 plagulis
1253 1952 1415 2015 edita
1456 1954 1615 2015 circa
1659 1974 1759 2016 an.
1813 1954 1991 2019 1600.
2073 1957 2191 2015 Sed
2238 1956 2386 2016 male
2436 1956 2655 2018 omissa

454 2062 594 2113 sunt
619 2061 926 2112 auctorum
954 2050 1189 2110 nomina
1209 2050 1266 2110 in
1307 2050 1568 2113 editione
1607 2053 1939 2113 Parisiensi.
2023 2053 2309 2114 Pauciora
2346 2054 2653 2135 Epigram-

457 2160 611 2209 mata
650 2148 848 2209 itidem
894 2148 954 2208 in
1001 2168 1328 2209 sermonem
1376 2152 1661 2212 Graecum
1705 2152 2126 2213 transtulerunt
2181 2153 2389 2213 Dousa
2442 2156 2650 2236 major,

458 2249 665 2330 Eman.
701 2246 1018 2318 Martinus,
1049 2247 1386 2327 Menagius„
1414 2248 1531 2309 alii.

502 2342 831 2418 Hadriani
860 2344 1203 2404 Beverlandi
1251 2354 1409 2405 notae
1460 2344 1695 2405 ineditae
1734 2344 1810 2405 ad
1841 2346 2169 2407 Martialem
2215 2358 2274 2407 et
2315 2345 2662 2428 juvenalem.

457 2444 609 2505 Mss.
640 2451 1036 2503 memorantur
1081 2442 1138 2502 ἰιι
1186 2443 1447 2504 Novellis
1475 2444 1754 2523 Reipubl.
1797 2444 2061 2507 literariae
2100 2467 2157 2507 a.
2205 2441 2378 2519 1699.
2407 2446 2485 2523 T.
2518 2464 2564 2508 1.
2590 2468 2660 2528 p.

458 2535 599 2600 468.
685 2540 902 2599 Nescio
950 2559 1121 2618 quem
1173 2540 1461 2600 Martialis
1512 2541 1889 2629 interpretem
1935 2542 2088 2602 ridet
2116 2543 2389 2604 Barthius
2422 2546 2497 2604 ad
2528 2549 2649 2607 Sta·

458 2635 607 2695 tium
635 2630 717 2696 T.
749 2653 796 2697 1.
841 2655 904 2716 p.
947 2644 1088 2708 473.
1172 2637 1504 2697 Marcilium
1549 2657 1625 2697 au
1662 2639 2057 2721 Scriverium?
2103 2641 2202 2719 qui
2248 2642 2549 2721 scaligero
2593 2644 2646 2703 iu

459 2733 739 2811 Epistolis
761 2734 978 2794 dicitur
1007 2735 1310 2805 Lentulus,
1339 2745 1398 2794 et
1427 2735 1485 2795 in
1518 2755 1638 2815 quo
1666 2735 1809 2796 nihil
1839 2737 2049 2810 ornati,
2078 2737 2220 2797 nibil
2247 2740 2392 2799 culti
2420 2741 2644 2819 reperiri

459 2831 542 2889 ait
570 2830 915 2890 Holstenius
943 2830 1135 2909 Epist.
1184 2830 1258 2891 ad
1302 2831 1788 2892 Elmenhorstium
1831 2837 1990 2912 (post
2034 2832 2366 2912 Gudianus)
2410 2857 2480 2916 p.
2513 2845 2643 2910 920.

463 2928 725 2988 Salmasii
747 2937 808 2990 et
836 2929 1019 2990 lsaaci
1049 2930 1239 2990 Vossii
1267 2929 1625 2992 editionibus
1654 2930 1779 2992 fata
1806 2932 2208 2994 intercessere.
