2985 4937
469 548 690 610 buxeus,
700 545 1051 611 cupressinus,
1062 546 1161 594 dcc.
1179 548 1429 595 extremas
1446 556 1538 606 pa·

472 628 626 693 ginae,
660 624 899 674 absoluto
932 624 1045 688 jam
1089 635 1270 685 opere,
1307 617 1537 684 assutus)

469 705 552 753 vel
576 703 807 753 umbilici
830 702 1190 751 extremitates
1216 702 1379 764 (quae,
1397 713 1536 750 com·

470 782 682 846 plicatis
698 782 750 830 in
764 781 1007 831 volumen
1026 779 1362 841 membranis,
1374 778 1535 827 utrin-

467 873 569 924 que
581 864 855 923 apparent,
864 869 1160 920 cornuaque
1174 852 1534 921 appellantur)

465 935 646 997 ebore,
663 941 881 997 argento
899 935 982 983 vel
1001 947 1129 982 auro
1151 940 1402 981 ornantur
1423 947 1438 980 t
1473 943 1533 981 et

465 1028 620 1078 quem
641 1013 918 1063 novissime
951 1009 1167 1061 obducit
1197 1010 1371 1073 pellis,
1391 1008 1530 1059 bunc

465 1106 600 1154 eme,
624 1091 881 1154 simulque
903 1088 1097 1138 autoris
1113 1086 1393 1136 silentium.

474 1162 481 1195 s
530 1175 590 1220 11
633 1168 904 1231 Umbilicis]
937 1166 1105 1216 Bullae
1127 1165 1179 1214 iu
1222 1171 1442 1229 utraque
1464 1162 1527 1211 li-

408 1258 413 1265 “
460 1249 542 1299 bri
563 1248 758 1298 extima
779 1246 914 1296 facie
938 1244 1139 1294 media’.
1204 1240 1386 1290 Infine
1410 1238 1530 1289 libri

463 1343 528 1377 ex
550 1326 692 1390 ligno
712 1331 804 1374 aut
835 1337 950 1373 osse
974 1319 1202 1372 umbilici
1225 1319 1395 1368 solent
1436 1333 1527 1382 ap·

460 1403 599 1468 poni.
625 1402 787 1453 Pieri.
812 1400 902 1451 lib.
923 1404 1006 1451 34.
1028 1401 1043 1428 ‘
1065 1399 1173 1449 Per
1195 1396 1527 1460 umbilicum,’

458 1480 646 1546 inquit,
678 1478 1080 1545 ‘intelligendus
1124 1483 1205 1526 est
1250 1475 1527 1525 voluminis

457 1559 730 1620 terminus,
752 1557 857 1623 qui,
878 1572 997 1606 cum
1036 1556 1275 1605 volumen
1298 1553 1525 1616 explica-

458 1643 562 1698 tur,
578 1636 630 1684 in
653 1634 756 1685 fine
780 1641 894 1684 est:
920 1649 1035 1684 cum
1052 1646 1179 1681 vero
1193 1632 1329 1680 idem
1352 1631 1527 1680 obvol-

457 1713 601 1763 vitur
644 1713 697 1762 in
740 1712 934 1775 spiram
979 1711 1271 1774 collectam,
1291 1707 1521 1757 medium

455 1795 608 1839 tenet
631 1789 838 1840 locum.'

524 1870 587 1915 12
610 1867 845 1929 Mercare,
863 1865 969 1929 ξω]
992 1865 1056 1914 Ρ.
1077 1858 1367 1914 Scriverius
1388 1862 1523 1910 Mer·

457 1958 567 1994 care
584 1961 602 1993 .-
634 1944 753 1993 tales
769 1943 934 2003 habeo,
972 1957 1057 1991 nec
1098 1940 1297 1990 seilicet.
1332 1939 1522 1988 Herel-

454 2021 551 2069 ‹lus
577 2021 654 2070 sic
679 2020 1012 2070 scribendum
1032 2024 1257 2067 censet:
1295 2018 1519 2066 Men-are

449 2100 587 2160 tales,
622 2098 766 2148 habeo
779 2114 799 2157 ,·
842 2111 928 2146 uec
969 2097 1090 2147 sciet
1131 2096 1391 2160 qaisquam.
1416 2116 1435 2128 ··
1457 2093 1515 2144 Si

452 2176 546 2238 vis,
583 2175 772 2241 inquit,
809 2173 971 2224 libros
1017 2172 1274 2236 ejusmodi
1319 2184 1514 2233 emere,

450 2258 646 2316 praesto
684 2256 766 2300 est
803 2250 889 2316 qui
928 2250 1023 2300 tibi
1051 2250 1256 2299 vendat.
1325 2249 1522 2298 Habeo

448 2328 586 2377 enim
611 2341 737 2392 quos
783 2330 932 2376 nemo
955 2340 1178 2392 unquam
1205 2324 1369 2385 vidit3
1417 2339 1515 2374 nec

445 2407 683 2473 cuiquam
709 2406 1000 2472 quid·inter
1021 2419 1114 2453 nos
1139 2410 1311 2453 actum
1336 2404 1407 2452 sit
1441 2403 1516 2451 ‹li-

445 2500 594 2550 cam:
633 2486 770 2551 quod
813 2500 970 2535 unum
1009 2489 1262 2550 praestare
1287 2482 1446 2531 debet
1465 2482 1510 2530 is

443 2562 533 2627 qui
569 2576 771 2613 merces
813 2562 1065 2627 ejusmodi
1103 2561 1285 2611 vendit
1316 2559 1518 2609 homiur

439 2637 635 2703 ἀλαζόνι
668 2646 724 2690 et
745 2654 812 2690 ex
837 2640 1019 2689 alienis
1039 2637 1314 2689 laboribus
1320 2636 1509 2726 famam

441 2725 498 2802 et
538 2718 753 2780 gloriam
776 2717 1048 2783 quaerenti.

452 2794 668 2845 Erro.
692 2800 992 2846 va111.—1
1030 2792 1237 2843 Choerile
1271 2791 1393 2840 liber
1424 2790 1507 2838 Ιιο-

436 2886 511 2920 mo
553 2873 650 2936 est]
688 2872 751 2922 In
793 2873 898 2923 Ms.
937 2872 1024 2920 hic
1054 2877 1170 2920 erat
1191 2870 1506 2959 explicatio·

435 2950 548 3014 quia
563 2956 617 2999 tu
630 2951 807 3000 nemini
820 2948 1003 3014 pai-cisa
1029 2948 1128 2997 Sed
1146 2946 1311 3010 magis
1334 2946 1508 3009 placet

436 3042 533 3092 per
573 3028 1035 3092 interrogationem
1074 3025 1201 3088 legi,
1250 3025 1302 3074 in
1344 3025 1503 3073 risum

435 3105 816 3155 Musambertio
832 3104 940 3153 sive
956 3103 1228 3152 Theodoro
1246 3099 1503 3152 Marcilio.

438 3182 591 3234 Gron‘.
628 3181 776 3232 Liber
822 3181 974 3244 homo,
1004 3179 1092 3243 ξε]
1123 3178 1504 3242 Παῤῥησιαστὴς,

426 3258 726 3308 libertatem
751 3258 956 3307 nimiam
978 3258 1029 3306 in
1047 3257 1186 3321 jocis
1211 3271 1480 3319 usurpans.

496 3340 529 3385 2
561 3335 706 3385 Liber
748 3335 905 3399 homo]
944 3334 1187 3398 Negotiis
1234 3333 1385 3396 liber,
1424 3334 1500 3382 ui-

427 3412 602 3478 iiiique
627 3412 771 3461 aliud
815 3411 951 3478 quod
977 3418 1099 3475 agat
1138 3410 1352 3467 babenS,
1376 3411 1421 3459 si
1446 3410 1498 3459 iu

429 3490 531 3539 vile
555 3493 697 3539 tuum
723 3497 884 3555 caput
906 3488 1079 3538 dicere
1100 3493 1284 3537 vacet:
1310 3493 1498 3551 estque

419 3566 578 3631 jocus
609 3566 1030 3629 in-ambiguitate
1061 3564 1149 3612 τοῦ
1181 3562 1314 3615 liber.
1380 3563 1497 3627 Est]

425 3643 565 3695 Alii:
614 3641 725 3696 est?
771 3644 1059 3694 Erotetice.
1093 3643 1320 3692 Dixerat
1359 3642 1497 3691 enim

424 3735 541 3771 cum
580 3722 636 3771 in
671 3722 798 3771 alios
835 3723 1109 3785 plerosque
1136 3722 1295 3769 malos
1313 3719 1496 3784 poetas

423 3798 708 3860 Martialis,
745 3805 854 3848 tum
888 3799 941 3847 in
966 3799 1243 3848 Chaerilum
1268 3812 1494 3862 quoque.

424 3874 565 3924 Hinc
591 3874 844 3924 Cbaerilus
868 3875 917 3924 ei
939 3875 1113 3925 dicere
1137 3875 1317 3923 solitus
1344 3874 1494 3923 nimis

421 3952 587 4000 libera
612 3953 792 4016 lingua
809 3967 928 4001 eum
968 3966 1103 4013 esse,
1123 3951 1486 4014 εειιταῤῥησια·

421 4027 551 4087 amhn.
580 4028 842 4078 Martialis
861 4028 1160 4091 indignans,
1175 4033 1265 4077 tua
1280 4028 1489 4090 fide,in-

421 4106 554 4170 quit,
587 4105 830 4168 Chaerile,
872 4104 924 4153 in
971 4113 1024 4154 te
1058 4105 1147 4169 qui
1182 4104 1333 4167 dicit,
1354 4105 1489 4154 liber

420 4188 501 4231 est
537 4175 647 4232 sive
661 4180 1035 4246 παρῤησιαστὴς,
1059 4188 1114 4231 et
1129 4181 1350 4245 intelligi
1373 4183 1488 4231 vult

419 4260 630 4323 dignum
643 4259 729 4325 qui
745 4258 984 4308 omnibus
1002 4257 1228 4307 omnium
1239 4257 1485 4322 dicteriis,

1181 396 1396 445 No‘rAE
1449 397 1851 450 vAffloRUM
1901 403 1981 452 IN

1613 551 1866 612 tanquam·
1882 562 2087 613 scopus,
2118 548 2238 600 telis
2272 545 2672 614 propositns'sit.·

1614 626 1926 676 Masambert.
1979 627 2080 676 Vel
2103 626 2637 690 itainterpretandum
2654 641 2670 674 ε

1611 702 1688 751 Tu
1704 717 1789 752 me
1810 703 2034 753 Cbaerile
2052 703 2310 753 hominem
2349 703 2672 767 procacioris

1611 787 1668 829 et
1703 780 1960 829 liberioris
1996 780 2185 844 liuguae
2206 794 2351 829 reum
2373 777 2537 829 facist
2571 793 2671 842 ego

1609 856 1733 905 mibi
1773 857 2009 907 conscius
2041 872 2172 916 sum,
2190 857 2386 906 nullum
2426 872 2457 905 a
2479 871 2563 905 me
2581 857 2671 905 lae-

1607 948 1719 983 sum
1740 934 1939 985 sciente
1972 935 2211 997 volente3
2246 935 2344 984 nisi
2376 932 2517 984 forte
2537 934 2590 983 in
2617 942 2672 985 te
2757 997 2768 1010 ο

1606 1011 1812 1061 nescius
1855 1011 1992 1061 liber
2030 1026 2163 1073 sum,
2199 1011 2288 1076 qui
2311 1010 2410 1061 tibi
2439 1009 2673 1060 conscius

1606 1103 1684 1152 es,
1706 1096 1762 1139 et
1782 1088 1850 1137 de
1873 1095 1927 1138 te
1948 1095 2100 1152 putas
2119 1089 2291 1140 omnia
2319 1088 2440 1138 dici.
2475 1088 2603 1137 Rad.

1670 1164 2001 1216 Emamnx.
2046 1171 2073 1216 1
2105 1165 2380 1229 Quidquid,
2401 1164 2509 1229 ese]
2548 1163 2665 1214 Rufi

1603 1243 1892 1307 cujusdam,
1925 1242 1994 1292 ob
2025 1242 2227 1292 Naeviae
2251 1242 2424 1292 uxoris
2441 1254 2669 1291 amorem

1601 1316 1844 1382 furentis,
1866 1318 2116 1369 describit
2137 1319 2402 1383 ineptiam
2431 1317 2518 1382 qui
2539 1315 2676 1366 nihil·
2761 1390 2762 1393 Ἴ

1601 1397 1743 1446 aliud
1765 1400 1918 1462 quam
1929 1395 2170 1446 Noeviam
2193 1400 2349 1445 nocte
2374 1394 2566 1459 dieque
2585 1407 2667 1442 so-

1601 1471 1781 1522 nabat.

1617 1577 1645 1593 -.
1664 1554 1697 1599 2
1731 1549 1792 1599 Si
1831 1554 1975 1611 tacet,
2020 1549 2126 1614 ξω]
2157 1548 2256 1599 Vel
2300 1546 2496 1600 tacitus
2532 1546 2669 1597 insa-

1598 1642 1722 1677 num
1756 1643 1905 1678 suum
1942 1628 2145 1687 Naevioe
2166 1640 2408 1678 amorem
2420 1631 2574 1690 gestu
2596 1622 2669 1675 fa·

1597 1713 1761 1755 tetur.
2663 1724 2668 1729 ·

1660 1788 1691 1833 3
1727 1784 1988 1848 Propinat]
2010 1783 2174 1837 Quod
2207 1781 2366 1833 etiam
2389 1744 2667 1831 Parasitus
2702 1790 2707 1797 ⁴

1596 1863 1661 1913 ab
1684 1863 1797 1913 beri
1817 1864 1896 1912 sui
1931 1863 2099 1913 amica
2130 1860 2527 1926 stipulabatur,
2513 1873 2566 1909 m
2599 1874 2665 1909 ea

1593 1954 1744 2005 quam
1820 1939 2083 1990 scribebat
2150 1939 2468 2003 syngrapha,
2522 1937 2663 2002 apud

1594 2017 1839 2066 Plautum
1883 2017 1938 2065 in
1981 2015 2255 2079 Asinaria3
2283 2016 2538 2066 ‘Tecum
2561 2012 2674 2065 una'

1591 2100 1775 2159 postea
1809 2094 1999 2157 poculo
2022 2093 2244 2156 potitet;
2278 2091 2391 2141 Abs
2413 2091 2501 2141 ted
2529 2091 2667 2141 acci·

1593 2172 1726 2236 piat,
1760 2172 1855 2221 tibi
1869 2171 2145 2236 propinet,
2165 2177 2224 2219 tu
2244 2168 2433 2219 bibas.'
2469 2166 2665 2230 Inmisit]

1593 2251 1791 2317 Eadem
1808 2248 2135 2314 syngrapha:
2191 2248 2208 2276 ⁴
2226 2246 2420 2310 Neque
2439 2246 2546 2295 ulla
2567 2245 2662 2295 ulli

1591 2330 1782 2380 homiui
1807 2336 1986 2387 nutet‚·
2001 2329 2189 2389 metet,
2213 2324 2445 2375 animat.²
2467 2340 2470 2359 ³
2503 2362 2508 2367 .

1662 2408 1771 2457 Una
1807 2410 1899 2467 est,
1932 2403 2218 2471 &aJ‘Nibil
2241 2402 2386 2452 aliud
2413 2401 2670 2468 *loquitur

1591 2492 1684 2537 aut
1716 2487 1878 2549 spirat
1900 2499 2053 2550 quam
2073 2481 2331 2534 Naeviam.
2351 2515 2352 2518 =
2373 2480 2661 2531 ‘Sola‘ei‘in

1589 2580 1697 2625 ore,
1717 2571 1773 2613 et
1794 2564 1846 2615 in
1865 2563 2039 2612 ‘animo
2064 2566 2163 2611 est.
2197 2577 2202 2584 ’
2230 2558 2321 2609 Sic
2342 2574 2491 2610 amor
2510 2573 2663 2609 vesa-

1560 2662 1569 2668 -
1588 2640 2026 2705 nussignificatur.
2041 2635 2199 2686 πάντα
2210 2636 2364 2685 ἔπινε
2385 2637 2662 2700 eleganter

1586 2729 1793 2787 quoque
1839 2719 1884 2767 is
1929 2718 2123 2768 dicitur
2159 2714 2316 2774 πάντα
2349 2714 2671 2779 eluat,cujns²

1584 2813 1749 2862 opera
1784 2803 1841 2846 et
1885 2795 2170 2846 auctoritas
2204 2794 2471 2858 praecipue
2513 2793 2566 2842 in
2600 2806 2659 2841 re

1586 2877 1754 2941 aliqua
1773 2872 2036 2932 enitescit,
2053 2871 2209 2936 etqui
2232 2886 2366 2921 unus
2388 2867 2666 2922 est-instar

1583 2954 1826 3002 omnium.
1900 2952 2140 3000 Lucanus
2184 2948 2273 2999 lib.
2314 2953 2365 2999 Β.
2424 2949 2657 3004 ‘Omnia

1586 3030 1766 3079 Caesar
1787 3026 1938 3077 erat!

1605 3121 1610 3127 ·
1646 3109 1679 3154 6
1715 3105 1890 3154 Noevia
1912 3105 2016 3164 Itur,
2038 3102 2214 3166 inquit,
2237 3100 2654 3165 Noevianumen]

1582 3182 1672 3231 Sic
1710 3180 1893 3229 melius
1928 3192 2326 3243 quam-numen.-
2383 3193 2504 3227 nam
2548 3178 2652 3228 etsi

1580 3259 1761 3309 amicae
1786 3257 2071 3307 amantium
2105 3270 2310 3307 suorum
2351 3271 2479 3306 vere
2501 3256 2651 3319 deoe3

1579 3334 1908 3385 nihilominus
1958 3334 2078 3398 quia
2115 3335 2262 3383 lucem
2303 3340 2466 3384 antea
2493 3349 2497 3356 ·
2526 3334 2653 3382 Nae-

1578 3414 1714 3462 viam
1738 3412 1888 3474 dixit,
1919 3413 2070 3461 lumen
2091 3424 2299 3476 quoque
2321 3410 2539 3461 videtur
2562 3410 2652 3460 ad·

1569 3489 1758 3551 jicere.
1808 3489 1959 3538 Tales
1979 3487 2140 3549 igitur
2165 3494 2662 3537 amatorum-assem

1579 3565 1877 3615 tatiuuculae
1914 3564 2233 3630 frequentes·
2251 3564 2306 3613 in
2350 3565 2650 3616 Comoediis.

1579 3640 1783 3690 Herald.

1595 3722 1671 3767 -8
1707 3718 1820 3780 Non
1853 3732 1950 3765 aaa
1984 3720 2076 3778 est,
2100 3714 2210 3780 qa]
2244 3715 2365 3765 Non
2400 3669 2522 3777 tibi,
2545 3727 2647 3762 non

1574 3794 1665 3843 uni
1684 3793 1780 3843 soli
1806 3795 2029 3855 vacat,‘
2050 3794 2202 3857 prius-
2213 3792 2368 3841 oculo
2393 3789 2650 3842 contenta

1573 3872 1674 3920 erit
1695 3885 1830 3920 uno·
1816 3906 1830 3920 .
1835 3870 1970 3920 ’imo
1990 3869 2259 3934 publicum
2281 3878 2365 3918 est
2384 3869 2647 3933 prostibu-

1569 3949 1704 3998 lum:
1746 3949 1982 3998 lususest
2052 3948 2107 3997 in
2153 3945 2504 4010 ambiguitate
2558 3944 2647 3993 τοῦ

1569 4027 1584 4053 ‘
1607 4031 1744 4075 una)

1589 4120 1596 4124 ·
1629 4105 1791 4153 Eme.
1812 4115 1948 4153 axx.
1985 4107 2011 4151 1
2041 4100 2222 4165 Coepit]
2262 4099 2485 4150 Canium
2523 4099 2648 4150 con-'

1565 4179 1713 4229 tinuo
1760 4179 1864 4228 risu
1903 4178 2192 4228 distentum
2234 4183 2509 4240 comparat
2543 4175 2643 4225 hoc

1561 4256 1935 4321 epigrammate
1988 4268 2107 4305 cnm
2155 4253 2304 4304 Pane
2360 4254 2503 4318 Deo,
2552 4253 2642 4318 qui
