2985 4937
449 403 621 470 1100

447 563 759 614 Vaticanum
812 563 1171 629 reprehendit,
1231 566 1509 619 Falernum

445 640 644 703 laudat,
675 643 904 691 Tuccam
942 650 1000 691 ut
1036 641 1299 692 sordidum
1323 643 1512 708 tangit,

448 718 540 783 qui
579 718 815 767 convivis
853 719 1042 768 malum
1068 720 1241 770 vinum
1268 721 1513 784 propina·

444 794 535 854 rit,
557 801 615 844 ut
631 795 796 844 minus
815 796 1071 846 biberent.
1116 797 1280 847 Vetula
1302 798 1512 862 miscere,

442 871 549 934 ξω]
584 868 737 924 Quod
763 887 924 923 annos
947 872 1087 923 serat
1120 874 1383 940 vivatque,
1404 875 1513 925 lau-

447 946 592 999 dato.

512 1028 545 1075 2
579 1024 641 1077 In
673 1024 938 1086 Vaticanis,
971 1027 1080 1090 ξω]
1111 1028 1231 1077 Vile
1269 1034 1326 1077 et
1356 1028 1512 1092 pessi-

445 1116 544 1151 mae
567 1109 706 1151 notae
733 1103 905 1151 vinum
928 1117 957 1153 e
974 1103 1105 1154 colle
1122 1105 1404 1170 Vaticano,
1422 1108 1513 1172 qui

442 1179 481 1232 J
487 1180 693 1232 anic-110
712 1181 1086 1231 conterminus·

511 1263 541 1307 5
578 1259 658 1308 De
685 1259 835 1321 uobis,
854 1259 962 1323 ξω]
996 1261 1105 1310 Nos
1117 1260 1384 1323 jugulare,
1415 1260 1511 1311 tibi

444 1333 587 1384 forte
629 1348 722 1398 pro
756 1336 857 1386 levi
898 1341 998 1386 est.
1061 1337 1300 1398 Jugulare
1349 1338 1513 1388 Faler-

442 1410 580 1474 num]
615 1411 801 1462 Infuso
835 1413 1093 1462 Vaticano
1119 1415 1399 1464 Falernum
1423 1429 1516 1464 oc·

444 1490 640 1542 cidere.
695 1491 933 1555 Metaph.
968 1491 1173 1541 sublato
1198 1492 1302 1542 vini
1336 1493 1513 1543 calore

442 1567 652 1617 animali
691 1568 872 1633 (quam
896 1568 962 1617 ab
1001 1569 1168 1619 anima
1191 1569 1308 1618 vitis
1330 1567 1514 1631 habet>

441 1644 499 1694 in
518 1654 725 1696 acetum
749 1653 970 1707 vertere,
1007 1645 1144 1711 quod
1179 1654 1236 1696 et
1275 1645 1513 1696 bibentes

434 1721 679 1787 jugulare
725 1724 948 1774 videtur.
993 1738 1077 1788 ep.
1118 1727 1205 1774 45.
1248 1724 1284 1773 l.
1333 1728 1412 1773 10.
1456 1734 1513 1773 et

441 1799 482 1848 1.
506 1803 584 1849 12.
607 1800 748 1864 epig.
770 1805 857 1850 48.

506 1880 542 1926 6
577 1876 844 1940 Campano]
878 1877 1101 1927 Falerno
1137 1892 1168 1926 e
1207 1876 1510 1939 Campania.

448 1948 625 2003 ibxica
659 1969 807 2015 soeua,
837 1954 945 2017 dua]
980 1954 1258 2014 Vaticana,
1296 1968 1415 2019 quae
1453 1961 1510 2003 et

443 2029 608 2092 epigr.
647 2033 732 2079 92.
773 2030 808 2079 l.
848 2034 896 2080 6.
938 2045 1192 2079 venenum
1238 2030 1510 2094 appellat3

444 2105 676 2155 toxicum
711 2112 887 2156 autem
927 2122 957 2155 a
991 2113 1112 2155 taxo
1150 2120 1411 2156 venenosa
1432 2120 1511 2156 ar·

444 2182 592 2246 bore,
637 2185 743 2246 vel,
784 2182 910 2247 παρὰ
939 2183 1002 2232 τὰ
1031 2182 1145 2245 τόξα
1180 2198 1353 2248 arcus,
1382 2185 1512 2248 tela,

433 2273 559 2324 ηοω
581 2259 785 2310 barbari
811 2275 1011 2311 veneno
1033 2262 1263 2325 tingunt.

508 2336 672 2387 Erro.
696 2351 797 2389 xx.
833 2343 859 2388 1
886 2338 947 2388 Si
963 2339 1174 2401 memini,
1196 2339 1305 2403 ξω]
1347 2339 1509 2391 Jocus

440 2414 495 2464 in
510 2414 808 2465 edentulam
831 2423 887 2466 et
910 2416 1215 2466 tussientern
1239 2416 1511 2466 aniculam.

439 2489 575 2542 vide
599 2493 765 2558 epigr.
786 2499 870 2544 41.
895 2495 929 2543 l.
955 2498 1005 2545 2.
1030 2500 1086 2543 et
1108 2494 1276 2557 epigr.
1292 2496 1374 2543 92.
1399 2495 1432 2543 Ι.
1457 2498 1507 2545 3.

504 2575 538 2621 4
573 2573 666 2621 Nil
684 2572 816 2637 istic]
849 2573 990 2624 Nihil
1016 2573 1235 2636 amplius
1257 2571 1508 2637 est,quod

436 2662 688 2713 exspuas,
706 2657 900 2714 praeter
921 2649 1163 2700 animam.

507 2727 675 2777 Eum.
700 2740 829 2777 xxi.
876 2733 902 2778 1
946 2729 1046 2777 Dic
1078 2728 1221 2792 milti]
1253 2727 1364 2777 Sub
1388 2742 1507 2792 per·

440 2813 569 2853 sona
593 2804 877 2867 Caeciliani,
899 2804 1176 2854 barbarum
1199 2812 1255 2855 et
1275 2806 1508 2855 inhuma-

440 2896 563 2931 num
594 2881 852 2944 hospitem
892 2882 1221 2944 insectatur-3
1272 2882 1361 2947 qui
1400 2891 1505 2931 non

436 2964 550 3008 tam
576 2966 790 3007 vocarat
806 2958 998 3008 amicos
1024 2958 1090 3007 ad
1129 2959 1422 3008 convivium
1443 2967 1508 3008 ut

441 3041 800 3098 esseut,quam
838 3041 900 3085 ut
933 3034 1132 3098 optima
1164 3049 1388 3100 quaeque
1423 3050 1508 3084 vo·

445 3120 650 3163 tantem
697 3114 870 3178 jejuni
917 3119 1245 3176 spectarent,
1302 3113 1508 3179 ipsique

438 3190 701 3241 vilissimis
741 3191 870 3242 cibis
913 3184 1291 3240 vescerentur.'
1356 3191 1505 3241 Idem

440 3267 678 3333 queritur
700 3265 968 3319 Juvenalis
995 3267 1110 3317 Sat.
1127 3272 1176 3317 5.
1198 3275 1253 3318 et
1276 3268 1508 3320 Martial.

439 3346 479 3395 l.
495 3349 543 3394 2.
558 3348 659 3406 483
691 3348 742 3394 3.
764 3348 846 3394 59.
871 3347 970 3395 &c.
1026 3344 1228 3408 Vocata]
1262 3345 1508 3395 Convivis

438 3421 705 3472 invitatis.

442 3539 445 3542 .
504 3504 539 3550 2
570 3501 783 3562 Boletos,
802 3521 803 3524 ¹
825 3500 932 3566 afa]
982 3500 1297 3564 Fungar-um
1343 3516 1508 3564 genus

439 3577 831 3642 nobilissimum,
863 3579 1194 3628 novissimum
1234 3579 1368 3642 gula».
1392 3579 1511 3629 irri-

436 3662 747 3720 tamentum,
781 3665 856 3720 et,
889 3663 949 3706 ut
977 3656 1186 3720 jocatus
1228 3663 1306 3705 est
1343 3657 1509 3721 Nero,

433 3735 646 3786 ‘cibum
666 3734 930 3785 Deorum!
983 3736 1226 3798 Namque
1246 3741 1507 3784 venenato

436 3812 617 3863 boleto
639 3811 936 3876 Agrippina
958 3810 1232 3861 Claudium
1257 3810 1393 3859 Coes.
1415 3823 1505 3857 ex-

436 3889 616 3953 tinxit,
629 3889 718 3954 qui
736 3888 927 3939 deinde
952 3887 1337 3951 Imperatorum
1354 3886 1505 3937 Rom.

434 3979 583 4015 more
605 3971 938 4015 consecratus
969 3972 1068 4024 est,
1096 3964 1227 4013 etin
1249 3964 1504 4013 Divorum

435 4057 709 4093 numerum
732 4045 942 4093 relatus.
994 4042 1010 4069 ‘
1027 4041 1231 4091 Vilibus
1249 4040 1507 4105 ancipites

437 4118 586 4185 fungi
611 4129 870 4183 ponentur
889 4118 1091 4182 amicis,
1108 4119 1331 4169 Boletus
1349 4119 1508 4169 domi·

436 4211 543 4248 no:
577 4198 671 4247 sed
711 4198 913 4261 qualem
946 4196 1194 4246 Claudius
1231 4195 1379 4260 edit:
1410 4197 1507 4249 Ju-

437 4289 557 4325 που.
587 4276 700 4325 Sat.
742 4279 791 4323 5.
824 4274 998 4322 Tacit.
1032 4277 1113 4323 12.
1134 4272 1251 4326 An.
1288 4274 1506 4325 Sueton.

440 4351 625 4404 Claud.
650 4364 767 4413 cap.
801 4352 883 4399 44.
913 4348 1031 4400 Dio.
1054 4351 1089 4401 l.
1112 4355 1162 4403 ’1.
1193 4351 1317 4403 hinc
1336 4359 1391 4404 et
1414 4352 1508 4403 Se-

435 4442 585 4482 necoe
599 4421 1045 4480 ἄποκολοκῦνθυαισ.

1150 420 1366 470 NOTAE
1417 422 1510 469 VA
1526 422 1820 473 monum
1872 424 1952 474 ΙΝ

1645 572 1679 618 4
1712 570 1933 620 Boletum
1952 570 2156 635 qualem]
2189 571 2517 636 Imprecatur
2538 573 2651 624 Ce-

1584 643 1776 696 ciliano
1798 645 2006 697 fatalem
2022 662 2216 698 caenam
2236 657 2292 698 et
2315 649 2598 701 exitialem.

1651 723 1814 773 Eme.
1849 737 1996 774 xxu.
2047 718 2130 775 'De
2157 726 2375 775 Porsena
2406 732 2453 776 et
2490 727 2653 777 Mucio

1584 797 1816 863 ὗσαι-οἱα]
1884 801 2094 852 Mucius
2147 802 2386 856 Scaevola
2440 803 2654 853 heroum

1585 877 1816 940 sanguis,
1853 892 2033 941 regum
2071 885 2261 941 terror,
2295 880 2531 929 columen
2569 894 2657 944 pa·

1586 952 1720 1017 triae,
1743 955 1894 1018 cujus
1928 956 2148 1006 dextera
2187 957 2445 1006 labantem
2472 956 2654 1006 urbem

1587 1033 1915 1096 sustentavit,
1985 1034 2288 1083 Heu-uriam
2353 1035 2653 1085 vincentem

1586 1109 1873 1171 superavit,
1912 1124 2131 1174 quasque
2154 1111 2270 1174 plus
2305 1110 2527 1163 errando
2566 1125 2656 1174 po·

1587 1182 1710 1247 tuit,
1733 1199 1886 1249 quam
1910 1187 2128 1236 aliorum
2172 1187 2429 1237 feriendo.
2465 1188 2652 1236 Patra-

1589 1267 1699 1309 tunr
1726 1269 1807 1311 est
1839 1265 1935 1312 hoc
1955 1263 2115 1313 decus
2138 1262 2205 1313 A.
2244 1266 2312 1314 U.
2337 1264 2397 1314 C.
2431 1277 2654 1314 ccxnvr.

1587 1337 1651 1386 P.
1700 1339 1909 1389 Valerio
1951 1340 2143 1390 iterum
2186 1349 2243 1392 et
2296 1343 2358 1392 T.
2405 1341 2653 1392 Lucretio

1585 1415 1904 1479 Tricipitino
1930 1418 2080 1468 0088.

1633 1494 1660 1540 1
1682 1492 1903 1557 Peter-et]
1922 1491 2156 1559 Ὦρμησε·
2180 1495 2438 1556 assaulted,
2454 1494 2654 1542 assassi-

1583 1571 1744 1618 nated.
1835 1570 2016 1631 Regem
2060 1569 2275 1634 decepta]
2352 1572 2655 1620 Porsenam.

1539 1656 1550 1661 ’
1585 1644 1821 1695 Historia
1843 1655 1967 1695 nota
1985 1661 2047 1696 ex
2067 1648 2215 1697 Livio
2231 1652 2279 1697 2.
2298 1647 2651 1701 Halicarnass-

1584 1726 1634 1771 5.
1663 1721 1778 1771 Val.
1817 1722 1960 1772 Max.
1998 1723 2032 1772 l.
2055 1728 2106 1773 3.
2137 1738 2184 1772 c.
2204 1727 2254 1773 2.
2291 1724 2481 1773 Senec.
2500 1723 2654 1787 epist.

1582 1802 1666 1848 66.
1747 1799 2002 1865 ,δἀτεῑιὶιε]
2058 1802 2266 1862 Scriba,
2321 1815 2496 1866 quem,
2539 1799 2654 1863 pari

1583 1889 1702 1924 eum
1746 1889 1870 1938 rege
1908 1886 2097 1926 ornatu
2140 1877 2434 1940 sedentem,
2475 1890 2652 1939 regem

1584 1951 1831 2002 credidit.
1903 1954 2124 2017 Dextra]
2169 1954 2332 2003 Mucii
2355 1953 2630 2004 Scaevolae.

1648 2033 1680 2078 2
1716 2030 1952 2095 Ingessit]
2001 2031 2163 2083 Quasi
2210 2046 2305 2096 per
2339 2031 2463 2090 vim,
2495 2030 2651 2079 etiam

1583 2105 1697 2169 ipso
1719 2106 1838 2170 igne
1857 2120 2180 2178 repugnante
2201 2122 2257 2157 se
2275 2108 2509 2170 ingessit.
2564 2107 2655 2156 Sa·

1583 2183 1843 2247 erasm]
1879 2183 2121 2237 Accenso
2142 2185 2206 2236 ad
2244 2185 2553 2236 sacrificium
2577 2183 2653 2235 fo·

1584 2264 1721 2313 culo.
2229 2312 2233 2316 .

1650 2343 1680 2389 8
1715 2339 1859 2389 Saeca
1886 2340 2019 2405 pius]
2072 2341 2321 2405 Epitheta
2354 2339 2371 2368 ‘
2395 2337 2565 2390 saeva’
2597 2344 2654 2389 et

1584 2416 1764 2482 ‘pius'
1819 2432 1915 2482 per
1951 2419 2288 2483 Hypallagen
2333 2415 2655 2481 transposita

1587 2496 1699 2546 vult
1744 2496 2093 2558 Ramiresius3
2141 2497 2346 2558 signata
2388 2495 2559 2558 potius
2600 2498 2657 2542 et

1584 2572 1650 2623 ad
1701 2587 1810 2622 rem
1852 2573 2244 2623 accommodata
2295 2570 2546 2632 arbitror,
2598 2575 2656 2618 ut

1583 2650 1818 2699 Porsena
1840 2656 1989 2700 tanta
2023 2650 2120 2699 viri
2153 2650 2450 2700 constantia
2471 2647 2658 2698 attoni·

1583 2735 1685 2789 tus,
1700 2742 1766 2777 ex
1790 2742 1931 2777 saevo
1950 2728 2099 2777 hoste
2121 2727 2373 2790 pietatem
2390 2727 2656 2787 indueret,

1581 2803 1761 2853 Mucio
1782 2804 1848 2853 ad
1866 2819 1987 2854 suos
2011 2805 2241 2859 remisso.

1644 2885 1675 2930 ’1
1711 2881 1876 2942 qu’or
1905 2884 2129 2945 deceptae,
2165 2880 2273 2944 ξω]
2327 2877 2652 2931 Acclamatio

1581 2956 1968 3021 epigrammatis
1991 2957 2372 3010 encomiasticis
2406 2955 2651 3007 solennis.

1581 3034 1838 3098 Maiorem
1857 3036 2057 3085 scilicet
2075 3034 2274 3084 laudem
2289 3040 2515 3105 meretur
2528 3046 2653 3082 con·

1581 3112 1775 3161 stantia
1814 3112 1971 3160 ultrix
2005 3127 2187 3163 manus
2225 3113 2470 3174 errantis,
2497 3123 2650 3175 quam

1582 3190 1717 3239 tanti
1777 3187 2024 3242 facinoris
2086 3189 2345 3240 fiducialis
2400 3187 2651 3252 inceptio.

1583 3266 1795 3316 Quanto
1840 3265 2005 3317 rarius
2060 3272 2161 3326 est,
2204 3266 2375 3330 inquit
2429 3265 2649 3317 Seneca.

1582 3341 1784 3392 hostem
1820 3343 2006 3391 amissa
2043 3351 2198 3391 manu
2219 3342 2453 3404 ..vicisse,
2496 3353 2648 3405 quam

1582 3430 1800 3469 armata.
1833 3420 1972 3469 Vide
1990 3420 2160 3483 epigr.
2177 3424 2255 3469 30.
2277 3411 2383 3470 l.‘8.
2406 3424 2461 3467 et
2478 3416 2648 3481 epigr.-

1582 3501 1667 3546 25.
1689 3498 1726 3547 l.
1753 3502 1832 3548 lo.

1628 3577 1679 3621 ’8
1713 3571 1771 3621 Si
1791 3587 1887 3622 non
1905 3572 2137 3637 errasset]
2168 3573 2223 3622 Si
2248 3587 2423 3638 regem
2457 3570 2647 3620 Porse-

1581 3665 1701 3702 uam
1724 3650 2096 3701 interemisset.
2355 3641 2367 3653 ”
2569 3697 2572 3700 .

1646 3729 1809 3779 Eme.
1855 3742 2030 3779 xxtn.
2088 3734 2115 3780 1
2159 3730 2292 3786 Quid
2331 3741 2455 3778 nunc
2495 3722 2645 3784 sem]

1578 3811 1715 3862 Vide
1737 3825 1822 3875 ep.
1842 3815 1893 3861 7.
1911 3818 1967 3860 et
1988 3814 2069 3860 15.
2102 3823 2279 3872 supra.
2345 3805 2452 3856 Hic
2476 3808 2650 3852 autem

1579 3887 1878 3937 Domitiano
1900 3887 2141 3937 adulatus
2171 3880 2647 3949 magnanimitatem

1580 3972 1637 4014 et
1660 3978 1972 4028 generosum
1998 3970 2181 4028 pectus
2205 3961 2410 4022 tribuit,
2432 3953 2568 4022 quali
2591 3952 2644 4002 lu

1579 4043 1805 4091 minores
1825 4040 2029 4105 praedas'
2048 4041 2313 4104 supplices
2332 4043 2387 4087 et
2400 4035 2645 4098 jacentes

1580 4125 1801 4171 utuntur
1823 4119 2017 4168 leones.
2079 4120 2097 4147 ⁸
2120 4117 2357 4180 Corpora
2378 4104 2644 4171 magnani-

1580 4211 1664 4247 mo
1685 4198 1812 4245 satis
1834 4204 1917 4246 est
1939 4200 2226 4259 prostrasse
2245 4189 2403 4250 leoni,
2422 4188 2522 4235 διο.
2566 4180 2642 4232 At

1581 4274 1750 4337 lupus,
1785 4278 1844 4322 et
1880 4281 2058 4335 turpes
2081 4270 2280 4320 instant
2302 4257 2642 4316 morientibus

1581 4349 1725 4402 ursi!
1792 4348 2015 4399 Ovidius
2035 4352 2085 4398 2.
2108 4346 2263 4396 Trist.
2284 4340 2481 4402 5.eleg.

1645 4430 1675 4477 8
1712 4425 1995 4491 matur,
2031 4425 2138 4491 Sym]
2172 4419 2419 4488 Respicit
2450 4414 2516 4465 ad
2553 4422 2641 4462 ns·
