2985 4937
703 446 783 496 M.
831 441 1005 519 VAla·
1049 447 1468 497 MAR'rmms
1519 448 1763 496 nmen.
1815 451 1952 496 MR.
2000 448 2112 496 XI·

310 588 605 641 obscoenum
638 587 838 652 aliquid
869 602 961 654 per
999 603 1257 655 passerem
1292 592 1370 641 in-

312 665 475 731 telllgi
499 667 643 717 vult:
679 666 772 716 sed
805 667 890 717 Fr.
913 667 1152 718 Floridus
1186 668 1370 718 asserit

312 744 598 808 simplicem
654 757 879 807 sensum,
939 744 1029 795 lib.
1078 748 1122 794 1.
1176 744 1367 794 subcis.

311 836 423 885 esp.
439 827 488 871 5.

374 899 538 957 Eric.
576 912 676 948 vn.
731 902 754 947 1
793 899 911 947 Jam
944 896 1095 961 certe]
1157 853 1371 949 Mortuo

310 961 634 1037 Domitiano,
653 976 799 1040 cujus
823 975 1092 1040 imperium
1115 983 1371 1039 praetexe-

309 1053 398 1103 bas
423 1052 693 1104 adulteriis
724 1052 840 1103 tuis.
884 1051 1104 1117 Sapido,
1123 1051 1232 1117 ξω]
1264 1054 1369 1104 Do-

306 1129 383 1179 los
405 1135 523 1179 tuos
547 1142 648 1190 non
672 1129 937 1179 sentienti.

371 1209 402 1256 8
447 1205 1015 1270 CoesarJDomitianus.

373 1287 405 1332 4
442 1281 675 1346 Circeios]
704 1280 832 1344 Alii,
853 1281 1086 1332 circoeost
1110 1281 1270 1346 jussit
1285 1298 1370 1333 me

306 1356 462 1407 modo
486 1359 661 1407 venire
696 1358 747 1407 in
770 1358 1012 1410 Circaeos.
1063 1359 1274 1422 Ser-opha
1299 1365 1373 1412 ta·

306 1433 367 1483 lis
381 1433 510 1498 abit]
545 1434 730 1496 Dolus,
752 1433 988 1485 fallacia:
1023 1448 1055 1484 a
1075 1433 1278 1499 στρέφοι.
1303 1467 1308 1474 ·

371 1517 403 1560 δ
442 1512 709 1576 Penelopa]
742 1511 935 1562 Castae.

370 1592 406 1636 6
438 1586 650 1651 Scabies,
692 1588 799 1653 ξω]
858 1586 1161 1638 Inveterata
1200 1587 1369 1638 libidi-

307 1664 388 1714 nis
409 1665 637 1728 prurigo.

371 1745 418 1791 8
441 1740 677 1805 Hoerebil,
716 1741 821 1805 lfa]
876 1742 1098 1794 Maritus
1152 1748 1271 1842 tuus
1311 1750 1368 1795 te

306 1818 663 1868 comitabitur.

367 1899 437 1945 -11
473 1896 797 1961 Hystericam,
831 1896 938 1961 Asc-J
968 1895 1059 1946 Sic
1095 1848 1367 1946 Turnebus

305 1973 397 2023 lib.
425 1977 474 2022 8.
499 1986 615 2036 cap.
637 1976 688 2023 4.
715 1972 766 2021 id
796 1979 898 2035 est,
920 1971 1056 2022 uteri
1078 1974 1369 2036 strangula-

305 2050 451 2099 tione
485 2049 838 2100 laborantem.
873 2049 940 2098 ab
966 2046 1171 2112 ὑστέρα.
1204 2050 1281 2099 sic
1313 2055 1370 2100 et

307 2125 572 2189 Epigram.
593 2130 680 2176 71.
702 2123 855 2174 infra.
890 2126 1023 2174 Sunt
1043 2140 1131 2190 qui
1153 2126 1365 2188 legant

307 2202 629 2265 Hicterioam,
661 2203 805 2267 quasi
836 2201 1016 2252 morbo
1051 2201 1195 2266 regio
1228 2202 1368 2254 labo·

305 2275 545 2328 rentem:
567 2278 733 2328 minus
756 2285 902 2343 apte.
1171 2317 1176 2320 -

374 2358 439 2404 12
472 2353 774 2418 Sinuessano,
794 2355 906 2418 ξω]
937 2355 1261 2408 Sinuessanae
1285 2374 1370 2410 au·

308 2437 416 2482 tem
441 2446 590 2496 aquae
634 2431 686 2481 in
726 2431 1368 2496 Campania-stemmatum

308 2508 583 2559 sterilitati
618 2509 839 2574 aliisque
873 2509 1060 2559 morbis
1095 2510 1369 2561 medebsn·

307 2592 412 2636 tur.
439 2586 577 2636 Plin.
599 2585 691 2637 lib.
706 2590 787 2637 sl.
823 2591 1006 2651 cap.2.
1047 2588 1201 2638 Cluv.
1241 2587 1367 2640 Ital.

307 2662 400 2713 lib.
419 2665 469 2712 3.
503 2676 623 2725 cap.
643 2665 722 2712 10.

374 2739 538 2789 Erro.
571 2751 652 2787 ιι.
707 2743 748 2788 1-
792 2739 966 2788 Clam
996 2739 1174 2800 fronde
1206 2740 1368 2805 Jovis]

309 2816 528 2868 Querna
553 2822 766 2866 ornatus
802 2816 992 2866 corona
1029 2817 1178 2869 Jovis
1213 2818 1370 2884 Capi·

308 2890 478 2943 toiini.
500 2892 599 2956 Ep.
613 2896 695 2942 64.
711 2893 802 2943 lib.
820 2897 868 2943 4.
892 2907 1028 2945 vers.
1040 2899 1088 2944 1.
1106 2895 1369 2946 Gruterus

309 2970 442 3029 vuit,
471 2984 667 3034 quercu
691 2977 967 3020 coronatos
991 2969 1151 3021 fuisse
1173 2986 1371 3035 omnes,

310 3046 492 3109 quibus
513 3047 676 3096 honor
695 3046 848 3096 datus
873 3046 1128 3110 imaginis.
1165 3048 1371 3099 Romi

297 3121 472 3186 sm]
492 3122 767 3189 Tragicine
804 3122 1057 3173 Carminis
1079 3122 1268 3187 Poeta,
1304 3140 1371 3175 an

307 3198 548 3249 heroici?
599 3198 876 3262 Tragicnm
931 3196 1090 3248 fuisse
1142 3204 1372 3250 testatur

311 3275 591 3325 Placiades
629 3274 953 3340 Fulgentius.
1011 3276 1267 3340 Commi]
1301 3278 1346 3327 E

311 3353 447 3417 pigr.
462 3355 547 3402 20.
570 3353 722 3403 lius.
748 3366 878 3403 vers.
897 3356 946 3403 7.

373 3433 406 3478 2
437 3427 644 3493 Spirat]
666 3427 752 3478 Ad
774 3429 945 3478 virum
978 3442 1232 3492 expressa
1268 3435 1370 3479 sta·

311 3511 419 3555 tua.
476 3505 676 3569 Apellea
713 3506 946 3564 redditus,
983 3504 1090 3568 ᾂσζ]
1122 3505 1371 3555 Memoris

307 3588 501 3643 statua,
533 3581 734 3645 Apellis
756 3584 934 3646 opus.'
963 3582 1070 3632 Alii
1091 3581 1190 3644 leg.
1222 3581 1372 3645 Apol-

305 3659 449 3721 linea,
468 3658 863 3723 intelliguntque
879 3658 1128 3708 Memoris
1144 3665 1371 3709 statuam

306 3735 365 3783 in
390 3733 646 3799 Apollinis
669 3734 1033 3786 bibliothecam
1058 3743 1329 3799 receptam
1353 3750 1369 3784 ι

308 3817 370 3861 ut
393 3811 562 3861 Persii
584 3810 796 3875 Prolog.

363 3887 525 3938 Eme.
544 3901 602 3938 x.
621 3892 646 3937 1
688 3888 895 3953 struas]
918 3878 1096 3953 Epigr.
1110 3891 1195 3939 9⁷.
1219 3887 1307 3940 lib.
1320 3891 1369 3940 7.

311 3977 445 4015 vers.
460 3969 511 4015 8.

375 4044 408 4090 2
435 4039 687 4105 Carmina]
710 4039 1028 4103 Hernicane‚
1049 4055 1114 4091 an
1138 4042 1370 4106 tragica?

313 4119 579 4183 Epigram.
595 4117 822 4182 praeced.
840 4133 977 4170 vers.
991 4125 1038 4170 1.
1059 4121 1233 4172 Frater
1246 4121 1375 4186 erat]

314 4195 488 4246 Cessit
506 4196 641 4246 illius
676 4196 927 4246 Carminis
951 4197 1164 4260 gloriam
1200 4196 1369 4260 fratri,

314 4284 481 4337 neque
505 4271 671 4322 voluit
689 4284 744 4322 se
767 4271 1095 4324 illi-amnium
1111 4271 1372 4337 ingerere,

2331 431 2505 499 1389

1440 589 1501 641 ut
1523 591 1740 643 Unicus.
1794 593 1978 658 Epigr.
1994 597 2076 645 44.
2098 591 2190 644 lib.
2210 599 2289 644 12.

1512 670 1671 719 Eme.
1694 681 1772 720 ιι.
1804 672 2121 724 Detestatur
2155 680 2301 722 recte
2328 673 2501 722 luxum

1444 747 1808 809 Romanorum,
1845 753 1901 797 et
1940 748 2088 813 cupit
2108 748 2285 799 reduci
2309 749 2500 813 prisco-

1364 849 1370 854 ·
1442 837 1554 872 rum
1576 822 1954 886 parsimoniam.

1457 924 1464 930 ·
1510 904 1549 949 1·
1575 900 1718 962 Tolle,
1737 914 1873 964 puer,
1892 900 2082 964 calices]
2108 900 2309 952 Amove
2325 902 2500 952 elabo-

1444 985 1584 1028 ratos
1606 977 1796 1028 calices
1828 978 2024 1029 vitreos
2056 991 2125 1036 ex
2146 979 2374 1044 AEgypto
2396 979 2505 1029 Ro-

1442 1069 1579 1103 mam
1623 1054 1827 1104 allatos.
1894 1055 2171 1104 Toreumata
2207 1055 2340 1118 Nili]
2392 1054 2501 1105 Nili

1443 1131 1637 1180 vitreos
1661 1130 1851 1181 calices
1890 1130 2174 1195 intelligitz
2227 1129 2498 1195 dequibus

1443 1207 1477 1258 1.
1494 1211 1572 1258 14.
1594 1208 1854 1271 lemmate,
1871 1208 2044 1258 Vitrei
2063 1208 2284 1258 calices:
2311 1210 2327 1237 ‘
2346 1207 2498 1272 Aspi-

1443 1283 1521 1333 cis
1563 1283 1828 1348 ingenium
1867 1284 2012 1335 Nili·
2079 1284 2261 1350 quibus
2306 1285 2499 1336 addere

1442 1360 1611 1425 plura,
1664 1362 1800 1410 Dum
1839 1362 2007 1425 cupit,
2046 1360 2110 1411 ah
2152 1362 2354 1426 quoties
2376 1376 2503 1427 per·

1442 1437 1578 1488 didit
1598 1444 1784 1487 auctor
1805 1438 1995 1502 opusl’

1504 1519 1536 1565 2
1574 1515 1642 1564 Ee
1665 1515 1785 1565 mihi
1802 1529 1985 1576 secura,
2000 1514 2105 1579 ξω]
2140 1516 2211 1565 Et
2236 1515 2384 1565 trade
2407 1515 2500 1564 mi·

1440 1591 1494 1640 hi
1518 1591 1706 1656 pocula
1745 1589 1924 1654 fagina
1964 1593 2043 1641 vel
2082 1592 2393 1665 Saguntina,
2431 1592 2499 1641 de

1442 1669 1629 1733 quibus
1650 1677 1763 1718 ιιιιιι.
1777 1669 1846 1718 s'is
1882 1669 2116 1718 solicitus
2136 1682 2203 1718 ne
2236 1667 2501 1719 labantur.

1442 1747 1706 1811 Epigram.
1724 1750 1837 1796 108.
1859 1745 1947 1795 lib.
1963 1748 2044 1795 14.

1442 1836 1517 1871 rm
1537 1822 1860 1887 solicitaeque
1882 1820 2096 1871 manusJ

1507 1902 1539 1948 3
1576 1899 1716 1949 Trita
1746 1904 1941 1962 patrum
1957 1896 2125 1961 labris]
2170 1896 2407 1961 Fictilia,
2413 1913 2504 1947 cu·

1430 1976 1679 2040 jusmodi
1683 1990 1714 2025 a
1731 1977 1905 2026 Numa
1934 1976 2171 2026 instituta
2195 1982 2315 2025 sunt
2338 1975 2389 2024 in
2412 1975 2507 2024 ho·
2504 2013 2511 2023 ι

1441 2057 1619 2102 norem
1643 2053 1891 2116 Deorum,
1912 2059 1968 2102 et
1990 2052 2057 2102 ab
2081 2051 2306 2116 antiquis
2322 2051 2504 2101 Roma-

1442 2128 1522 2177 nis
1545 2130 1600 2178 in
1623 2144 1737 2179 usu.
1790 2130 1938 2179 Toaso
1965 2143 2089 2193 para
2109 2129 2351 2192 ministro]
2382 2128 2504 2179 Non

1443 2210 1650 2255 comato
1682 2214 1739 2256 et
1775 2206 2148 2268 calamistrato,
2183 2204 2276 2255 sed
2299 2205 2415 2256 rudi
2446 2213 2503 2255 et

1443 2280 1687 2346 simplici.
1746 2323 1751 2331 .
1829 2326 1832 2330 .

1505 2361 1538 2407 4
1570 2358 1812 2422 Antiquus
1831 2325 2003 2422 honor]
2036 2360 2293 2408 Urnarum
2326 2363 2383 2408 et
2418 2372 2502 2408 ca·

1441 2432 1596 2484 licum
1619 2433 1875 2486 fictilium.
1921 2437 1997 2485 Et
2014 2442 2321 2486 revocentur
2336 2435 2503 2500 prima
2533 2472 2538 2479 .

1442 2513 1656 2576 saecula,
1679 2513 1966 2578 priscorum
1990 2513 2300 2605 parsimonia
2320 2521 2376 2564 et
2396 2512 2504 2564 fru-

1444 2590 1647 2654 galitas.

1479 2670 1537 2714 5
1588 2666 1811 2730 Gemma]
1866 2666 2044 2717 calice
2086 2680 2116 2715 e
2155 2679 2375 2730 gemma,
2417 2667 2502 2715 vel

1442 2751 1701 2804 gemmato
1725 2743 1925 2808 poculo.
1970 2743 2092 2799 Qun·
2117 2740 2502 2801 Mentor-afran·
2512 2754 2515 2759 ’

1435 2819 1542 2883 gis]
1575 2820 1729 2883 foui
1768 2820 1957 2885 pocula
1995 2820 2272 2869 Mentorea
2321 2817 2507 2869 nobili·-⁸

1443 2902 1554 2947 tata
1571 2894 1750 2946 mann'
1783 2897 1867 2962 (ut
1881 2897 2017 2946 dixit
2034 2896 2219 2960 Epigr.
2235 2899 2319 2945 60.
2343 2894 2503 2945 libse.

1442 2987 1578 3023 vers.
1591 2972 1701 3035 16.)
1731 2971 2007 3038 diffringis,
2042 2972 2241 3023 atinde
2264 2970 2505 3022 conficia-

1444 3054 1535 3098 tur
1554 3050 1769 3100 moechre
1789 3056 1892 3099 tuae
1912 3050 2126 3112 matula,
2147 3049 2359 3113 dignum
2372 3062 2504 3099 ,sane

1445 3130 1501 3175 te
1523 3120 1728 3176 bomine
1744 3126 1887 3175 molli
1922 3131 1977 3175 et
2014 3125 2218 3189 impuro
2241 3125 2503 3189 poculum.

1445 3199 1553 3251 Sed
1576 3201 1696 3251 vide
1719 3216 1795 3251 an·
1809 3203 2019 3266 placeat
2042 3202 2218 3264 lectio,
2258 3201 2323 3251 Te
2338 3207 2505 3265 potare

2078 1745 2330 1809 ‘peccant
2350 1758 2499 1794 secu·

1349 3305 1371 3316 -
1443 3278 1575 3327 decet
1594 3279 1895 3343 gemma‚·qei
1918 3277 2353 3339 Mentorasrangis
2367 3274 2393 3327 2
2442 3277 2506 3325 Ῑιι

1441 3355 1630 3418 scaphio
1646 3356 1835 3404 moeclsae
1850 3355 2176 3419 Sardanapalo
2196 3359 2292 3404 lua
2306 3370 2324 3403 .·
2356 3352 2504 3418 quasi

1445 3431 1615 3481 dicat:
1651 3431 1824 3495 Magis
1846 3431 2093 3482 convenit
2109 3430 2271 3481 fictile
2300 3431 2507 3495 scaphi-

1446 3523 1550 3569 um,
1574 3522 1743 3572 .quam
1782 3507 1922 3557 calix
1960 3521 1990 3556 e
2017 3520 2234 3570 «gemma
2277 3506 2374 3571 illi,
2415 3506 2510 3571 qui

1445 3586 1701 3635 Mentoris
1726 3600 1888 3650 opera
1905 3584 2113 3650 frangit.
2510 3623 2516 3631 .

1514 3661 1675 3711 Eme.
1696 3673 1797 3711 ιιι.
1830 3662 2027 3724 Zoilus,
2061 3662 2293 3727 quamvis
2329 3668 2504 3723 notus,

1444 3739 1776 3789 nesciebatur
1799 3743 1972 3789 tamen
1997 3739 2147 3788 uude.
2160 3743 2300 3788 esset
2329 3747 2505 3802 natus,

1444 3829 1600 3881 quem
1614 3815 1705 3879 jus
1730 3815 1887 3865 trium
1905 3815 2192 3866 liberorum
2217 3821 2514 3880 petentem,-

1444 3892 1644 3942 irridet.
2108 3912 2117 3917 fi
2318 3912 2323 3915 Α

1513 3972 1540 4017 1
1560 3968 1658 4017 Jas
1678 3967 1767 4017 tibi
1783 3972 2023 4029 natorum,
2041 3965 2149 4032 aa]
2171 3966 2264 4017 Vis
2272 3967 2393 4032 jure
2415 3980 2505 4016 na·

1445 4050 1616 4096 torum
1671 4044 1976 4105 clarescere,
2015 4058 2132 4093 cum
2176 4043 2271 4093 tibi
2309 4044 2506 4093 natales

1443 4121 1551 4170 sint
1563 4127 1681 4171 ortu
1697 4120 1807 4171 Nili
1822 4118 2167 4190 obscuriores.
2200 4119 2362 4170 Petas
2378 4120 2519 4170 licets

1437 4199 1529 4263 jus
1549 4196 1846 4259 liberorum,
1874 4202 2089 4261 septem
2113 4197 2194 4261 vel
2228 4203 2505 4247 sexcento-

1445 4288 1579 4337 rum,
1600 4273 1644 4324 si
1682 4273 1879 4338 placet,
1916 4272 2030 4337 ipse
2068 4286 2231 4338 nsque
2252 4271 2502 4327 obscurus
