2985 4937
449 422 635 491 1304

451 581 647 633 *fundat
660 581 916 635 ducentos
930 595 1109 634 versus
1125 600 1138 636 ε
1169 600 1376 650 sapere,
1386 585 1525 653 quod

463 661 673 710 eosdem
697 675 797 710 non
820 661 1030 725 recitet,
1045 677 1172 728 quos
1189 663 1232 714 si
1254 666 1528 725 recitaret,

462 737 673 802 ineptus
717 736 1023 788 haberetur:
1080 739 1205 788 nihil
1240 741 1376 790 enim
1416 740 1528 803 dig·

465 826 588 863 num
609 814 790 863 auditu
812 815 1160 881 memoriaque
1178 817 1333 866 scribi
1353 824 1529 882 potest

463 894 573 938 tam
592 888 741 939 brevi
762 896 1000 954 tempore
1023 897 1174 941 tanto
1197 906 1430 942 nurnero.

526 969 560 1015 2
596 966 709 1015 Non
722 967 869 1030 sapis,
887 965 1056 1030 atque]
1092 968 1215 1030 Qui,
1238 975 1382 1017 stans
1399 967 1533 1032 pede

464 1042 519 1092 in
542 1056 667 1105 uno,
690 1042 744 1092 in
774 1045 906 1093 hora
941 1042 1195 1095 ducentos
1234 1044 1533 1109 praecipitas

447 1133 666 1183 ’νει-ειη,
710 1120 926 1171 vitiosos
964 1121 1169 1173 scilicet
1212 1129 1269 1172 et
1310 1122 1534 1186 ineptos,

468 1195 560 1260 qui
585 1196 680 1246 tibi
704 1196 964 1247 lutulento
984 1195 1168 1248 fluenti
1191 1213 1221 1247 e
1244 1199 1411 1249 bucca
1443 1215 1534 1250 ex-

468 1270 670 1322 cidunt.
737 1273 905 1337 Sapis]
939 1273 1043 1326 Qui
1076 1287 1177 1323 non
1212 1276 1405 1327 recitas
1426 1291 1534 1326 ma-

468 1348 549 1397 los
585 1348 704 1398 illos
728 1363 923 1415 versus,
945 1350 1083 1400 unde
1120 1351 1216 1403 tibi
1254 1354 1371 1417 plus
1389 1361 1537 1406 esset

468 1423 744 1475 dedecoris
767 1441 921 1491 quam
943 1428 1129 1480 laudis.

535 1502 699 1553 Erro.
718 1516 840 1553 xxi.
863 1503 1043 1555 Pridie
1064 1520 1215 1570 quam
1235 1506 1413 1557 Caesar
1435 1508 1536 1557 Ur-

451 1577 588 1627 'bem
626 1578 1004 1644 ingrederetur,
1029 1582 1287 1633 Martialis
1321 1585 1537 1635 medita-

471 1664 555 1705 tus
578 1656 857 1722 alloquitur
877 1656 1070 1722 sidera,
1090 1667 1149 1711 ut
1171 1669 1379 1711 noctem
1404 1677 1536 1726 prae·

472 1733 726 1796 cipitent:
761 1740 965 1785 tantum
1005 1737 1141 1785 enim
1186 1752 1302 1788 esse
1335 1739 1539 1789 deside-

470 1808 605 1859 rium
650 1808 708 1861 et
749 1813 1198 1876 exspectationem
1240 1817 1440 1880 populi,
1483 1821 1542 1866 ut

469 1884 769 1950 longissima
789 1888 837 1936 ei
861 1903 961 1937 uox
984 1889 1241 1940 videatur.
1307 1892 1539 1942 Tandem

474 1969 629 2011 acute
653 1968 710 2012 et
748 1970 962 2013 venuste
999 1966 1285 2030 concludit,
1304 1969 1378 2017 nit
1410 1982 1541 2034 opus

475 2033 589 2087 fere
620 2036 742 2098 die3
769 2038 866 2088 sub
904 2039 1130 2090 mediam
1153 2043 1309 2093 etiam
1334 2051 1542 2096 noctem

473 2112 591 2164 fore
627 2114 795 2166 lucem
834 2116 1174 2168 meridianam
1215 2121 1425 2170 Caesare
1466 2121 1544 2170 in-

475 2189 785 2255 grediente3
836 2206 954 2244 nam
992 2194 1163 2260 ipsum
1206 2211 1321 2248 esse
1361 2199 1544 2249 solem.

546 2352 573 2397 1
608 2347 904 2413 Phosphoro,
942 2348 1052 2414 ξω]
1105 2350 1326 2402 Veneris
1369 2355 1543 2418 stella,

476 2439 614 2491 quai,
633 2425 769 2477 Solis
808 2426 1027 2480 orientis
1062 2430 1371 2496 praenuntia,
1394 2432 1544 2483 Luci·

455 2503 561 2555 ·fer
579 2504 810 2567 dicitur3
841 2507 1000 2556 solem
1019 2507 1349 2559 occidentem
1364 2510 1547 2561 subse·

476 2596 662 2645 quens,
693 2583 971 2647 vesperus.
1039 2585 1233 2635 Gaudia
1263 2592 1428 2637 nostra
1446 2604 1545 2638 nio·

453 2683 458 2688 ·
475 2657 632 2722 raris]
650 2658 999 2710 Desiderium
1014 2662 1235 2712 Caesaris
1259 2666 1548 2728 expectati,

450 2765 456 2771 -
478 2741 675 2784 etcum
699 2734 786 2786 die
806 2733 1003 2787 Urbem
1026 2737 1326 2802 ingressuri.

448 2841 460 2849 -
544 2814 574 2859 3
613 2809 802 2874 Rogat]
833 2812 908 2861 Ut
941 2812 1082 2861 diem
1125 2818 1547 2879 properes-‚Pla-

477 2886 575 2936 cidi
602 2885 847 2951 nunquid,
867 2888 974 2953 ξω]
1010 2889 1118 2939 Cur
1153 2892 1302 2941 tarde
1336 2892 1546 2943 orireris

457 2978 545 3014 -ac
579 2964 621 3014 si
648 2966 907 3016 vehereris
936 2968 1206 3031 plaustr03
1240 2971 1376 3034 quod
1409 2972 1546 3022 inse·

449 3080 451 3082 ,
481 3040 572 3106 qui
594 3040 801 3091 videtur
815 3040 1198 3114 Arctophylax,
1219 3046 1419 3110 signum
1442 3054 1549 3098 tar·

481 3117 626 3178 dum,
665 3117 787 3182 quia
826 3118 951 3181 polo
986 3119 1245 3170 vicinum?
1285 3123 1467 3187 Epigr.
1502 3129 1550 3175 3.

479 3192 578 3243 lib.
602 3197 653 3243 4.
679 3207 813 3243 vers.
837 3200 888 3244 5.
927 3194 1121 3259 Bootae]
1158 3197 1261 3249 Qui
1280 3198 1550 3250 Bubulcus

479 3270 692 3333 Latine,
726 3278 783 3320 et
805 3270 995 3321 Groece
1016 3271 1383 3339 Arctophylax
1419 3276 1549 3326 dici-

482 3346 748 3410 tur,·quod
786 3347 935 3412 quasi
975 3356 1153 3399 servet
1186 3357 1243 3400 et
1286 3353 1552 3403 custodiat

484 3429 698 3473 arcton:
737 3437 831 3473 seu
873 3430 1049 3488 pastor
1091 3426 1158 3475 sit
1205 3427 1377 3491 boum,
1409 3430 1550 3479 unde

483 3499 699 3549 Bootes.
750 3499 967 3563 Septem
985 3502 1122 3552 enim
1144 3499 1313 3574 stell‘ae
1336 3506 1552 3568 triones,

483 3577 632 3641 quasi
646 3576 896 3641 teriones,
911 3578 964 3629 id
984 3585 1085 3643 est,
1104 3578 1286 3644 boves,
1305 3581 1550 3633 diceban-

484 3661 587 3705 tur.

547 3735 581 3781 4
615 3731 871 3796 Plaustra]
925 3732 1097 3796 Major
1141 3742 1315 3786 arctos
1361 3736 1552 3789 Graece

482 3815 701 3858 vocatur
733 3807 904 3871 ἅμαξα,
930 3809 1050 3859 Lat.
1085 3812 1393 3875 plaustrum.
1427 3815 1554 3865 Len-

481 3884 556 3947 to]
588 3884 781 3934 Tardo.
821 3886 942 3947 Igne
962 3886 1118 3951 venis]
1148 3887 1330 3951 Stella,
1351 3890 1486 3941 luce.

457 3985 466 3992 -
547 3966 578 4010 5
612 3961 785 4010 Ledoeo
816 3961 1025 4024 poteras]
1056 3964 1242 4020 Sumas
1282 3967 1407 4018 licet
1426 3969 1553 4019 Cas-

485 4037 612 4086 toris
650 4051 859 4101 equum,
899 4037 978 4086 illi
1024 4053 1055 4087 a
1090 4040 1354 4092 Mercurio
1394 4043 1554 4094 dona-

483 4121 617 4173 tum,
636 4118 694 4162 et
719 4113 833 4176 jam
857 4114 1014 4163 astris
1051 4116 1303 4169 additum.
1356 4120 1552 4185 Ledoeo]

486 4188 657 4238 Ledes
676 4190 833 4250 natis,
853 4191 1087 4254 geminis.
1149 4194 1423 4261 Adducere]
1446 4198 1554 4249 Alii

486 4272 542 4314 et
565 4272 712 4317 recte
741 4265 986 4322 abducere.
1049 4270 1172 4323 Hoc
1203 4283 1316 4327 est:
1358 4277 1552 4329 Posses

1166 443 1382 493 κους
1432 443 1833 497 unionum
1890 447 1967 496 m
2054 428 2057 433 '

1603 586 1863 639 abducere
1886 604 1979 640 seu
2001 589 2207 655 eripere
2229 605 2418 658 equum
2442 587 2673 648 Castori,

1605 671 1664 713 nt
1687 665 1784 716 hoc
1804 666 1999 717 vehens
2021 668 2175 719 citius
2197 670 2334 719 diem
2370 671 2667 720 reduceres.

1603 742 1839 805 Cyllarus
1857 744 1992 793 enim
2011 759 2174 810 equus
2192 746 2671 797 aMercurioDios·

1607 818 1745 866 curis
1768 818 2010 869 donatus.
2572 828 2575 835 '

1670 898 1703 943 6
1739 895 1850 958 Ipse
1880 896 1988 959 suo]
2025 897 2146 961 Ipse
2184 899 2371 948 Castor
2402 900 2669 965 cyllarum

1608 985 1754 1020 suum
1777 986 1968 1037 equum
2007 973 2102 1023 tibi
2135 974 2346 1026 interim
2379 975 2532 1026 dabit
2562 989 2672 1025 mu·

1608 1053 1774 1106 tuum,
1796 1056 1855 1097 ut
1876 1048 2030 1099 citius
2046 1051 2314 1100 exoriaris.

1672 1116 1702 1160 7
1740 1113 1993 1176 Capidava,
2008 1115 2118 1179 afa]
2151 1115 2357 1166 Exoriri
2373 1115 2671 1180 cupientem

1608 1190 1787 1241 solem.
1838 1193 1955 1241 Jm
1978 1194 2226 1257 Xanthus,
2243 1193 2347 1259 ξω]
2395 1194 2517 1246 Jam
2539 1194 2673 1244 Solis

1608 1266 1731 1331 equi
1753 1281 1959 1317 cursum
1982 1271 2230 1333 gestiunt.

1674 1348 1706 1393 8
1740 1345 2009 1395 Memnonis
2023 1348 2222 1411 parens]
2258 1345 2478 1400 Aurora.

1673 1427 1706 1471 9
1742 1422 1901 1472 Tarda
1939 1425 2249 1490 tamen,85c.]
2297 1424 2454 1475 Stant
2493 1424 2679 1486 stellae,

1609 1512 1710 1548 nec
1744 1505 1984 1549 movetur
2021 1500 2161 1564 luna,
2181 1500 2443 1551 desiderio
2471 1499 2679 1566 (credo)

1609 1574 1823 1628 videndi
1855 1575 2234 1641 Imperatorem
2271 1578 2422 1628 Rom.
2458 1577 2679 1627 redeun-

1611 1659 1737 1703 tem.
1854 1654 1861 1661 ‘
2670 1661 2676 1666 ’

1677 1735 1737 1781 11
1773 1731 1918 1781 Stent
1948 1737 2081 1782 astra
2119 1731 2301 1796 licebit]
2335 1731 2462 1796 Ipse
2497 1732 2682 1782 Caesar

1612 1807 1711 1858 sibi
1733 1807 1822 1876 Sol
1863 1810 1986 1872 erit,
2013 1809 2294 1876 gloriaeque
2326 1823 2434 1859 suoe
2472 1806 2684 1873 fulgore

1613 1884 1859 1935 lustrabit
1891 1885 2100 1951 coelum,
2127 1885 2213 1936 vel
2234 1892 2481 1936 manente
2509 1886 2685 1937 noetis

1614 1959 1772 2011 facie.

1682 2041 1745 2088 12
1780 2038 1893 2088 Nou
1943 2038 2124 2104 dea-it]
2192 2038 2470 2090 Conclusio
2524 2039 2690 2104 plena

1617 2114 1952 2165 adulationis.
2012 2115 2326 2181 Ubicunque
2369 2115 2572 2177 Caesar,
2614 2114 2690 2166 ibi

1617 2191 1764 2253 dies;
1796 2206 1916 2242 nam
1939 2192 2114 2243 Caesar
2133 2199 2315 2243 noster
2333 2191 2423 2243 Sol
2453 2198 2554 2244 est.

1683 2269 1846 2318 Erro.
1890 2281 2039 2320 xxxx.
2085 2273 2118 2319 2
2166 2269 2392 2335 Hybrida
2421 2283 2545 2334 um,
2579 2267 2694 2334 qm]

1619 2346 1911 2411 Hybridam
1952 2361 2035 2398 me
2064 2363 2180 2399 esse
2211 2348 2404 2410 innuis,
2423 2347 2550 2398 dum
2595 2362 2693 2412 ap-

1619 2422 1771 2490 ponis
1807 2438 2026 2490 porcum
2058 2424 2351 2492 hybridam,
2384 2424 2439 2475 id
2473 2429 2578 2488 est,
2620 2438 2693 2475 ex

1620 2498 1734 2550 fero
1777 2505 1834 2561 et
1876 2507 2147 2551 mansueta
2182 2508 2392 2551 natum:
2439 2500 2526 2550 vel
2570 2500 2695 2565 lege

1618 2577 1738 2628 sim.-
1754 2578 1900 2642 quasi
1917 2577 2089 2629 dicat:
2114 2579 2325 2629 Utinam
2349 2577 2447 2643 ego
2463 2576 2696 2642 hybrida

1620 2655 1736 2716 sim,
1758 2654 1859 2703 nisi
1891 2655 2180 2720 intelligam
2214 2654 2388 2706 fucum
2423 2655 2546 2705 mibi
2583 2655 2698 2707 fac·

1620 2742 1751 2786 tum.
1801 2727 2127 2787 Sic'Chaerea
2140 2738 2351 2787 Terent.
2404 2736 2566 2786 ‘'l'um
2606 2736 2699 2801 pol

1620 2827 1720 2876 ego
1755 2813 1799 2863 is
1841 2828 2011 2864 essem
2050 2815 2138 2880 qui
2173 2813 2525 2876 assimulabar,
2554 2812 2700 2876 nisi,’

1620 2893 1719 2942 διο.
1772 2892 1854 2941 De
1885 2891 2106 2957 hybrida
2127 2890 2245 2941 vide
2275 2890 2458 2955 Epigr.
2479 2890 2625 2942 89.1.
2646 2895 2701 2942 6.

1621 2982 1756 3019 vers.
1777 2973 1859 3019 20.
2030 3019 2033 3022 ,

1688 3048 1850 3097 Eme.
1884 3058 2060 3096 xxm.
2104 3044 2190 3095 An
2228 3055 2406 3109 quaeso
2452 3041 2698 3109 iniquum

1624 3129 1723 3186 est,
1746 3123 1790 3171 si
1812 3122 1925 3186 quis
1957 3120 2154 3186 pendat
2173 3134 2353 3186 poenas
2393 3118 2526 3183 ejus,
2547 3120 2698 3185 quod

1625 3197 1904 3262 deliquerit
1943 3198 1997 3248 in
2041 3210 2135 3246 sua
2178 3196 2332 3247 arte?
2384 3194 2514 3245 Tum
2568 3210 2700 3246 sane

1624 3274 1829 3338 iniquus
1851 3288 1963 3324 esse
1984 3272 2206 3335 viderer,
2229 3272 2272 3322 si
2294 3271 2544 3322 delictum
2571 3273 2703 3324 alie·

1626 3352 1678 3401 ni
1699 3349 1907 3400 artificii
1926 3350 1981 3400 in
1998 3350 2085 3400 illo
2109 3350 2361 3413 punirem.

1689 3429 1855 3492 Erro.
1889 3441 2053 3479 xxm.
2087 3432 2119 3477 2
2151 3426 2394 3491 Improba,
2428 3423 2544 3489 δῖα]
2593 3425 2702 3476 Im·

1626 3504 1885 3571 pudenter
1908 3512 2080 3568 petax.

1691 3586 1724 3631 6
1760 3582 1860 3639 Qui
1890 3586 2049 3643 rogat,
2068 3576 2314 3642 illesas-it]
2354 3577 2458 3630 Qui
2499 3578 2704 3643 suppli·

1627 3667 1735 3722 cat,
1756 3659 1844 3725 qui
1865 3658 2067 3720 adorat,
2090 3653 2178 3721 qui
2202 3660 2372 3719 rogat,
2392 3654 2480 3702 ille
2504 3668 2700 3704 numen

1627 3737 1800 3787 inesse
1845 3742 2025 3799 rogato
2069 3732 2295 3783 fatetur:
2348 3732 2425 3781 ita
2486 3744 2591 3797 ego
2646 3738 2702 3782 te

1627 3814 1802 3863 Deum
1840 3810 1998 3874 facio,
2027 3810 2151 3859 dum
2185 3821 2330 3873 rogo.
2382 3806 2703 3859 Adulatorie

1627 3897 1684 3941 et
1706 3890 1998 3956 parasitice.

1692 3969 1855 4019 Eme.
1875 3980 2011 4017 κεν.
2035 3963 2089 4014 N
2093 3979 2122 4015 e
2143 3963 2269 4013 mihi
2292 3962 2533 4026 insultes,
2559 3964 2701 4030 quod

1626 4060 1710 4097 me
1732 4045 2097 4109 semelaegrum
2115 4040 2324 4102 vidisti3
2358 4052 2458 4105 ego
2478 4046 2536 4091 te
2553 4054 2699 4105 saepe

1627 4131 1686 4176 et
1707 4137 1869 4189 usque
1890 4119 2080 4171 videbo
2102 4117 2285 4171 morbo
2317 4115 2604 4183 pallidum:
2639 4124 2702 4168 ut

1627 4199 1805 4266 Epigr.
1828 4202 1880 4248 4.
1898 4196 1992 4247 lib.
2015 4199 2064 4244 7.

1692 4278 1856 4329 Eric.
1902 4286 2060 4326 xxvi.
2120 4269 2367 4337 Tigrides
2414 4269 2598 4337 plures
2645 4269 2700 4321 in
