2985 4937
740 438 817 488 M.
862 438 1031 485 vAL.
1079 436 1500 487 MARTIAMS
1553 436 1798 485 EPIGR.
1846 437 1991 484 Lm.
2038 439 2122 485 11.

2347 417 2521 483 1145

313 578 418 642 qa]
472 579 708 630 Fullonis
742 587 856 632 arte
889 581 1148 644 dealbata,
1181 586 1386 631 cretata
1462 581 1695 646 quamvis
1711 587 1909 647 postea,
1923 595 2038 630 cum
2054 581 2407 646 Imperatores
2424 584 2522 634 soli

315 673 550 723 insuper.

376 743 405 786 5
448 737 766 801 Marceliono]
784 739 1064 802 Unguento
1085 735 1331 788 confecto
1352 751 1383 786 a

311 827 395 876 my
402 815 586 878 ropola
604 816 875 877 Marcelio,
887 816 970 864 vel
980 815 1253 876 Marcello,
1262 829 1383 863 nam

310 891 510 955 legitur
533 898 590 941 et
610 893 915 944 Marcellano.
981 893 1203 945 Quidam
1222 908 1382 956 expo-

312 976 465 1032 nunt,
487 970 626 1034 quod
644 984 740 1033 per
765 976 933 1019 totum
959 969 1216 1019 theatrum
1237 970 1381 1019 Mar·

312 1043 432 1093 celli
471 1046 810 1108 spargeretur
845 1045 992 1108 odor,
1014 1061 1116 1111 quo
1144 1044 1381 1110 perfusus

310 1129 427 1171 erat
459 1123 549 1172 ille
575 1137 773 1172 servus.
811 1122 935 1173 Rau.

373 1202 407 1247 6
442 1199 723 1262 Splendent,
743 1200 850 1264 ξω]
898 1199 1136 1264 Pumice,
1151 1214 1284 1250 nuce
1304 1216 1381 1250 ar·

306 1275 496 1326 denti:
531 1273 836 1340 δρωπακίσμῳ
858 1291 948 1326 seu
982 1278 1229 1341 psilothro
1254 1278 1382 1327 deli-

311 1353 416 1402 cati
451 1358 505 1403 et
536 1354 712 1402 molles
745 1368 801 1402 se
846 1353 1147 1418 depilabant
1185 1355 1380 1419 leviga-

311 1429 566 1495 bantque.

371 1514 404 1559 7
447 1510 559 1558 Nou
572 1510 790 1560 hesterna
802 1512 955 1576 sedet]
998 1510 1222 1574 Recens,
1244 1527 1382 1562 nova

304 1585 500 1635 indies.
542 1585 804 1636 Heraldns
825 1586 975 1651 legit,
997 1587 1178 1652 Cuique
1193 1588 1374 1638 hester-

303 1677 399 1712 na.-
443 1662 499 1711 id
541 1669 638 1722 est,
659 1677 828 1713 nova:
884 1670 947 1714 ut
988 1665 1204 1714 Persius
1244 1666 1381 1715 dixit

302 1739 616 1789 ‘hesternos
651 1739 910 1791 Quirites’
943 1754 1037 1804 pro
1071 1742 1218 1791 novis
1261 1742 1385 1790 civi·

306 1816 426 1868 bus.
496 1817 632 1868 Sunt
666 1818 752 1884 qui
782 1820 981 1885 legant,
1023 1820 1136 1870 Non
1173 1826 1384 1870 extrema

304 1895 461 1956 sedet,
502 1908 599 1958 per
627 1894 857 1959 Litoten,
892 1911 988 1961 pro
1026 1896 1166 1946 inter
1190 1898 1384 1961 primas

307 1971 637 2021 numeranda
653 1980 708 2021 et
719 1972 896 2021 multis
913 1972 1205 2036 pretiosior.
1241 1972 1383 2023 Had.

307 2047 502 2098 Junius
536 2049 714 2110 legens
744 2063 836 2098 non
871 2049 1112 2112 hesterna,
1148 2063 1243 2113 pro
1279 2063 1383 2098 non

305 2138 533 2187 nupera,
565 2133 626 2174 ut
648 2131 906 2175 vetustam
934 2126 1264 2178 nobilitatem
1287 2126 1385 2192 sig-

307 2201 512 2264 nificet,
547 2203 682 2251 haud
720 2203 831 2255 heri
867 2211 957 2254 aut
995 2219 1165 2269 nuper
1188 2214 1382 2256 natam.

309 2279 424 2329 Non
437 2279 677 2343 hesterna,
691 2281 798 2346 ξω]
816 2279 923 2331 Alii
943 2283 1047 2346 leg.
1064 2298 1155 2331 non
1171 2288 1384 2345 externa,

308 2357 395 2407 alii
433 2373 528 2407 non
570 2364 785 2409 eaelrema
821 2363 972 2423 sedet,
1020 2370 1383 2427 conantnrque

310 2448 601 2500 exponere,
630 2438 720 2488 sed
755 2437 915 2488 invito
936 2437 1199 2502 Apolline.
1266 2439 1383 2504 Ego

309 2515 558 2563 existimo
575 2515 657 2565 hic
681 2531 712 2565 a
727 2516 976 2566 Martiale
998 2518 1206 2581 ligulam
1228 2518 1386 2582 illam,

310 2605 429 2655 quae
476 2592 530 2640 in
578 2592 711 2655 pede
755 2593 904 2642 sedet
948 2608 1052 2642 uon
1098 2600 1382 2644 extremam

311 2667 438 2730 dici,
475 2669 599 2733 quia
633 2667 935 2731 Stigmatias
973 2670 1082 2733 ille,
1124 2671 1179 2720 iu
1229 2686 1382 2736 quem

308 2742 574 2794 invehitur
594 2745 872 2810 Martialis,
902 2746 1104 2795 calceos
1134 2748 1382 2811 patricios

311 2826 541 2883 quatuor
563 2821 904 2885 corrigiarum
928 2822 1196 2886 portabat,
1228 2832 1383 2888 atque

310 2895 388 2946 ita
415 2897 576 2960 ligula
594 2898 684 2947 illa
705 2897 900 2969 intima,
918 2914 1034 2964 qnae
1057 2899 1245 2963 pedem
1269 2907 1381 2951 tan-

311 2974 386 3038 git
437 2975 576 3024 baud
637 2991 894 3041 quaquam
947 2968 1184 3028 extrema
1232 2987 1382 3043 erat;

312 3065 429 3101 cum
445 3056 697 3108 contrajn
715 3055 1139 3119 calceisfplebeiis
1150 3064 1386 3109 extrema

312 3135 492 3191 esset;
542 3129 618 3179 illi
651 3130 786 3180 enim
822 3145 926 3181 non
960 3132 1224 3185 habebant
1257 3137 1384 3187 alias

312 3203 427 3253 illas
450 3205 659 3271 ligulas,
669 3222 783 3272 quae
801 3209 941 3259 inter
959 3224 1016 3259 se
1030 3210 1276 3274 implexae
1299 3228 1385 3263 us-

312 3296 414 3345 que
455 3283 523 3333 ad
563 3298 708 3333 suras
760 3286 1133 3339 ascendebant.
1203 3290 1385 3342 Ruben.

313 3360 503 3409 Lunata
521 3360 711 3425 planta]
754 3362 944 3413 Calceo
966 3365 1165 3429 lunato,
1195 3366 1261 3416 de
1284 3381 1386 3432 quo

313 3438 433 3486 vide
455 3438 622 3501 epigr.
647 3443 730 3489 50.
753 3439 787 3487 l.
803 3443 851 3490 1.
874 3455 1010 3490 vers.
1033 3446 1116 3494 23.
1152 3443 1386 3509 Lingula]

313 3515 590 3565 Vinculum
614 3515 813 3567 calcei:
867 3518 1003 3580 aliis,
1028 3517 1183 3568 fibula
1207 3536 1388 3584 argen-

315 3598 402 3641 tea
425 3606 518 3641 sen
542 3587 700 3642 aurea
740 3593 797 3642 in
828 3595 1020 3644 calceis
1060 3611 1091 3646 a
1126 3597 1389 3648 nobiliori-

316 3667 412 3719 bus
436 3675 662 3734 gestata.
1203 3694 1209 3701 ·

379 3750 411 3794 8
449 3746 653 3795 Coccina
693 3762 788 3796 non
830 3748 1010 3811 laesum,
1044 3751 1147 3815 ξω]
1195 3750 1300 3801 Ubi
1333 3758 1389 3803 et

313 3823 438 3873 illud
481 3824 781 3887 notandum,
826 3826 965 3890 quod
1011 3827 1272 3878 Martialis
1311 3844 1389 3877 re-

316 3900 594 3963 prehendit
609 3902 661 3951 in
680 3916 743 3950 eo
763 3901 899 3966 quod
919 3903 935 3930 ‘
954 3917 1055 3952 non
1074 3905 1251 3955 laesum
1274 3920 1389 3955 coc-

315 3976 432 4026 cina
459 3978 619 4026 *aluta
651 3976 853 4041 cingit!
917 3979 1129 4028 Etenim
1174 3981 1269 4043 illi,
1301 3979 1388 4046 qui

315 4053 476 4116 pedes
499 4053 649 4103 loesos
670 4053 935 4105 habebant
958 4055 1068 4105 sine
1105 4059 1388 4120 reprehen-

318 4130 460 4179 sione
517 4130 730 4179 coccina
786 4131 926 4181 aluta
983 4128 1062 4182 uti
1117 4141 1385 4197 poterant.

318 4204 580 4255 Parthicae
607 4206 746 4256 euim
771 4208 955 4270 pelles,
976 4223 1041 4256 ex
1059 4208 1245 4272 quibus
1267 4226 1388 4262 coc·

319 4282 419 4331 cini
439 4283 601 4334 calcei
612 4282 1058 4334 concinnabantur
1076 4285 1386 4337 mollissimas

321 4366 488 4425 erant,
503 4367 659 4427 atque
682 4358 802 4410 ideo
818 4360 955 4410 laesis
973 4360 1190 4426 pedibus
1216 4371 1352 4427 aptae
1370 4379 1386 4428 ;

1459 660 1788 709 vindicarunt
1812 660 1910 708 sibi
1924 660 2164 710 coccinos
2176 661 2395 723 calceos,
2411 661 2525 712 aliis

1461 736 1696 786 omnibus
1746 737 2081 787 interdictum
2114 736 2275 787 fuerit
2317 738 2521 787 illarum

1461 829 1598 865 usus.
1650 815 1908 879 Corippus
1924 813 1990 863 de
2010 815 2203 878 Caligis
2225 815 2361 878 Imp.
2385 816 2523 865 Con-

1454 893 1825 942 stantino-Pol.
1855 894 1870 921 ‘
1894 892 2139 942 Parthica
2161 906 2411 955 campano
2425 891 2518 957 (an

1458 985 1683 1034 compago
1699 967 1757 1031 2)
1813 970 2071 1020 dederant
2125 985 2237 1034 quae
2308 976 2520 1033 tergora

1458 1047 1600 1111 fuco,
1618 1047 1710 1112 (an
1733 1043 1928 1109 sucis‘3)
1960 1046 2267 1110 sanguineis
2302 1046 2521 1110 praelata

1457 1125 1604 1185 rosis,
1640 1123 1851 1173 laudata
1892 1123 2082 1175 rubore
2124 1123 2385 1186 Lectaque
2423 1137 2522 1185 pro

1458 1201 1617 1250 sacris
1643 1208 1790 1248 tactu
1816 1199 2113 1249 mollissima
2135 1197 2367 1263 plantis.'
2416 1199 2519 1248 Ru-

1457 1278 1561 1329 ben.
1632 1278 1835 1328 Coccina
1854 1279 1985 1327 aluta
2005 1276 2193 1341 pedem]
2246 1277 2522 1327 Senatores

1457 1357 1625 1420 primo
1675 1356 1865 1407 calceis
1909 1369 1975 1404 ex
2015 1356 2157 1405 aluta
2208 1354 2370 1417 nigra,
2401 1368 2524 1404 mox

1454 1433 1755 1499 (crescente
1773 1431 1920 1495 luxu)
1941 1446 2113 1495 cerea,
2126 1431 2297 1496 galba,
2319 1430 2528 1495 mullea,

1454 1510 1732 1574 ederacee,
1752 1510 2000 1560 coccinea
2037 1508 2196 1573 pedes
2229 1509 2523 1558 cinxerunt.

1456 1588 1569 1637 Non
1587 1586 1771 1650 loesum]
1806 1587 1927 1637 Non
1945 1586 2167 1636 arctiore
2192 1587 2368 1636 calceo
2383 1599 2526 1650 pres-

1456 1680 1609 1714 sum:
1660 1665 1740 1715 vel
1777 1664 1964 1728 pedem
1999 1678 2104 1713 non
2139 1664 2321 1713 laesum
2345 1661 2525 1712 fasciis

1456 1755 1523 1791 ex
1547 1742 1689 1790 aluta
1711 1742 1959 1790 coccinea
1990 1740 2219 1802 subligat
2251 1739 2525 1788 delicatus·

1521 1822 1556 1867 9
1593 1818 1658 1867 Et
1680 1832 1926 1867 numerosa
1940 1815 2121 1879 linunt]
2156 1816 2226 1865 Et
2241 1816 2404 1864 multa
2420 1830 2524 1865 em-

1457 1896 1677 1960 plastra,
1695 1910 1809 1960 quae
1832 1897 1847 1924 ‘
1861 1890 2100 1960 ‘splenia’
2138 1900 2343 1956 vocant,
2360 1899 2416 1942 et
2436 1892 2525 1940 ad-

1456 1971 1703 2023 hibentur
1727 1974 1792 2021 ad
1817 1972 2007 2037 capitis
2028 1971 2258 2021 dolorem
2293 1971 2378 2020 vel
2403 1985 2528 2031 ocu-

1458 2051 1625 2099 lorum
1642 2050 1894 2113 morbum,
1910 2048 2136 2099 frontem
2156 2048 2265 2111 ejus
2283 2054 2528 2111 tanquam

1460 2128 1627 2178 stellis
1667 2127 2009 2191 distinguunt.
2077 2127 2314 2190 Quaeque
2354 2122 2526 2174 Rufus

1459 2204 1627 2255 videri
1650 2203 1813 2254 voluit
1846 2203 2140 2255 delitiarum
2170 2217 2355 2252 caussa
2382 2215 2531 2251 usur-

1458 2296 1620 2346 pare:
1656 2281 1915 2331 Martialis
1938 2289 2119 2332 contra
2155 2281 2234 2331 his
2277 2277 2534 2330 occultari

1457 2367 1606 2408 notas
1629 2360 1865 2418 serviles,
1895 2366 1953 2409 et
1987 2358 2177 2409 Rufum
2212 2359 2356 2407 illum
2402 2358 2529 2423 stig·

1458 2435 1670 2487 matiam
1713 2451 1845 2498 esse,
1880 2436 1990 2487 οὔτε
2029 2438 2236 2501 καθαρῶς
2270 2433 2531 2500 ἐλεύθερον.

1459 2514 1599 2576 Ergo
1620 2514 1662 2562 si
1686 2514 1801 2577 quis
1824 2513 2024 2577 splenia
2048 2515 2133 2562 illa
2155 2515 2203 2562 ei
2225 2513 2532 2577 dempserit,
2611 2499 2618 2565 s

1458 2590 1574 2639 fore
1599 2596 1657 2639 ut
1680 2596 1845 2639 totum
1887 2590 2013 2640 illud
2051 2590 2335 2639 Senatorioe
2359 2588 2532 2652 digni-

1458 2666 1586 2716 tatis
1612 2667 1930 2729 choragium,
1952 2672 2171 2729 repente
2197 2664 2426 2729 Rufo'sin
2461 2664 2530 2715 ri·

1459 2758 1572 2792 sum
1586 2751 1639 2792 et
1657 2744 1997 2807 opprobrium
2018 2749 2270 2792 vertatur.
2292 2742 2532 2795 Mesamb-

1457 2820 1757 2884 Steltantem,
1776 2820 1881 2884 mu]
1934 2814 2039 2870 Alii
2073 2821 2335 2883 stellatam,
2355 2818 2408 2868 id
2433 2825 2537 2881 est,

1458 2896 1777 2956 distinctam,
1803 2896 2137 2961 dispunctam
2160 2897 2326 2948 notis.v
2382 2896 2531 2947 Tolle

1444 2975 1679 3038 splenia,
1705 2982 1760 3026 et
1779 2989 1845 3024 ex
1867 2974 2033 3023 literis
2059 2972 2222 3024 fronti
2255 2975 2369 3038 ejus
2391 2974 2532 3024 inus-

1458 3052 1528 3102 tis
1549 3066 1835 3116 cognosces
1852 3066 1969 3102 eum
1987 3067 2017 3101 e
2032 3066 2182 3100 servo
2200 3051 2465 3114 stigmatis.
2481 3057 2539 3102 et

1458 3128 1707 3180 literato:
1755 3130 1853 3179 hoc
1894 3137 1995 3192 est,
2026 3129 2193 3178 literis
2232 3135 2290 3178 et
2328 3127 2536 3192 punctis

1459 3207 1633 3256 inusto
1650 3206 1714 3255 ad
1726 3206 2046 3255 Senatoriam
2058 3205 2365 3267 dignitatem
2382 3219 2535 3255 evec-

1460 3291 1592 3335 tum.
1660 3285 1974 3334 Ramiresius
2021 3298 2138 3334 cum
2184 3283 2362 3347 Lipsio
2400 3282 2532 3347 legit

1457 3361 1736 3423 stillant-m,
1770 3361 1861 3411 sed
1888 3361 2085 3426 inepte.
2153 3360 2257 3413 Qui
2280 3360 2417 3409 enim
2442 3374 2534 3423 po-

1462 3439 1650 3488 tuisset
1694 3435 1861 3487 Rufus
1909 3439 1997 3487 ille
2036 3438 2088 3487 iu
2129 3436 2294 3487 tantis
2332 3436 2536 3487 deliciis

1463 3516 1668 3580 perpeti
1689 3515 1919 3565 frontem
1944 3529 2088 3564 suam
2120 3514 2360 3573 stillare;
2395 3512 2538 3577 quod

1461 3598 1518 3642 et
1562 3592 1785 3656 patienti
1823 3593 2110 3655 molestum,
2167 3597 2222 3641 et
2275 3588 2539 3653 spectanti

1462 3671 1693 3721 foedum?
1728 3670 1965 3720 Musamb.
2281 3667 2288 3668 ’
2498 3687 2504 3694 ’

1530 3751 1689 3799 EP1G.
1730 3762 1870 3798 xxx.
1930 3751 1957 3796 1
1984 3738 2159 3795 Mutua
2195 3743 2392 3807 viginti,
2424 3743 2537 3808 ξω]

1463 3826 1825 3891 Reprehendit
1863 3825 2043 3890 Cajum
2068 3831 2126 3873 ut
2148 3822 2458 3874 illiberalem
2480 3828 2553 3891 et¹

1464 3918 1648 3968 parum
1667 3902 1765 3951 sibi
1790 3901 1843 3951 in
1867 3900 2096 3951 amicitia
2117 3897 2541 3964 respondentem,

1464 3995 1616 4045 aquo
1652 3994 1769 4030 cum
1801 3980 2044 4043 petiisset
2077 3983 2260 4028 mutuo
2285 3989 2536 4026 summam

1464 4062 1666 4106 certam
1729 4056 1990 4120 pecuniae,
2025 4117 2028 4118 ⁷
2069 4055 2206 4119 ipse
2251 4052 2539 4103 conabatur

1461 4132 1698 4183 Martiali
1718 4134 2055 4197 persuadere,
2072 4140 2130 4182 ut
2143 4147 2324 4182 causas
2340 4137 2541 4195 ageret.

1461 4209 1566 4259 Sed
1590 4210 1871 4274 respondet
1903 4209 2093 4270 Poe‘ta,
2131 4209 2405 4259 ridiculum
2426 4221 2539 4257 esse

1463 4300 1569 4335 non
1607 4286 1812 4350 petenti
1850 4285 2119 4337 consilium
2161 4284 2307 4336 dare.
2371 4284 2533 4336 Jocns

1461 4363 1547 4415 hic
1581 4363 1885 4429 desumptus
1928 4377 1957 4413 a
1995 4362 2215 4425 Seneca,
2256 4360 2413 4425 epist.
2454 4363 2536 4410 4⁵.
