2985 4937
746 406 827 453 M.
874 405 1044 453 VAL.
1091 402 1513 451 MAR'mAms
1563 402 1812 450 EPIGR.
1861 401 2006 449 LIB.
2053 402 2102 448 1.

317 548 456 614 apud
484 547 776 613 scriptores
811 548 1043 612 ponitur.
1093 546 1389 608 Turnebus,

317 626 614 691 sportellas,
631 626 806 676 vitiles
831 627 906 676 ait
928 640 1060 689 esse,
1075 625 1260 691 quibus
1280 624 1388 674 belz

315 705 440 754 laria
492 702 823 753 ferebamur.
895 703 1049 752 'rum
1087 701 1384 766 sportulam

315 780 646 846 accipiebant
680 779 890 846 quidem
912 792 978 829 ex
995 794 1161 843 more,
1184 779 1386 830 tenuio-

313 874 393 909 res
414 865 654 918 tanturm
688 857 779 906 sed
803 857 1075 917 Juvenalls
1099 854 1336 922 queritur
1354 870 1387 905 a

311 933 704 999 potentioribus
722 934 941 983 eandem
959 934 1137 997 expeti
1159 934 1384 995 solitam,

313 1011 651 1062 etMartia-l.
687 1011 721 1060 l.
770 1015 845 1060 10.
877 1011 1047 1075 epigr.
1084 1016 1163 1060 10.
1198 1012 1329 1061 Turn
1353 1025 1386 1060 a

310 1089 561 1140 Martiale
596 1087 793 1152 pluries
845 1087 1164 1152 ‘xportulae'
1215 1101 1382 1152 oppo-

311 1166 469 1216 nitur.
493 1166 512 1194 ⁸
533 1179 699 1215 coenae
755 1166 952 1230 recta}
1004 1180 1145 1230 quuss
1172 1163 1385 1229 dicitur,

311 1258 424 1294 cum
448 1241 879 1292 accumbentibus
888 1242 1196 1306 juatacoena
1208 1240 1382 1291 datur.

313 1321 619 1377 Quadrantes
651 1318 859 1383 centum]
894 1318 1087 1368 Valent
1126 1321 1209 1367 26.
1253 1318 1380 1367 assi-

307 1397 429 1448 bus:
455 1398 635 1447 dictus
655 1394 972 1462 ‘quadrans,'
990 1394 1130 1460 quod
1145 1394 1213 1444 sit
1229 1408 1383 1459 quar·

309 1480 364 1524 ta
400 1489 528 1539 pars
565 1474 714 1523 assis.
744 1471 803 1522 τὸ
841 1471 937 1522 ἀπὸ
957 1471 1174 1536 σπυρίδος
1195 1473 1382 1521 δεῖπνον

307 1551 638 1612 Graecorum,
672 1565 704 1600 a
745 1551 1105 1600 Romanorum«
1132 1549 1380 1613 sportulis

302 1628 456 1691 longe
481 1625 795 1677 differebat:
837 1626 958 1676 vide
1004 1625 1296 1676 Heraldum
1322 1625 1377 1674 in

305 1703 440 1755 bunc
462 1704 660 1754 locum.
840 1730 845 1735 ·
1117 1698 1122 1705 ’

366 1786 398 1831 2
435 1782 677 1844 Delicias,
713 1780 819 1845 dra]
853 1778 1037 1830 Balnei
1066 1779 1283 1843 Bajani,
1321 1779 1376 1832 iu

308 1862 463 1908 tanto=
475 1858 686 1908 scilicet
709 1859 855 1920 luxu,
875 1864 932 1907 et
950 1857 1137 1907 inistis
1154 1857 1377 1920 deliciis,

312 1932 493 1999 quibus
519 1933 668 1997 Bajae
691 1933 926 1983 celebres
947 1938 1086 1982 sunt.
1156 1934 1262 1981 Ista
1290 1933 1376 1993 sa-

306 2010 420 2074 mes]
473 2010 739 2075 Sportulae
763 2023 812 2059 c.
854 2010 1223 2075 quadrantum,
1263 2024 1378 2075 quae

307 2087 746 2137 esurientemnon
769 2086 949 2136 satiet.

365 2168 396 2214 3
432 2165 620 2225 Redde,
655 2163 764 2227 θα]
799 2163 984 2214 Redde
1017 2163 1140 2213 mibi
1162 2164 1379 2226 vulgata

305 2238 738 2300 R'omaebalnea,
783 2240 958 2304 Grylli
994 2241 1239 2290 tenebras
1258 2236 1376 2290 2Εο-

311 2317 533 2383 liamque
549 2318 687 2383 Lupi
709 2317 769 2383 (l.
788 2322 857 2368 ³2.
892 2318 1057 2382 epigr.
1090 2317 1217 2383 14.),
1237 2319 1374 2368 male

305 2395 439 2444 enim
464 2395 786 2445 conveniunt
799 2394 1032 2445 delicata
1047 2395 1251 2459 Bajana-
1265 2396 1375 2444 bal-

303 2485 405 2521 nea·⁴
476 2486 596 2522 cum
674 2487 821 2523 coena
882 2471 1144 2523 famelica.
1224 2472 1374 2538 Lupi,

307 2547 492 2613 Grylli]
545 2549 772 2599 Nomina
814 2558 937 2599 sunt
991 2548 1375 2613 balneatorum,

303 2625 389 2689 qui
409 2626 741 2676 mercenaria
757 2625 941 2676 balnea
959 2624 1239 2676 habebant.
1287 2628 1373 2676 Te-

302 2702 600 2767 aebrosoque,
620 2702 729 2766 ξω]
764 2703 947 2768 Epigr.
964 2707 1044 2754 14.
1077 2705 1111 2753 l.
1134 2709 1216 2754 ll.
1263 2706 1287 2735 ⁴»
1302 2705 1374 2754 Et

303 2779 474 2845 Grylli
508 2779 761 2829 tenebras
821 2780 1143 2846 AEoliamque
1199 2779 1373 2846 Lupi!

300 2852 515 2905 Balnea*
539 2856 767 2920 antiquis
810 2855 1146 2907 obscuriora:
1184 2863 1374 2923 postea

304 2932 568 2995 apertiora
576 2940 633 2983 et
644 2932 883 2983 clariora.
906 2933 1113 2992 Senecas
1121 2935 1277 2998 epist.
1288 2939 1372 2985 87.

360 3010 529 3061 Eme.
555 3023 669 3061 LXI.
694 3035 699 3042 ’
733 3015 765 3060 3
801 3007 1137 3067 Quodmetia
1155 3013 1368 3077 tergam]

301 3077 527 3136 Juvenci
552 3087 635 3137 vel
655 3087 810 3150 tauri,
844 3088 926 3137 vel
947 3087 1236 3153 grandioris
1258 3092 1370 3139 ani-

307 3166 470 3215 malis.
490 3165 507 3194 ‘
525 3165 699 3216 Ruet'
720 3173 903 3217 autem
928 3166 1192 3231 significat
1206 3169 1371 3233 impe-

302 3248 410 3293 tum
429 3241 582 3308 ferae,
601 3258 705 3309 qno
727 3241 896 3293 fertur
917 3244 969 3293 in
986 3244 1237 3308 praedam.
1268 3244 1368 3295 Ar.

297 3320 439 3384 mos]
479 3320 628 3371 Armi
646 3328 769 3371 sunt
796 3322 851 3371 in
874 3321 1189 3387 pecudibus,
1207 3324 1293 3388 qui
1315 3324 1369 3373 in

297 3396 597 3447 hominibus
608 3398 826 3450 humeri.
1231 3390 1239 3400 '
1340 3465 1347 3468 ν

355 3478 387 3524 4
419 3476 763 3539 Juvencorum,
781 3475 890 3540 mu]
923 3475 1112 3530 Qualia
1126 3476 1370 3540 juvencis

298 3552 431 3602 solet
452 3551 693 3617 infigere.

353 3633 384 3677 5
425 3628 561 3685 Quid
589 3628 804 3692 frustra,
857 3628 965 3693 ξω]
1016 3629 1299 3681 Conclusio
1337 3648 1370 3682 a

293 3708 601 3772 praestantia
619 3715 679 3759 et
699 3709 974 3759 nobilitate
1015 3711 1200 3762 leonis.
1267 3714 1369 3763 Do·

294 3784 493 3850 minam,
513 3786 624 3850 dra]
660 3788 926 3839 Leonem:
969 3787 1036 3837 de
1081 3789 1169 3839 bis.
1208 3805 1368 3856 supra

292 3862 501 3926 saepius.
1356 3880 1364 3890 ·

355 3940 519 3989 Eme.
542 3953 678 3991 mm.
740 3941 831 3991 Aa.
860 3943 1184 4008 Licinianum,
1216 3948 1366 4011 scrip·

299 4016 591 4080 ioresimde]
633 4014 963 4069 Licinianum
1005 4022 1366 4073 Bilbilitanum

292 4092 513 4153 poetam
528 4094 699 4143 civem
722 4109 870 4144 suum
887 4097 951 4145 ad
971 4099 1297 4160 posteritatis
1311 4107 1366 4150 et

291 4167 464 4230 glorias
480 4167 639 4234 spem‘
664 4172 816 4235 erigit
837 4173 938 4223 hoc
973 4174 1368 4242 epigrammate,

294 4244 548 4299 adductus
564 4247 743 4299 multis
753 4248 925 4313 poetis
945 4259 999 4302 et
1013 4251 1129 4302 aliia
1142 4253 1365 4320 scripto-

2362 382 2535 450 1115

1461 544 1625 610 ribus,
1664 545 1754 610 qui
1774 545 1997 610 patriam
2029 559 2176 594 suam
2196 543 2324 594 item
2347 542 2534 607 glorio-

1461 639 1572 674 sam
1596 623 1935 674 reddiderint.
1973 623 2211 672 Ramins.

1529 704 1555 748 1
1594 699 1839 764 Syllabas]
1870 700 2064 748 Versus
2104 713 2134 748 e
2159 697 2347 762 quibus
2373 696 2530 761 pleri·

1461 794 1563 845 que
1593 779 2033 843 Hendecasyllabi
2054 777 2324 828 Plialaecii.
2355 774 2536 837 Amat]

1461 858 1590 907 Cum
1609 857 1724 922 ipse
1740 857 2011 920 scripserit
2028 855 2299 918 amatoria,
2312 854 2532 904 adverte

1458 935 1665 998 signata
1687 942 1742 984 et
1780 935 1844 984 ad
1880 931 2241 998 argumentum
2278 931 2532 995 cujusque

1457 1013 1657 1061 autoris
1695 1012 1778 1060 vel
1803 1011 1902 1060 loci
1944 1009 2184 1074 apposita
2220 1006 2399 1069 verba,
2432 1005 2531 1055 ‘A-

1457 1087 1619 1149 mat3'
1656 1087 1671 1114 ‘
1696 1086 1827 1145 felix
1845 1087 1880 1148 ;’
1898 1089 1914 1115 ‘
1940 1083 2232 1146 censetur3’
2251 1081 2530 1148 {plaudit3’

1456 1167 1472 1195 ‘
1498 1172 1686 1215 sonant
1701 1165 1737 1225 ;’
1774 1166 1790 1193 ‘
1817 1164 2041 1215 facunda
2058 1162 2337 1229 loquitur3’
2369 1162 2386 1191 ‘
2405 1175 2528 1225 gau-

1459 1240 1809 1305 dent·jocoaae
1836 1239 1875 1302 ς’
1915 1239 2296 1305 ‘-gloriabitur,'
2330 1245 2398 1289 et⁴
2420 1252 2530 1287 mo·
2577 1286 2580 1289 .

1457 1318 1664 1368 deatum
1702 1317 1852 1381 illud,
1899 1318 1915 1345 ‘
1939 1308 2308 1377 noutacebitss
2366 1313 2527 1377 Vatis]

1457 1395 1672 1445 Catulli.

1520 1476 1553 1521 2
1588 1473 1796 1522 Mantua
1810 1472 1905 1536 est]
1921 1472 2172 1537 Virgilius
2193 1478 2345 1521 natus
2368 1476 2451 1520 est
2472 1470 2527 1518 in

1456 1565 1609 1615 pago.
1631 1551 1720 1616 qui
1757 1549 1940 1602 Andes
1951 1592 1952 1597 ,
1963 1551 2262 1615 dicebatur,
2282 1564 2398 1615 non
2410 1561 2528 1614 pro·

1454 1629 1540 1677 cul
1558 1643 1589 1676 a
1612 1628 1850 1677 Mantua.

1518 1711 1549 1756 3
1587 1707 1845 1770 Censetur]
1879 1706 2068 1772 Magni
2099 1705 2248 1768 fit‚in
2288 1698 2449 1756 censu
2472 1712 2529 1755 et

1453 1784 1797 1833 mstimatione
1820 1788 1930 1833 est:
1968 1784 2108 1846 Ergo
2134 1784 2408 1834 ‘censeri’
2441 1782 2528 1830 bic

1451 1873 1557 1909 non
1600 1861 1829 1924 vulgata,
1864 1859 1957 1910 aed
1992 1859 2299 1923 elegantiori
2319 1857 2527 1923 vsigniti-

1453 1937 1661 1987 catione
1682 1943 1979 2002 acceptum.
2032 1936 2397 1986 censebantur
2419 1935 2524 1986 Ro-

1451 2014 1592 2063 mani
1612 2029 1712 2079 ope
1730 2029 1844 2078 sua,
1861 2020 1923 2064 ut
1937 2013 2014 2064 ait
2029 2014 2139 2075 ille,
2156 2011 2347 2078 quibua
2362 2009 2542 2063 facab-

1367 2110 1375 2120 ·
1451 2095 1596 2138 tates
1613 2089 2002 2154 suppetebant:
2038 2089 2223 2154 quibus
2245 2096 2432 2139 eontra
2447 2089 2525 2138 ni·

1448 2165 1525 2214 bil
1541 2173 1742 2231 praeter
1760 2172 2130 2233 paupertatem
2147 2165 2522 2229 inerat,capite

1450 2243 1812 2294 censebantur.
1883 2242 2038 2294 Unde
2060 2250 2188 2294 nata
2208 2244 2428 2293 honesta
2449 2243 2525 2291 lo-

1450 2322 1614 2383 cutio,
1636 2326 1652 2349 ⁸
1674 2321 1891 2372 Censeri
1925 2321 2115 2386 armis,’
2138 2324 2155 2350 ‘
2171 2320 2407 2384 virtute,'
2422 2324 2525 2370 dcc.

1451 2398 1811 2462 Pauperculos
1828 2413 1970 2464 ergo,
1988 2406 2044 2449 et
2060 2399 2149 2464 qui
2166 2396 2343 2462 capita
2356 2399 2522 2448 solum

1450 2475 1776 2539 Reipublicae
1808 2473 2124 2537 offerebant,
2167 2476 2285 2525 alio
2311 2475 2522 2525 nomine

1451 2551 1828 2615 ‘proletarios’
1873 2552 2227 2617 appellabant,
2273 2550 2426 2617 quod·
2456 2550 2522 2599 ad

1449 2631 1651 2694 prolem
1671 2637 1874 2679 tantum
1897 2630 2250 2693 generandam
2273 2628 2521 2678 utilesvi-

1449 2708 1719 2757 derantur.
1745 2711 1945 2773 ‘Apona‚
1962 2708 2067 2773 qua]
2085 2706 2369 2759 Patavinus
2380 2720 2524 2771 ager,

1449 2785 1746 2847 Patavium,
1778 2784 1847 2835 ab
1880 2783 2065 2850 Apono
2105 2786 2130 2822 *ρ
2143 2785 2313 2835 Fonte
2356 2782 2524 2834 Ante-

1451 2876 1629 2912 noreae
1663 2863 1823 2913 vitam
1862 2863 1960 2928 qui·
1987 2859 2390 2928 porrigit-urbi}
2419 2863 2520 2912 &c.
2545 2915 2553 2924 ,

1451 2939 1737 2989 Claudiano
1770 2938 2038 2990 celebrato
2060 2939 2226 3004 epigr.
2244 2942 2295 2989 ⁸.

1511 3019 1554 3065 4,
1578 3016 1856 3081 Stellaquu
1888 3015 1994 3079 m]
2016 3016 2152 3066 Vide
2177 3029 2338 3079 snpra
2351 3015 2520 3079 epigr.

1447 3094 1497 3142 8.
1532 3098 1587 3141 et
1629 3093 1663 3143 Ι.
1696 3097 1748 3141 7.
1794 3093 1967 3158 epigr.
2004 3096 2083 3143 1³.
2134 3093 2307 3143 Flacco
2339 3092 2521 3157 minus]

1447 3167 1667 3219 Valerio
1689 3170 1899 3219 Flacco.
1937 3212 1941 3217 .
1965 3189 1968 3196 2

1512 3251 1542 3295 5
1576 3245 1888 3310 Apollodoro]
1921 3244 2109 3296 Poetae
2143 3245 2519 3308 Alexandrino,

1445 3320 1726 3372 Menandri
1760 3323 1961 3373 aemulo.
2015 3323 2260 3386 Imbnjser,
2281 3325 2385 3390 ξω]
2416 3326 2520 3379 Qui

1362 3427 1365 3436 ·
1444 3396 1784 3449 inundatione
1805 3414 1900 3449 sua
1930 3398 2046 3448 vice
2064 3400 2310 3450 imbrium
2325 3401 2452 3466 (qui³
2465 3402 2519 3452 in

1443 3473 1673 3539 AEgypto
1715 3474 1839 3540 rari)
1871 3475 2112 3539 fungitur
2144 3477 2200 3527 in
2220 3484 2367 3529 terra
2402 3478 2519 3529 irri-

1445 3551 1638 3615 ganda.
2072 3587 2076 3594 «

1506 3632 1537 3678 7
1573 3630 1815 3694 Duosque,
1832 3630 1940 3695 ξω]
1977 3630 2194 3682 Patrem
2228 3632 2514 3684 Rhetorem

1443 3711 1501 3755 et
1512 3705 1916 3758 declamatorem
1930 3723 1944 3769 ;
1967 3707 2127 3758 filium
2142 3711 2515 3775 Philosophum

1442 3792 1498 3835 et
1522 3786 1774 3850 tragicum
1791 3799 1809 3834 ε
1842 3786 1964 3835 vide
1988 3787 2157 3851 epigr.
2170 3792 2254 3838 40.
2272 3790 2307 3839 l.
2332 3793 2381 3839 4.

1507 3867 1540 3911 9
1571 3865 1775 3927 Jocosoe,
1812 3865 2391 3929 &c.]Saltatricularum
2416 3869 2517 3919 las-

1441 3941 1578 3992 civia
1611 3948 1669 3990 et
1699 3944 2009 4006 petulantia.
2044 3958 2201 4007 supra
2234 3946 2404 4011 epigr.
2429 3952 2515 3998 42.

1440 4032 1581 4068 vers.
1598 4022 1647 4069 9.
1672 4019 1737 4068 de
1762 4020 1949 4082 Canio,
1970 4020 2108 4070 infra
2125 4022 2295 4085 epigr.
2322 4027 2400 4073 10.

1508 4098 1570 4144 10
1604 4096 1839 4157 Emerita,
1878 4095 1985 4159 Sym]
2023 4099 2277 4162 Emerita,
2310 4098 2517 4165 Augus·
2591 4131 2600 4136 -

1439 4177 1498 4220 ta
1534 4170 1719 4220 civitas
1764 4172 2037 4237 Hispaniae
2081 4176 2148 4226 ad
2192 4177 2512 4230 Lusitaniam

1441 4252 1708 4310 spectans.
