2985 4937
426 329 599 395 1104

426 489 635 541 mordet
676 489 811 541 hanc
853 488 1078 541 Gelliam
1109 486 1287 553 poeta,
1319 487 1409 538 lib.
1440 491 1492 537 3.

430 574 481 619 5.
496 572 546 618 8.

493 642 986 708 asJussoeJam-ymoe]
1021 643 1221 692 Fletum
1246 641 1406 704 juxta
1427 613 1490 691 a¹c

429 721 589 771 risum
610 722 664 770 in
688 728 933 785 promptu
967 721 1122 769 habet
1144 717 1371 779 foemina,
1394 735 1491 769 sae·

427 799 649 864 piusque
691 814 852 861 more,
898 814 1047 863 quam
1083 813 1257 847 amore
1304 799 1494 862 plorat.

426 875 571 925 Hinc
588 876 831 928 Juvenal.
845 877 956 926 Sat.
979 880 1031 926 6.
1048 876 1063 903 ‘
1077 875 1339 925 Uberibus
1361 889 1491 923 sem-

429 967 526 1017 per
563 953 802 1015 lacrymis
839 968 1149 1018 semperque
1185 952 1382 1017 paratis
1425 951 1490 1000 Iu

428 1029 657 1080 statione
677 1044 791 1090 sua,
805 1037 962 1094 atque
984 1028 1411 1092 exspectantibus
1431 1029 1492 1076 il·

424 1107 533 1157 lam
557 1107 675 1159 Quo
696 1107 888 1170 jubeat
910 1122 1119 1156 manare
1142 1105 1329 1155 modo!

495 1189 526 1233 3
563 1185 792 1248 Quisquis
812 1184 1138 1249 &indurati-a]
1183 1183 1431 1248 Quisquis
1463 1197 1495 1231 e

410 1261 671 1324 “lacrymis
691 1261 895 1311 laudeni
925 1267 1126 1325 captat,
1151 1275 1266 1325 quae
1293 1259 1494 1324 turpius

427 1350 688 1402 nunquam
722 1335 893 1388 fluunt
924 1352 1079 1403 quam
1102 1337 1190 1386 ubi
1212 1336 1495 1400 finguntur.

431 1414 559 1464 Tum
584 1415 790 1463 stultius
834 1415 962 1463 nihil
995 1422 1095 1477 est,
1129 1429 1282 1479 quani
1307 1412 1494 1462 famam

433 1499 645 1554 captare
669 1492 918 1554 tristitiae,
943 1498 996 1541 et
1014 1493 1271 1554 lacrymas
1304 1504 1495 1554 appro-

432 1568 590 1620 bare:
627 1571 750 1620 vide
791 1572 1091 1637 epigramm.
1137 1571 1409 1642 Graecall.
1447 1574 1498 1621 2.

433 1647 520 1697 tit.
541 1651 623 1697 15.

499 1725 661 1775 Eme.
683 1739 861 1775 xxxv.
887 1730 909 1775 l
938 1725 1261 1789 Incustoditis,
1271 1722 1382 1790 δῖα]
1404 1723 1495 1775 Ja-

433 1802 654 1853 nitorum
679 1804 815 1853 euim
833 1805 1117 1854 ministerio
1133 1819 1240 1853 usae
1254 1803 1367 1851 istae
1385 1803 1496 1851 Do-

434 1883 611 1931 minae.
670 1881 887 1931 Ovidius
912 1887 957 1930 1.
989 1880 1163 1930 Amor.
1183 1885 1234 1929 6.
1260 1879 1393 1942 eleg.
1427 1879 1499 1927 Et

432 1957 634 2021 oper-tis]
668 1958 922 2008 Poterant
940 1959 1074 2027 enim
1096 1957 1233 2007 fores
1255 1971 1359 2005 non
1382 1969 1498 2004 cus·

434 2036 613 2100 todiri,
662 2041 718 2085 et
755 2046 930 2085 tamen
975 2051 1090 2085 esse
1132 2036 1348 2084 clausae:
1406 2032 1501 2082 sed

434 2122 654 2178 utroque
693 2111 922 2162 furorem
974 2111 1177 2162 Lesbiae
1243 2110 1502 2174 expressit

436 2190 620 2254 magis.
689 2192 926 2240 Ramires.

503 2272 534 2316 2
569 2268 725 2317 Furta
743 2267 892 2332 tegis]
908 2269 1124 2318 Furtiva
1137 2265 1359 2317 Veneris
1376 2281 1501 2330 gau-

437 2343 544 2407 dia,
565 2345 853 2395 adulteriaz
889 2347 905 2373 ‘
922 2345 1084 2395 celari
1106 2345 1218 2393 vult
1246 2359 1340 2407 sua
1362 2340 1505 2392 furta

436 2420 652 2472 Venus?
679 2421 850 2473 Tibul.
872 2422 1187 2473 Pulmannus
1226 2420 1502 2486 legendum

438 2505 620 2548 censet
630 2500 792 2564 facta,
814 2502 906 2550 sed
937 2501 1105 2549 minus
1128 2499 1388 2564 apposite.

493 2582 523 2625 5
544 2578 789 2627 Meretrix
800 2578 1092 2642 abigit‚85·c.]
1107 2579 1122 2607 ‘
1136 2579 1328 2641 Ignoto
1338 2590 1505 2626 mere-

408 2693 413 2698 .
436 2645 543 2703 trix
560 2669 750 2718 corpus
761 2655 1013 2719 junctura
1031 2654 1229 2705 Quiriti
1242 2653 1508 2717 Opposita

440 2731 688 2795 populum
705 2731 979 2781 submovet
993 2740 1113 2781 ante
1128 2731 1382 2791 sera,’&c.
1402 2730 1506 2780 Ov-

444 2811 525 2858 14.
538 2808 672 2872 eleg.
685 2808 776 2858 lib.
790 2813 838 2858 3.
859 2808 1124 2870 Amorum,
1135 2809 1218 2857 cui
1233 2815 1507 2869 consonat,

439 2885 610 2934 sinon
644 2891 815 2934 ortum
851 2883 1012 2935 debet
1044 2883 1145 2935 hoc
1167 2886 1504 2949 epigramma.

440 2961 652 3025 Veloque
671 2965 884 3028 seraque]
930 2963 1062 3012 Velo
1095 2978 1161 3011 ex
1196 2962 1505 3011 centonibus

433 3041 612 3105 januae
645 3054 897 3105 appenso,
934 3055 999 3089 ne
1022 3039 1118 3104 per
1133 3037 1322 3089 forium
1351 3040 1506 3089 rimas

441 3116 712 3181 introspici
746 3117 930 3180 possit.
1001 3119 1005 3124 ’

509 3197 542 3242 6
575 3191 976 3256 Summoeni,85c.]
1009 3192 1309 3259 Summoenii,
1328 3193 1380 3243 id
1407 3199 1507 3257 est,

441 3270 767 3334 lupanarium
820 3270 874 3319 in
941 3271 1279 3333 Sumuioenio,
1360 3286 1508 3320 nam-2

444 3364 546 3412 que
579 3348 663 3397 hic
687 3347 986 3398 habitabant
1006 3349 1332 3398 meretrices:
1370 3348 1505 3396 unde

444 3424 870 3473 ‘Summoenianae
902 3424 1124 3475 uxores'
1162 3426 1339 3488 dictae,
1372 3434 1429 3475 ut
1453 3433 1508 3475 et

440 3500 798 3551 ‘Suburanaess
869 3503 1072 3552 Subura
1111 3517 1329 3567 namque
1372 3504 1508 3551 Var-

443 3577 555 3628 roni
579 3577 669 3627 lib.
691 3583 741 3628 4.
765 3578 832 3627 de
865 3580 1042 3643 lingua
1064 3581 1180 3629 Lat.
1204 3580 1345 3629 dicta
1367 3578 1507 3644 quod

443 3654 538 3703 sub
569 3668 716 3703 muro
770 3662 942 3704 terreo
978 3656 1302 3712 Carinarum,
1345 3662 1406 3703 ut
1454 3662 1510 3705 et

441 3730 810 3781 Summoenium
845 3726 983 3797 'quod
1007 3734 1104 3781 sub
1139 3732 1367 3796 antiquis
1390 3747 1512 3781 moe·

444 3806 627 3856 uibus:
651 3808 735 3858 hic
754 3817 926 3859 autem
944 3810 1268 3860 contrahitur
1284 3824 1345 3857 ex
1363 3809 1511 3859 Sum-

444 3884 640 3934 moenii.
707 3884 840 3935 Aliis
862 3887 1037 3949 placet
1060 3893 1117 3935 ut
1150 3888 1219 3935 sit
1245 3887 1513 3935 Ablativus

447 3960 751 4026 Adjective,
770 3964 892 4014 mihi
911 3955 1012 4012 non
1037 3962 1124 4011 ita.

473 4097 477 4101 ,
514 4043 546 4089 ’1
584 4039 782 4102 Chione,
827 4041 1017 4101 Heliae,
1055 4039 1162 4105 δῖα]
1211 4041 1514 4091 Prostibulo

448 4116 587 4166 illius
630 4118 899 4181 temporis,
931 4119 1011 4165 vel
1041 4117 1405 4168 nomine-forte
1430 4118 1515 4169 fic·-

449 4193 586 4244 titio.

516 4275 548 4319 8
582 4269 906 4333 Abscondunt,
923 4271 1031 4334 ssa]
1056 4269 1217 4335 Atqui
1237 4272 1349 4322 haec
1365 4273 1514 4322 Sum-

451 4348 641 4399 moenia
655 4352 884 4417 veterum
904 4363 1166 4400 murorum
1181 4357 1515 4401 monumenta

1106 343 1325 393 NOTAE
1366 316 1778 393 vammum
1833 346 1909 393 ιΝ

1566 493 1751 552 tegunt
1793 489 2007 552 vulgata
2049 488 2141 540 illa
2187 488 2506 552 prostibula:
2554 490 2653 540 vel

1567 565 1801 631 intellige
1817 566 2106 617 diobolaris
2139 567 2226 618 illa
2254 566 2493 616 scortilla
2534 582 2645 617 ser-

1568 642 1643 690 vis
1685 649 1741 692 et
1786 642 1973 693 infimis
2012 644 2302 694 hominibus
2341 631 2648 708 prostantia

1566 718 1704 769 iuter
1725 720 2002 783 sepulchra
2040 727 2095 773 et
2131 728 2485 782 monumenta,
2510 734 2646 785 quas

1568 799 1731 862 epigr.
1749 804 1834 850 93.
1855 801 1889 850 l.
1913 804 1962 850 3.
2008 801 2023 830 ‘
2044 799 2337 850 bustuarias
2355 804 2367 824 ’
2403 802 2650 864 appellat

1568 879 1583 905 ⁸
1602 877 1861 929 moechas.'
1896 879 2015 928 vide
2049 879 2281 929 Turneb.
2306 881 2341 929 l.
2369 883 2450 929 18.
2471 894 2535 945 c.
2559 884 2647 930 19.
2695 868 2703 875 ’

1631 962 1674 1006 9.
1700 959 1935 1022 Censura]
1976 960 2084 1009 Pro
2121 972 2676 1025 quacunquerepre-=

1568 1033 1813 1103 hensione
1833 1036 2069 1087 sumitur.

1636 1117 1697 1162 lo
1730 1114 1995 1178 Deprendi]
2033 1114 2480 1179 Deprehendeudi
2527 1129 2650 1164 ver·

1568 1189 1687 1239 bum
1712 1190 1924 1240 solenne
1964 1199 2046 1241 est
2068 1192 2133 1240 de
2155 1192 2236 1251 iis,
2260 1192 2346 1255 qui
2382 1192 2434 1240 in
2462 1191 2647 1256 aliquo

1571 1267 1788 1316 crimine
1812 1274 1870 1318 et
1908 1283 1964 1317 re
1988 1269 2128 1332 turpi
2153 1267 2651 1331 deprehenduntur.

1570 1344 1714 1393 Hinc
1736 1344 1977 1395 Juvenal.
2009 1346 2121 1395 Sat.
2144 1349 2193 1395 6.
2229 1344 2349 1394 ‘Nil
2372 1351 2454 1394 est
2484 1344 2646 1392 auda-

1570 1422 1679 1472 cius
1714 1422 1816 1472 illis
1837 1423 2153 1486 Deprensis:
2189 1422 2317 1471 iram
2350 1428 2513 1487 atque
2538 1421 2650 1471 ani-'

1572 1513 1682 1549 mos
1704 1515 1734 1549 a
1753 1499 1973 1551 crimine
1989 1497 2233 1548 sumunt.’

1639 1578 1802 1628 Eme.
1828 1591 2027 1627 xxxvi.
2064 1574 2219 1627 2‘Nec
2239 1591 2370 1640 quos,
2389 1574 2505 1640 εἷα]
2542 1576 2651 1625 Ex‘-

1572 1662 1723 1704 cusat
1744 1655 2154 1720 epigrammatum
2186 1655 2433 1717 linguam,
2465 1652 2521 1701 id
2546 1658 2652 1712 est,‘

1573 1731 1844 1795 verborum
1888 1731 2128 1780 lascivam
2173 1729 2462 1791 licentiam,
2491 1744 2650 1793 quam

1573 1808 1936 1871 praeteritione
1974 1807 2245 1857 excusavit
2288 1807 2341 1856 in
2383 1807 2651 1870 Epistola,

1573 1887 1812 1949 exemplo
1848 1886 2147 1946 multorum,
2185 1883 2276 1949 qui
2313 1891 2439 1932 aute
2459 1898 2517 1931 se
2541 1882 2652 1946 epi-

1574 1971 1861 2026 grammata
1894 1961 2173 2024 scripsere.
2197 1998 2201 2002 Α
2222 1960 2464 2009 Ramires.
2534 1960 2651 2008 Nec

1577 2054 1781 2104 graves*
1805 2039 2068 2104 epopoeias
2104 2045 2158 2088 et
2198 2036 2498 2102 tragoedias,
2521 2052 2653 2103 quas

1577 2120 1593 2148 ⁴
1610 2118 1866 2182 praelegat
1890 2117 2118 2167 tumidus
2137 2131 2295 2167 rauca
2312 2130 2446 2166 voce
2471 2116 2678 2179 magis·-

1576 2195 1698 2255 ter‚’
1731 2200 1792 2243 ut
1823 2195 2062 2244 hortatur
2082 2194 2240 2244 Musa
2261 2208 2345 2257 ep.
2373 2194 2481 2244 3.1.
2520 2197 2569 2242 8.
2653 2224 2660 2230 -

1581 2302 1585 2307 -
1642 2276 1672 2321 5
1710 2273 1822 2321 Nou
1860 2277 2075 2335 possunt,
2111 2270 2220 2335 ξω]
2279 2270 2364 2320 lta
2403 2270 2656 2335 nec‘epii

1577 2356 1864 2413 grammata
1887 2349 2001 2398 sine
2030 2348 2247 2399 lascivia
2268 2354 2323 2397 et
2354 2348 2554 2399 aculeo.

1643 2430 1675 2475 6
1703 2427 1842 2483 Quid
1862 2427 1925 2488 si,
1946 2425 2053 2491 ξω]
2090 2423 2537 2476 Quemadmodum
2569 2424 2650 2474 in-

1577 2510 1704 2567 epte
1735 2502 1939 2553 faceret
1974 2504 2085 2564 ille,
2118 2501 2205 2567 qui
2249 2500 2652 2551 Thalassionem
2713 2521 2716 2524 ¹

1577 2581 1811 2648 (carmen
1836 2581 1974 2631 omni
2002 2579 2273 2630 verborum
2302 2578 2655 2629 obscoenitate

1578 2665 1635 2707 et
1672 2658 2022 2708 conviciorum
2056 2655 2269 2706 licentia
2291 2653 2565 2717 refertum,
2593 2661 2652 2703 ut

1578 2749 1727 2783 uovae
1750 2740 1927 2797 nuptas
1962 2748 2113 2781 aures
2136 2731 2426 2795 returaret)
2448 2731 2654 2800 pudicis

1581 2810 1751 2859 verbis
1766 2824 1860 2858 uec
1878 2808 2203 2858 Fescennino
2221 2808 2655 2857 convenientibus

1580 2888 1864 2938 conderet:
1911 2898 2016 2934 non
2053 2886 2221 2934 minus
2262 2885 2491 2934 absurde
2536 2898 2655 2944 ego,
2723 2943 2726 2944 γ

1580 2967 1622 3013 si
1640 2965 2018 3029 epigrammata
2040 2962 2317 3012 scriberem
2341 2962 2523 3025 lingua
2547 2975 2654 3009 non

1577 3033 2009 3106 epigrammaton,
2040 3054 2157 3105 quae
2191 3040 2350 3100 verba
2388 3046 2530 3089 amat
2554 3040 2653 3086 las·

1580 3108 1715 3179 civa,
1744 3124 1949 3180 aperta,
1973 3123 2027 3165 et
2049 3116 2386 3166 dominantia.
2456 3116 2652 3164 Thalas-

1579 3192 1782 3257 siouem]
1806 3194 2249 3257 Carmenwnuptiis
2271 3193 2487 3242 solenne
2510 3189 2650 3254 apud

1581 3272 1863 3334 Romanos,
1900 3278 1959 3321 ut
1993 3272 2311 3336 Hymenaeus
2334 3269 2473 3333 apiid
2498 3268 2652 3318 Grae-

1582 3363 1699 3398 cos:
1750 3350 1894 3412 cujus
1949 3362 2133 3398 nomen
2191 3355 2245 3397 et
2295 3347 2649 3396 inventionem

1583 3427 1813 3475 nonnulli
1849 3426 2100 3475 tribuunt-
2120 3425 2274 3474 militi
2295 3423 2498 3473 cuidam
2516 3421 2651 3471 Her·

1582 3504 1749 3551 sillam
1768 3502 1834 3552 ad
1872 3504 2146 3552 Romulum
2169 3500 2365 3551 ferenti
2395 3501 2448 3548 in
2494 3504 2650 3560 raptu

1584 3580 1922 3630 Sabinarum:
1974 3579 2061 3629 alii
2116 3578 2242 3642 παρὰ
2286 3577 2344 3626 τὸ
2396 3574 2647 3633 rundatos,

1586 3657 1721 3721 quod
1762 3658 1951 3721 puellae
1982 3644 2057 3705 ⁸ad
2098 3656 2325 3705 nubilem
2346 3663 2553 3717 aetateui
2579 3653 2650 3700 la·

1587 3732 1759 3783 nificio
1779 3735 2047 3798 exercitae,
2090 3743 2330 3798 nupturae
2346 3734 2459 3797 jain
2484 3731 2650 3796 primo

1587 3809 1654 3858 ad
1687 3810 1846 3859 limen
1899 3812 2072 3861 mariti
2129 3810 2424 3872 venientes5
2476 3814 2650 3873 postes

1587 3887 1748 3936 laneis
1786 3888 2041 3954 ornabant
2082 3888 2258 3937 vittis:
2295 3887 2382 3936 alii
2423 3886 2649 3934 dicatum

1587 3965 1803 4014 tradunt
1821 3966 2001 4028 'nescio‘
2026 3965 2113 4014 cui
2135 3965 2383 4014 Thalasso
2408 3962 2506 4010 deo
2530 3956 2649 4007 boui

1589 4041 1644 4089 in
1679 4043 1877 4104 nuptiis
1900 4042 2114 4091 ominis:
2153 4043 2240 4090 alii
2259 4038 2451 4092 Veneri
2475 4041 2650 4084 θαλασο·

1588 4117 1671 4182 <riq
1702 4120 2022 4183 pontigenae,
2054 4135 2167 4185 quae
2212 4121 2309 4169 dea
2340 4112 2552 4177 γαμήλια
2595 4117 2650 4159 et

1589 4194 1891 4259 γενετυλλὶς,
1914 4205 2133 4261 propter
2156 4194 2381 4245 humoris
2404 4191 2522 4239 salsi
2550 4188 2650 4237 vim

1588 4275 1860 4323 animalem
1914 4282 1968 4323 et
2008 4272 2319 4345 soecundaiu.
2353 4266 2575 4317 Turneb.
2617 4263 2650 4311 Ι.

1592 4356 1671 4402 11.
1694 4366 1742 4401 c.
1767 4354 1844 4401 1⁷.
1878 4375 1886 4384 ·
1990 4349 1997 4358 ’
2637 4345 2644 4350 ’
