2985 4937
467 382 636 449 1420

533 542 692 590 Eme.
717 527 867 589 cxix.
918 538 1158 588 Paullum
1182 543 1407 596 avarum,
1429 539 1527 601 ait,

359 605 366 606 ἶ
466 618 639 668 ornari
674 617 738 666 ab
777 616 974 679 amicis,
1010 614 1098 664 sed
1133 615 1322 665 amicos
1357 629 1459 664 non
1497 630 1528 665 a

405 725 410 738 ι
465 696 670 746 Paullo.
703 693 1150 746 Quemadmodum
1170 693 1381 758 antiqua
1403 706 1529 757 ope-

466 787 528 822 ra
570 773 869 836 poculorum
914 778 971 821 et
1010 770 1301 820 tabularum
1345 778 1530 820 ornant

464 848 673 914 quidem
695 848 979 910 dominum,
1001 847 1091 897 sed
1115 863 1146 896 a
1177 839 1386 896 domino
1406 845 1531 895 nihil

467 925 765 989 accipiunt:
808 926 884 975 ita
929 924 1077 974 amici
1116 939 1147 973 a
1186 924 1372 974 Paullo
1407 923 1531 974 nibil

464 1000 708 1052 beneficii
730 1001 1078 1065 accipiebant.
1117 1001 1243 1049 Rod.

531 1083 559 1128 1
595 1079 680 1127 Sic
694 1083 953 1141 tamquam,
974 1078 1083 1142 ξω]
1115 1079 1259 1130 Quos
1285 1083 1530 1143 tanquam

466 1164 776 1207 ornamenta
801 1162 1055 1214 ostentet,
1075 1161 1179 1204 nou
1201 1154 1383 1218 quibus
1417 1160 1531 1204 uta·

469 1239 572 1283 tur.
624 1235 710 1284 De
727 1232 1023 1297 archetypis
1050 1231 1166 1280 vide
1188 1230 1341 1296 Epig.
1359 1234 1411 1281 6.
1426 1230 1465 1280 l.
1481 1234 1530 1281 8.

467 1323 604 1359 vers.
626 1311 673 1362 1.

533 1385 691 1448 Erro.
713 1375 844 1434 ᾗχι.
878 1382 1024 1448 Aper
1045 1382 1231 1444 tennis,
1250 1382 1304 1431 in
1332 1382 1532 1432 balneis

466 1461 884 1526 reprehendebat
900 1461 1075 1510 luxum
1098 1459 1422 1523 potantium:
1456 1460 1532 1508 in·

467 1538 619 1588 terim
645 1538 881 1602 legati—ei
901 1536 1053 1588 fuere
1086 1544 1403 1588 testamento
1425 1544 1531 1586 tre-

469 1615 611 1666 centi
633 1615 847 1677 nummi,
865 1629 991 1680 quos
1014 1615 1103 1665 ille
1125 1613 1303 1665 statim
1326 1613 1378 1662 in
1401 1611 1533 1662 doli·

467 1705 555 1741 um
577 1691 835 1752 contulit5
869 1690 1144 1755 ebriusque
1164 1704 1194 1740 e
1214 1689 1428 1739 thermis
1463 1703 1533 1737 ω-

467 1781 562 1832 gre
580 1767 787 1818 domum
813 1766 986 1820 rediit.
1022 1768 1259 1818 maus.

535 1849 563 1894 1
595 1843 795 1907 Lintea]
850 1843 980 1893 Cum
1021 1843 1168 1893 tenui
1206 1856 1269 1900 ac
1315 1841 1532 1905 pauperi

467 1919 614 1984 Apro
634 1920 688 1970 in
704 1920 903 1970 balneis
925 1920 1119 1969 lavanti
1138 1920 1373 1969 servulus
1395 1919 1531 1981 vilis,

468 1994 793 2066 pedibusque
826 1993 1050 2046 obtortis
1082 1994 1248 2046 ferret
1268 1995 1434 2046 lintea
1462 1994 1531 2045 ad

464 2071 790 2136 tergendum.
859 2072 1027 2122 Fen-et
1053 2074 1209 2138 Apro]
1244 2073 1527 2137 Postquam

468 2149 608 2200 euim
642 2149 695 2198 in
729 2148 928 2199 balneis
967 2149 1222 2211 laverant,
1258 2149 1375 2199 oleo
1415 2162 1531 2199 sese

469 2224 876 2290 perfundebant,
894 2232 951 2275 et
971 2225 1282 2291 quandoque
1299 2240 1531 2289 unguen-

468 2309 526 2353 to
548 2302 825 2367 beatiores,
845 2318 906 2352 ac
930 2303 1103 2352 linteis
1143 2309 1328 2366 postea
1360 2309 1532 2366 terge-

468 2380 615 2445 baut,
634 2395 748 2446 qum
774 2380 926 2429 domo
945 2379 1045 2429 sibi
1076 2378 1370 2440 adferenda,
1385 2393 1533 2428 cura-

467 2456 614 2508 bant.
679 2455 840 2522 Apul.
863 2456 955 2507 lib.
980 2462 1028 2508 1.
1063 2457 1284 2508 Metam.
1317 2455 1421 2507 Sed
1446 2456 1534 2506 be·

468 2536 664 2586 stiores
699 2534 1136 2600 delicatioresque
1176 2549 1238 2585 ac
1278 2534 1536 2584 molliores

467 2613 672 2663 mollins
685 2613 1048 2678 tergebantur.
1068 2611 1376 2662 Petronius:
1397 2613 1413 2638 ‘
1426 2611 1536 2659 Ita-

469 2703 572 2754 que
605 2690 909 2739 intravimus
941 2688 1206 2750 balneum,
1244 2693 1302 2737 et
1345 2687 1535 2736 sudore

468 2764 734 2828 calefacti,
752 2770 1024 2816 momento
1035 2765 1287 2828 temporis
1308 2756 1374 2812 ad
1389 2762 1535 2826 frigi-

470 2841 591 2893 dam
604 2843 821 2892 eximus.
843 2841 877 2894 J
881 2839 1288 2891 am-Trimalcbio
1304 2854 1535 2904 unguen-

472 2924 528 2968 to
553 2917 794 2982 perfusus
828 2917 1152 2984 tergebatur,
1190 2930 1289 2966 non
1324 2916 1535 2976 linteis;

470 2995 564 3044 sed
588 2995 759 3061 palliis
783 3008 851 3043 ex
881 2993 1179 3043 mollissima
1200 2994 1319 3042 lana
1340 2991 1535 3043 factis!

471 3071 678 3121 Hes-old.
753 3059 943 3132 Vatia-s]
976 3071 991 3099 ⁴
1014 3069 1203 3119 Vatius
1219 3067 1236 3092 '
1258 3083 1383 3133 ergo
1405 3069 1536 3120 dici·-

469 3155 559 3200 tur
579 3148 668 3213 qui
689 3146 928 3198 distortis
948 3152 1033 3197 est
1053 3146 1286 3211 pedibus.

532 3230 567 3276 2
600 3227 672 3276 Et
706 3238 850 3290 supra
881 3225 1121 3287 togulam,
1158 3224 1264 3288 ξω]
1299 3225 1370 3275 Et
1396 3230 1535 3288 togae

470 3302 607 3367 Apri
629 3302 882 3353 insideret
903 3303 1047 3352 lusca
1067 3315 1193 3351 anus
1228 3316 1346 3367 qujoe
1368 3307 1538 3351 custo-

471 3379 651 3433 diebat
678 3385 854 3430 vestes
883 3378 1169 3428 lavantium
1200 3378 1451 3442 repositas
1481 3378 1537 3427 in

471 3455 779 3523 apodyterio
801 3471 867 3506 ne
886 3455 1318 3505 subducerentur.

536 3538 570 3584 ⁸
603 3534 761 3598 Atque
779 3533 872 3582 oles·
889 3533 1092 3595 stillam,
1112 3531 1233 3597 dyo]
1277 3533 1350 3588 Et
1370 3530 1538 3582 lierni-

472 3625 593 3667 osus
609 3611 1082 3669 servulus‚uncturo
1096 3608 1242 3675 Apro
1259 3624 1417 3674 parce
1433 3609 1536 3660 dis-

474 3686 667 3744 tillaret
689 3687 881 3737 oleum.

394 3770 396 3775 ⁴
535 3769 568 3822 4
592 3764 801 3817 Udorum
813 3761 1142 3827 tetricus,4·c.]
1158 3761 1306 3826 Aper
1318 3761 1538 3813 lavanti-

472 3855 560 3892 um
583 3842 760 3897 ‚luxum
774 3840 862 3905 qui
879 3839 932 3889 in
955 3839 1153 3889 balneis
1166 3838 1439 3902 potabant,
1455 3854 1536 3889 as·

475 3931 601 3982 pere
619 3915 1059 3982 reprehendebat,
1068 3913 1385 3979 frangendos
1396 3915 1535 3966 scili·

475 4000 564 4043 cet
572 3993 781 4058 calices,
792 3991 846 4041 id
859 3998 958 4055 est,
968 4006 1072 4041 non
1086 3990 1436 4045 admittendas
1447 4003 1537 4058 po-

473 4069 717 4119 tationes.
781 4073 797 4097 ‘
815 4071 1161 4120 Detestantur
1175 4069 1288 4118 baec
1302 4069 1356 4121 iu
1370 4066 1538 4120 felici·

475 4144 594 4209 bus,
606 4144 787 4195 cadem
801 4145 846 4197 si
864 4144 1153 4210 potuerint,
1165 4142 1396 4197 facturi:
1411 4145 1536 4196 Seu.

476 4220 799 4287 Benefilib.
822 4227 870 4279 1.
901 4237 1020 4286 cap.
1060 4225 1111 4273 9.
1157 4222 1281 4275 ‘Sic
1318 4222 1536 4272 aliorum

477 4297 620 4351 vitiis
671 4298 989 4366 irascuntur,
1038 4296 1185 4364 quasi
1237 4298 1538 4353 invideant:

1099 399 1106 406 '
1171 395 1386 444 NOTAE
1435 393 1834 443 VARIORUM
1887 394 1964 441 IN

1598 538 1739 587 Plin.
1764 539 1864 602 Ep.
1881 541 1973 587 22.
1987 536 2079 589 lib.
2099 542 2149 587 8.
2214 537 2286 587 Et
2305 550 2399 602 pro
2413 537 2497 600 qm·
2518 535 2663 598 modo,

1599 614 1735 665 forte
1758 615 1966 680 legend.
1981 614 2192 663 sicmodo
2207 631 2223 663 .-
2257 616 2500 677 aut,qaod
2514 612 2660 661 modo.

1601 694 1687 743 Sic
1734 690 2007 742 ‘biberet'
2039 691 2185 754 dicit,
2221 705 2339 741 uam
2374 692 2428 740 in
2467 687 2660 739 balneis

1600 770 1758 822 etiam
1783 769 2049 819 bibebant.

1667 850 1700 895 6
1735 846 1934 895 Biberet
1963 844 2045 909 qui
2063 845 2196 895 modo
2216 843 2363 907 loeus]
2393 840 2459 891 Τὸ
2490 840 2508 870 ‘
2525 839 2662 891 bibe-

1603 923 1718 974 ret'
1774 922 2134 987 accipiendum
2192 937 2286 987 per
2339 920 2662 970 intellectum

1603 1002 1877 1066 particulae
1910 1002 1926 1030 ‘
1944 1000 1995 1049 Si
2012 999 2044 1061 ς’
2080 999 2203 1049 utin
2227 1000 2336 1060 illo,
2366 998 2383 1024 ‘
2402 997 2505 1047 Illa
2523 994 2663 1055 velit,

1603 1079 1802 1143 poterIt
1829 1093 2038 1143 magnes
2069 1091 2175 1127 non
2210 1076 2404 1125 ducere
2438 1069 2665 1134 ferrum,’

1603 1156 1658 1205 id
1682 1163 1781 1219 est,
1801 1156 1844 1205 si
1866 1156 1955 1204 illa
1976 1154 2121 1204 velit.
2186 1154 2276 1204 Sic
2293 1151 2443 1214 dicit,
2461 1152 2506 1201 si
2522 1148 2664 1216 bibe·

1594 1241 1707 1295 ·ret,
1760 1233 1849 1298 qui
1903 1232 2056 1282 modo
2111 1231 2250 1280 lotus
2301 1234 2434 1290 erat,
2488 1240 2661 1292 eques.

1603 1312 1821 1361 Frustra
1842 1309 2001 1373 igitur
2021 1306 2487 1368 Gruterus,biberet
2507 1306 2552 1354 si
2569 1319 2665 1355 nso·

1602 1389 1681 1451 do,
1697 1393 1789 1435 aut
1800 1387 1920 1450 quod
1941 1386 2076 1434 modo
2097 1384 2327 1435 Gronov.

1669 1468 1711 1515 7,
1734 1463 1854 1513 Sene
1875 1464 1974 1523 sed,
1995 1461 2099 1527 aym]
2143 1459 2248 1512 Qui
2270 1461 2496 1510 moriens
2524 1457 2665 1522 ‘Apro
2688 1453 2693 1454 ⁷

1602 1541 1876 1605 legaverat
1915 1544 2229 1589 testamento
2266 1542 2380 1588 300.
2413 1550 2665 1586 nummos.

1605 1617 1862 1681 Postquam
1884 1615 2071 1678 uenere]
2112 1612 2367 1663 ‘Venire’
2399 1613 2485 1663 hic
2514 1612 2669 1677 signi·

1603 1693 1751 1755 ficat,
1791 1693 1946 1743 alicui
2004 1691 2274 1752 obvenire,
2328 1690 2664 1753 contingeret

1606 1771 1683 1821 sic
1714 1770 1928 1820 ‘venire
1967 1767 2145 1819 alicui’
2178 1767 2377 1818 ‘dicitur
2420 1762 2669 1815 ‘baeredi-

1608 1846 1725 1897 tas.'
1787 1846 1957 1896 Porro
1994 1846 2036 1894 si
2062 1845 2205 1907 legas
2235 1844 2432 1893 trecenti
2470 1841 2667 1901 mmai,

1605 1937 1707 1973 non
1733 1929 1884 1972 erunt
1917 1922 2017 1971 nisi
2052 1922 2234 1972 decem
2255 1919 2476 1970 floreni:
2513 1918 2557 1967 si
2573 1922 2668 1967 tre·

1603 2004 1760 2062 centa,
1797 1999 2013 2049 subaudi
2045 1998 2205 2048 millia
2240 1994 2668 2056 sestertium,hoc

1606 2083 1707 2141 est,
1731 2076 1911 2127 decem
1928 2075 2090 2125 millia
2111 2073 2439 2124 florenorum.
2504 2068 2670 2122 Malui

1605 2168 1731 2218 ergo
1744 2158 1955 2204 trecenta
1975 2153 2182 2216 legere:
2208 2150 2364 2199 docet
2380 2149 2519 2199 enim
2537 2146 2670 2198 Ροὲ·

1606 2235 1663 2279 ta
1679 2228 1879 2294 Aprum
1894 2235 2013 2292 post
2027 2227 2295 2289 acceptam
2304 2223 2670 2274 haereditatem

1605 2311 1866 2369 tpatruo,
1895 2318 1999 2353 non
2031 2304 2261 2367 amplius
2281 2299 2438 2351 fuisse
2475 2314 2668 2364 paupe·

1609 2396 1738 2432 rem.
1771 2381 1974 2431 Salmas.
2007 2381 2133 2431 Rea.
2205 2376 2456 2440 Trecenta]
2491 2376 2671 2427 Omni·

1608 2476 1679 2512 no
1717 2459 2013 2525 legendum,
2047 2475 2151 2510 non
2175 2458 2391 2510 trecenti.
2456 2456 2561 2508 Sed
2596 2462 2670 2507 ta-

1608 2552 1724 2587 men
1745 2538 1945 2587 trecenti
1974 2537 2167 2586 nummi
2204 2550 2306 2585 non
2346 2541 2466 2584 suut
2489 2533 2669 2583 decem

1607 2613 1811 2680 flpreni,
1853 2628 1950 2663 nec
1989 2618 2220 2673 trecenta,
2263 2613 2447 2661 decem
2493 2610 2669 2660 millia.

1611 2691 1824 2740 Trecenti
1841 2697 1963 2739 sunt
1979 2696 2087 2738 tres
2102 2689 2243 2738 aurei
2263 2687 2504 2737 Romani.
2569 2685 2672 2736 Au-

1608 2783 1727 2819 reus
1750 2782 1883 2818 xxv.
1917 2767 2117 2817 denarii
2138 2767 2247 2816 sive
2272 2764 2540 2828 schellingi
2563 2779 2671 2814 nos-

1609 2845 1698 2908 tri,
1719 2845 1823 2895 duo
1844 2844 2113 2908 Philippei
2132 2851 2189 2893 et
2217 2842 2536 2892 dimidiatus.
2581 2842 2671 2891 Er·

1611 2938 1694 2988 go,
1711 2930 1911 2987 septem
1928 2920 2110 2971 floreni
2130 2928 2188 2971 ‘et
2209 2920 2526 2971 dimidiatus.
2562 2920 2671 2969 Tre·

1607 3001 1734 3052 centi
1753 3014 1874 3050 vero
1897 3000 2088 3049 nummi
2108 2999 2216 3048 sive
2235 2997 2396 3059 aurei,
2414 3010 2561 3047 xxu.
2583 2995 2670 3045 flo-

1609 3077 1719 3127 reni
1766 3082 1824 3126 et
1878 3075 2029 3125 unius
2069 3075 2353 3139 dimidium.
2447 3075 2670 3123 Trecenta
2722 3129 2727 3137 ,

1609 3154 1853 3205 sestertia
1873 3161 2074 3217 septem
2089 3152 2250 3200 millia
2263 3150 2535 3215 quingenti
2552 3151 2668 3200 Phi·

1610 3232 1794 3295 lippei,
1812 3231 1913 3281 boc
1953 3236 2053 3292 est,
2089 3228 2271 3293 viginti
2302 3227 2405 3278 duo
2438 3229 2600 3278 millia
2619 3234 2673 3276 et

1609 3307 1883 3374 quingenti
1903 3305 2105 3356 floreni.
2481 3305 2493 3323 ⁹

1674 3389 1706 3435 8
1738 3384 1938 3434 Sobrius
1956 3399 1987 3432 a
2003 3383 2216 3443 themis,
2229 3381 2338 3445 ξω]
2362 3380 2508 3445 Aper
2528 3380 2672 3431 modo

1609 3461 1662 3510 in
1685 3475 1742 3510 re
1765 3459 1911 3509 tenui
1932 3467 2039 3509 tam
2062 3459 2232 3523 gravis
2255 3473 2441 3508 censor
2472 3459 2675 3509 damna·

1588 3544 1798 3602 *torque
1824 3536 2149 3601 potationum
2173 3535 2226 3584 in
2252 3534 2471 3597 balneis,
2491 3536 2601 3600 jam
2623 3534 2672 3584 in

1607 3628 1669 3663 re
1691 3614 1957 3678 aliquanto
1972 3611 2177 3662 lautiori
2195 3612 2417 3661 mutavit
2435 3613 2676 3673 aninmm,

1608 3691 1785 3742 factus
1829 3692 1953 3742 bibo
1990 3691 2054 3740 ad
2099 3689 2428 3740 ebrietatem.
2519 3689 2675 3739 Multi

1609 3782 1736 3819 sane
1759 3782 1823 3818 ea
1859 3767 2253 3831 reprehendunt
2294 3773 2351 3816 et
2383 3766 2674 3816 tristissime

1608 3846 1874 3909 damnant,
1910 3859 2046 3909 quae,
2076 3844 2120 3893 ‘si
2165 3849 2402 3908 possent,
2440 3842 2675 3894 labentes

1606 3921 1865 3972 facerent.
1928 3919 2174 3970 Invident
2205 3920 2441 3985 plerique
2476 3918 2675 3970 beatis:

1608 4005 1666 4049 et
1689 3999 1814 4048 vitia
1833 3998 1886 4047 in
1921 3998 1985 4047 iis
2019 3996 2335 4061 improbant,
2373 4012 2493 4062 qnoe
2515 3997 2613 4061 ipsi
2634 3997 2676 4046 si

1607 4076 1671 4126 ad
1694 4075 1962 4125 beatorum
1979 4088 2188 4139 gregem
2209 4073 2676 4125 transcriberentur
2722 4136 2729 4139 ν

1607 4152 2020 4202 ambitiosissime
2037 4151 2290 4209 colerent.
2321 4150 2462 4200 Vere
2478 4151 2675 4200 Seneca

1607 4229 1700 4280 lib.
1727 4234 1774 4280 1.
1797 4228 1863 4278 de
1886 4226 2074 4278 Beuef.
2092 4240 2210 4290 cap.
2233 4230 2283 4276 9.
2317 4225 2335 4255 ‘
2354 4226 2585 4289 Colunt,'
2602 4227 2673 4275 in·

1609 4306 1745 4374 quit,
1776 4306 1793 4341 ‘
1818 4305 2254 4369 detestanturque
2274 4300 2525 4369 felicem,
2558 4308 2614 4354 et
2631 4301 2671 4353 si
