2985 4937
469 395 643 460 1124

470 550 550 602 nis
573 568 630 602 se
654 551 876 601 miscens
901 555 957 600 et
979 548 1164 599 villicis
1185 549 1288 599 suls
1319 546 1539 597 ancillis.

473 629 728 692 Equitilms
763 626 942 691 vernis]
979 626 1262 692 Hybridis:
1310 640 1340 674 a
1370 630 1542 687 patre,

472 705 744 768 ingenuis3
804 719 836 752 a
892 712 1080 764 matre,
1136 701 1329 752 servis:
1385 714 1542 771 supra

474 782 643 844 epigr.
667 785 750 830 42.
773 795 911 830 vers.
936 786 982 830 1.
1011 778 1217 830 Antith.
1250 778 1325 826 sic
1347 777 1543 828 Juven.

476 862 529 908 9.
547 859 659 908 Sat.
686 859 700 887 ‘
727 858 919 921 agebas
941 859 1171 907 Vernam
1195 852 1460 921 equitem?

540 940 571 983 6
608 933 987 996 Paterfamilias,
999 933 1107 997 Sym]
1141 935 1283 983 Vere
1300 932 1439 981 enim
1454 945 1543 980 au·

479 1017 573 1077 get
625 1010 904 1070 familiam3
961 1026 1077 1074 quae
1128 1023 1394 1059 servornm
1439 1013 1542 1058 est.

477 1089 677 1137 Facete
701 1086 1006 1149 Quirinalis,
1039 1086 1176 1151 quod
1200 1087 1406 1135 domum
1428 1099 1542 1133 ver·

477 1166 559 1215 nis
576 1164 840 1227 impleret,
856 1161 1297 1214 ‘Paterfamilias'
1323 1164 1518 1213 dicitur
1530 1179 1546 1212 ε

480 1255 600 1289 nam
623 1238 821 1288 familia
837 1241 1046 1303 proprie
1062 1255 1325 1290 servornm
1344 1255 1361 1300 ;
1384 1254 1547 1304 quare

481 1324 537 1366 et
548 1317 682 1365 servi
695 1316 816 1364 olim
827 1315 1103 1378 familiares
1117 1316 1265 1369 dicti.
1289 1317 1547 1366 Her-aldus.

566 1396 727 1444 Eme.
781 1407 1015 1445 Lxxxvr.
1076 1399 1104 1446 1
1146 1395 1404 1458 Venderet]
1460 1395 1547 1444 In-

483 1472 695 1522 ducitur
733 1471 817 1520 bic
855 1486 1032 1535 praeco
1068 1487 1099 1522 a
1137 1471 1316 1536 poeta,
1347 1486 1449 1521 non
1490 1477 1552 1521 nt

481 1547 658 1611 dicax,
696 1548 789 1596 sed
829 1555 887 1598 ut
921 1549 1084 1599 hebes
1118 1556 1173 1598 et
1216 1549 1427 1612 bardus,
1461 1549 1552 1614 qui

485 1632 547 1673 ut
596 1623 946 1674 velificaretnr
990 1627 1166 1690 gloriae
1213 1626 1423 1686 domini,
1459 1641 1551 1675 cu-

478 1701 569 1765 jus
604 1715 667 1750 ea
691 1717 773 1751 res
812 1703 1023 1765 venalis,
1056 1713 1113 1753 et
1147 1710 1208 1753 ut
1245 1718 1447 1753 omnem
1484 1702 1553 1752 ab

398 1784 404 1792 ·
489 1793 553 1827 eo
590 1778 937 1842 suspicionem
969 1780 1323 1843 angustiarum
1363 1781 1435 1829 rei
1474 1777 1554 1826 fa·

483 1858 699 1907 miliaris
743 1864 799 1907 et
854 1858 972 1923 aeris
1023 1857 1177 1907 alieni
1235 1858 1557 1919 amoliretur,

485 1932 632 1982 fundi
681 1933 877 1982 venalis
924 1933 1105 1983 vitium
1157 1934 1332 1996 aperit
1358 1934 1556 1995 impru-

487 2010 637 2059 dens.
654 2008 985 2064 sMusumbert.
1051 2009 1277 2072 Facem]
1310 2010 1415 2060 Qui
1432 2009 1555 2058 dum

489 2085 654 2134 voluit
674 2084 935 2135 officiosus
953 2093 1010 2135 et
1049 2085 1249 2136 facetus
1290 2086 1461 2136 videri
1502 2086 1557 2135 in

488 2162 830 2211 excusatione
849 2162 1007 2211 Marii
1026 2161 1242 2213 fundum
1269 2163 1561 2226 vendentis,

486 2238 814 2302 simpliciter,
846 2252 912 2287 ne
954 2238 1122 2288 dicam
1157 2239 1386 2305 stupide,
1409 2253 1561 2302 agros

486 2314 807 2378 vituperavit
825 2331 840 2376 ;
875 2329 1002 2380 quos
1017 2316 1278 2379 laudasse,
1291 2316 1371 2366 sui
1385 2315 1564 2366 fuerat

490 2392 730 2442 muneris.

556 2475 586 2517 5
625 2468 939 2536 Servos,&c.]
985 2470 1250 2521 Pestilens
1279 2476 1362 2521 est
1398 2471 1563 2533 locus,

489 2547 543 2595 in
567 2561 669 2611 quo
690 2547 921 2612 perdidit
941 2564 1140 2599 servos.

558 2627 590 2671 6
625 2623 739 2672 Non
759 2625 1032 2689 untut,850.]
1067 2624 1323 2675 Pbaedrus
1360 2625 1401 2674 l.
1424 2630 1474 2675 1.
1499 2625 1560 2675 F.

492 2699 544 2748 8.
610 2700 626 2726 ‘
646 2698 815 2749 Nemo
838 2700 1064 2751 libenter
1083 2701 1287 2765 recolit,
1315 2702 1403 2767 qui
1427 2701 1562 2751 laesit

493 2774 702 2824 locum!

559 2856 590 2900 7
628 2853 748 2908 Quis
771 2852 976 2916 faceret,
1015 2854 1121 2918 ὅτι]
1170 2854 1301 2908 Quis
1339 2855 1565 2907 licitare-

496 2934 600 2989 tur,
625 2938 716 2979 aut
739 2931 965 2980 emeret?
1545 2990 1552 2995 ,

560 3009 597 3053 8
627 3006 838 3067 Nostius,
879 3006 987 3070 ξω]
1053 3007 1330 3071 pestilens,
1382 3009 1468 3058 vel
1509 3009 1565 3058 in

492 3080 736 3131 damnum
754 3084 931 3144 Marii,
950 3086 1034 3150 qui
1059 3086 1283 3135 vendere
1301 3086 1566 3150 cupiebat.

557 3157 721 3207 Eme.
763 3171 1024 3210 Lxxxvu.
1075 3160 1156 3210 De
1190 3162 1344 3210 Novio
1380 3164 1564 3213 Micro-

489 3234 689 3299 psyche]
745 3235 1029 3299 Nugantur
1053 3239 1144 3302 qui
1183 3253 1363 3288 vocem
1381 3240 1566 3304 hybri-

493 3310 612 3359 dam
635 3323 703 3359 ex
732 3310 903 3377 caepim⁴
925 3319 982 3362 et
1002 3314 1155 3378 specio
1178 3317 1374 3381 volunt,
1411 3322 1473 3367 ut
1497 3325 1567 3380 ,et

494 3387 585 3452 qui
608 3389 793 3450 legunt
818 3390 1136 3454 Micropsopo.
1176 3392 1344 3443 Recte
1382 3394 1564 3443 Micro-

486 3465 682 3528 psycho,
697 3465 750 3514 id
775 3473 877 3530 est,
911 3469 1058 3531 parvi
1083 3476 1139 3518 et
1173 3468 1368 3532 abjecti
1407 3472 1566 3520 animi

495 3557 670 3593 avaro.
737 3544 1110 3610 Microspicum
1157 3560 1271 3596 esse
1310 3548 1566 3611 scriptum

494 3636 591 3687 pro
642 3622 1070 3688 Micropsychum
1132 3624 1312 3674 docuit
1363 3625 1566 3687 pridem

494 3712 723 3747 summus
759 3699 1027 3763 Scaliger:
1084 3701 1176 3750 sed
1234 3701 1370 3750 idem
1407 3703 1423 3730 ‘
1449 3702 1566 3767 My-

495 3777 874 3841 cropsycbum’
915 3780 1048 3828 male
1089 3779 1303 3843 accipit,
1335 3794 1431 3843 pro
1478 3780 1567 3829 ho-

496 3854 639 3902 mine
666 3859 864 3904 tenerae
888 3852 1075 3904 frontis
1092 3862 1148 3904 et
1169 3855 1447 3906 subrustici
1470 3870 1567 3919 pu-

498 3926 658 3977 doris.
723 3928 840 3977 Imo
872 3929 888 3957 ‘
914 3929 1338 3996 Micropsycbns'
1372 3937 1455 3979 est
1474 3931 1567 3979 ho·

496 4016 581 4050 mo
606 4002 812 4053 sordide
836 4019 1044 4067 parcus,
1077 4005 1167 4068 qui
1201 4005 1456 4056 nemiuem
1488 4007 1567 4057 in·

502 4078 655 4141 vitat,
672 4094 769 4130 nec
787 4080 1021 4129 convivia
1033 4082 1198 4144 agitat
1215 4098 1228 4131 ε
1252 4082 1318 4132 de
1333 4083 1481 4147 cujus
1494 4084 1569 4155 vi-

1161 405 1378 455 NOTAE
1429 404 1834 454 vARmRuM
1887 404 1962 453 ΙΝ

1615 545 1794 609 tabat3
1831 561 2090 612 nunqnam
2114 546 2250 596 enim
2274 545 2339 595 ab
2377 560 2441 595 eo
2480 542 2544 593 ad
2574 546 2674 592 cte·

1614 638 1733 673 nam
1758 625 1949 679 vocari.
2014 624 2218 673 Divites
2242 624 2384 672 enim
2404 630 2528 671 tnnc
2551 627 2677 669 tem·

1615 700 1757 764 poris
1780 701 1978 751 vicinos
2000 701 2064 750 ad
2085 715 2283 750 coenam
2301 700 2558 749 vocabant
2579 695 2680 745 fre·

1616 786 1865 843 quenter:
1921 774 2170 844 quod'qui
2200 792 2303 828 non
2340 776 2563 839 faceret,
2585 774 2685 824 Mi·

1617 857 1936 920 cropsycbus
1953 856 2213 906 audiebat.
2251 844 2456 905 Salmas:

1681 938 1714 983 6
1753 934 2084 997 Terentianus]
2137 931 2432 983 Praefectus
2457 926 2690 992 AEgypti,

1617 1010 1669 1059 in
1692 1026 1813 1075 qua,
1833 1009 2142 1074 AEtbiopiam
2161 1024 2361 1071 versus,
2381 1008 2504 1058 urbs
2516 1006 2687 1068 Syene

1617 1088 1637 1131 .‘
1663 1087 1867 1136 umbras
1891 1101 2137 1152 nusquam
2172 1085 2392 1135 flectens
2410 1083 2426 1106 '
2462 1080 2687 1159 solstitio

1620 1165 1826 1215 aestivo.
2588 1174 2593 1181 ·

1690 1246 1749 1291 11
1784 1241 2097 1303 Migrandum
2126 1239 2222 1302 est]
2266 1239 2343 1288 Ut
2374 1236 2460 1285 vel
2496 1235 2586 1284 ille
2608 1247 2690 1282 me

1623 1318 1817 1380 videat,
1845 1318 1930 1367 vel
1978 1333 2076 1381 ego
2127 1317 2303 1366 illum:
2372 1319 2693 1378 praesentem

1624 1395 1763 1444 euim
1800 1407 2057 1458 nunqnam
2099 1393 2284 1453 video;
2336 1391 2477 1441 forte
2512 1396 2568 1438 et
2606 1387 2696 1437 ab·

1626 1462 1804 1520 sentes
1825 1478 2007 1520 mutuo
2031 1470 2113 1518 vel
2136 1471 2491 1530 occurremus,
2515 1465 2598 1514 vel
2622 1463 2694 1512 viu-

1625 1547 1877 1597 debimus.
1942 1547 2176 1609 Longius,
2206 1544 2314 1609 ξω]
2350 1545 2541 1608 Neque
2558 1540 2699 1592 enim

1627 1632 1732 1675 tam
1752 1638 1917 1689 prope
1936 1625 2113 1674 videre
2134 1623 2210 1673 fas
2226 1632 2326 1674 est.

1691 1706 1756 1750 12
1797 1701 2013 1765 Vicinus]
2061 1701 2128 1750 In
2159 1700 2288 1764 ipsis
2316 1700 2479 1750 Novii
2503 1698 2700 1749 aedibus

1624 1778 1827 1828 habitet
1856 1783 2070 1841 oportet
2090 1776 2369 1839 inquilinus,
2389 1773 2588 1836 ἔνοικος,
2611 1773 2702 1839 qui

1609 1854 1682 1924 ‘in
1704 1853 1967 1904 conducta
2002 1852 2209 1902 habitat
2239 1853 2415 1902 domo.
2479 1852 2703 1901 Conclu-

1630 1930 1711 1980 dit
1730 1946 1857 1996 ergo
1876 1946 1943 1980 ex
1969 1929 2193 1979 absurdo
2215 1935 2273 1978 et
2297 1928 2606 1992 paradoxo;
2645 1933 2708 1976 ut

1629 2015 1810 2058 mutuo
1850 2007 2136 2071 videamus,
2176 2006 2293 2055 ideo
2330 2006 2706 2056 convenimus:

1631 2091 1693 2134 ut
1729 2084 1955 2134 Novium
1997 2084 2197 2145 videas,
2236 2082 2455 2132 recedas
2494 2082 2562 2132 ab
2599 2081 2710 2143 illo,

1631 2177 1735 2211 non
1759 2161 1975 2211 accedas
2006 2167 2251 2224 oportet:
2286 2168 2608 2223 praesentem
2637 2158 2711 2207 vi·

1632 2237 1785 2287 debis
1825 2252 2105 2302 nunquam,
2145 2237 2330 2287 absens
2354 2237 2567 2302 saepius.
2609 2235 2710 2284 Ru·

1630 2315 1793 2364 dnus.

1700 2392 1859 2441 Eme.
1885 2404 2162 2441 Lxxxvm.
2197 2395 2226 2441 1
2253 2391 2335 2440 Ne
2362 2389 2560 2453 gravis]
2591 2387 2713 2438 Vini

1636 2486 1758 2520 usus
1781 2468 2025 2520 Romanis
2048 2468 2269 2518 faeminis
2297 2477 2408 2518 tam
2430 2483 2620 2530 severe
2636 2467 2715 2519 in·
2783 2517 2784 2522 ,

1637 2546 1912 2605 terdictus,
1947 2552 2005 2595 ut
2044 2546 2222 2595 vinum
2253 2544 2457 2595 bibisse
2489 2543 2718 2610 perinde

1638 2629 1797 2685 esset,
1818 2637 1879 2671 ac
1904 2622 1945 2672 si
1965 2624 2015 2671 in
2035 2621 2312 2679 adulterio,
2326 2628 2423 2671 aut
2440 2621 2596 2687 gravi
2616 2620 2719 2670 cri-

1636 2700 1777 2750 mine
1821 2700 2172 2764 deprebensa,
2213 2699 2437 2763 capitali
2460 2696 2718 2763 supplicio

1636 2779 1922 2844 plectenda
1965 2775 2124 2828 foret.
2189 2777 2332 2827 Hinc
2375 2778 2566 2827 oscula
2595 2788 2720 2838 cog·

1638 2863 1901 2920 natorum,
1922 2853 2112 2920 quibus
2130 2853 2229 2904 viri
2247 2855 2534 2904 mulierum
2558 2852 2721 2902 absti-

1637 2932 1866 2983 nentiam
1890 2929 2248 2996 explorabant.
2315 2930 2463 2981 Hinc
2493 2932 2723 2980 Fescen-

1639 3009 1733 3065 nia
1747 3007 1915 3070 ebria,
1930 3022 2088 3072 quum
2100 3007 2266 3057 vellet
2283 3007 2503 3071 culpam
2525 3008 2726 3069 velare,

1639 3085 1849 3150 vinique
1891 3084 2103 3135 odorem
2149 3083 2460 3147 reprimere,
2516 3083 2723 3136 voravit

1643 3167 1896 3223 aromata,
1918 3160 2172 3224 pastillos,
2186 3163 2286 3211 διο.
2353 3161 2465 3211 Sed
2500 3161 2725 3211 Martiae

1640 3239 1704 3289 lis
1725 3255 1826 3289 non
1849 3254 2144 3304 repressum
2167 3235 2436 3302 fae'torem,
2472 3239 2570 3289 sed
2607 3253 2725 3288 auc·

1642 3324 1750 3366 tum
1776 3314 2017 3365 affirmat.
2050 3316 2286 3365 Raderus.
2713 3361 2716 3364 .

1705 3396 1738 3441 2
1772 3392 2022 3455 Pastillos,
2036 3390 2145 3454 ἔγω]
2177 3390 2501 3440 Trochiscos
2523 3405 2593 3441 ex
2611 3403 2726 3440 aro·

1640 3469 1864 3520 metibus
1882 3476 1938 3519 et
1963 3467 2259 3534 pulvisculis
2277 3468 2519 3518 odoratis
2545 3483 2577 3517 a
2600 3469 2728 3518 Cos-

1641 3547 2010 3611 momyropola
2032 3542 2300 3595 confectos
2326 3544 2549 3610 (Angl.)
2571 3546 2726 3594 lezen-

1635 3638 1725 3685 ges
1762 3638 1819 3671 or
1849 3622 2099 3673 trochi-slas.
2154 3620 2243 3671 Sic
2272 3620 2472 3676 Horat.
2516 3622 2633 3672 Sat.
2679 3625 2730 3670 2.

1643 3700 1660 3726 ‘
1681 3698 1921 3749 Pastillos
1975 3697 2191 3747 Rufillus
2244 3697 2374 3758 olet,
2426 3697 2732 3759 Gorgonius

1639 3774 1840 3825 hircum
1860 3775 1890 3824 2’
1939 3775 2121 3824 molles
2144 3773 2281 3822 enim
2317 3779 2377 3822 et
2413 3772 2728 3825 effaemiuati

1642 3852 1704 3901 iis
1728 3859 1963 3902 utuntur.
2014 3848 2303 3912 Luxuriosa]
2339 3850 2734 3917 Prodiga.,So·

1643 3928 1742 3978 brii
1776 3929 1913 3978 enim
1951 3934 2008 3977 et
2049 3925 2278 3991 frugales
2318 3926 2390 3975 ab
2425 3928 2731 3993 hujusmodi

1644 4005 1838 4055 delitiis
1859 4004 2229 4056 abhorrebant.

1707 4087 1738 4133 3
1772 4084 1879 4133 Ista
1900 4079 2201 4145 unumst-a]
2248 4078 2350 4128 Isti
2386 4081 2593 4143 pastilli
2611 4082 2731 4137 *tibi

499 4154 718 4203 ciuitate
754 4155 990 4220 queritur
1012 4157 1248 4207 Martial.
1286 4159 1423 4223 quod
1448 4174 1567 4209 cum
1633 4160 1834 4225 jejnnae.
1854 4160 2065 4222 sumpti.
2132 4157 2732 4219 Nonjentabant.enim

497 4229 597 4280 sibi
618 4231 817 4281 vicinus
841 4240 1000 4295 esset,
1024 4248 1128 4284 non
1161 4235 1321 4300 magis
1344 4250 1462 4285 eum
1492 4237 1570 4286 vi·
1645 4244 1736 4287 aut
1760 4237 2105 4302 prandebant,
2139 4234 2236 4284 nisi
2274 4235 2457 4300 pueri,
2481 4244 2577 4289 aut
2600 4239 2731 4304 aegri

473 4308 672 4378 ‚einum
696 4309 937 4374 sentiret,
957 4326 1109 4376 quam
1140 4314 1228 4381 qui
1251 4314 1403 4380 longe
1423 4314 1569 4384 babi-

1644 4321 1699 4364 et
1721 4313 1984 4378 luxuriosi.
2018 4313 2146 4364 Rau.
