2985 4937
481 407 653 474 1148

478 567 677 630 Vestis,
695 567 759 617 ab
779 567 953 634 ἴωνθον,
983 567 1120 634 quod
1138 569 1367 619 colorem
1389 567 1538 619 violae

482 644 774 708 praeferret.

545 723 895 775 Erro.x1..1
941 726 1031 775 Uri
1052 722 1439 790 Tongilius,q·c.]
1471 724 1539 774 In

480 800 716 863 gulosum
732 801 1020 866 Tongilium
1039 802 1274 852 morbum
1299 802 1539 851 simulan-

477 883 585 926 tem
600 878 861 928 invehitur
876 878 1214 942 facetissime,
1248 878 1335 944 qni
1359 892 1540 928 causa·

477 960 564 1003 tus
585 954 977 1018 hemitritaeum,
998 956 1243 1021 quicquid
1279 954 1539 1005 esculenti

477 1038 535 1079 et
573 1033 834 1094 potulenti
873 1033 1178 1097 appetebat,
1211 1031 1542 1096 impudenter

477 1105 768 1173 flagitabat,
801 1109 868 1159 ab
914 1108 1114 1160 amicis.
1159 1109 1348 1159 Rumir.
1422 1108 1538 1172 Uri]

478 1186 575 1236 Est
607 1187 741 1235 enim
759 1185 922 1236 febris
955 1185 1167 1251 πυρετός.
1203 1183 1539 1247 Hemitritoeo]

476 1261 865 1313 Semitertiana.

541 1342 574 1387 2
614 1339 799 1399 Em,
830 1338 933 1402 ξω]
969 1338 1191 1390 Simulat
1212 1353 1269 1388 se
1298 1338 1432 1388 male
1449 1337 1541 1386 lia-

476 1415 621 1478 bere,
657 1430 759 1481 quo
788 1417 981 1466 lautius
1014 1421 1257 1465 vescatur
1280 1414 1445 1464 turdis
1484 1422 1542 1464 et

475 1492 670 1556 mullis,
692 1500 846 1558 atque
869 1493 1064 1558 optima
1085 1492 1235 1543 bibat
1264 1492 1406 1554 vina,
1445 1490 1539 1540 sed

477 1570 670 1620 colata.
736 1571 853 1620 Sick
861 1572 949 1632 for
965 1587 996 1620 a
1017 1572 1200 1632 ruadle,
1231 1584 1285 1617 or
1304 1585 1336 1618 u
1354 1573 1540 1632 posset.

540 1650 572 1695 8
607 1646 834 1710 Subdola,
847 1647 954 1712 ξω]
977 1647 1201 1711 Elegans
1224 1644 1542 1708 Metapbora

477 1722 542 1771 ab
565 1723 854 1788 aucupibus
886 1731 1112 1788 sumpta,
1146 1721 1234 1788 qui
1269 1723 1404 1772 retia
1428 1730 1541 1771 ten·
1597 1760 1601 1764 Α

475 1800 610 1850 dunt
645 1800 711 1851 ad
733 1801 1020 1865 captandas
1043 1799 1305 1859 aviculam
1339 1800 1414 1848 sic
1437 1799 1540 1848 iste

476 1877 704 1940 gulosus,
760 1879 926 1928 morbi
971 1877 1302 1928 simulatione
1354 1882 1542 1941 captat

477 1952 660 2003 turdos
697 1961 752 2004 et
775 1955 988 2005 delicias
1013 1955 1229 2019 piscium
1264 1954 1332 2004 ab
1363 1953 1539 2004 amicis

471 2030 768 2083 mittendas.

537 2113 567 2156 5
608 2107 885 2171 Sacc-entur,
923 2108 1138 2172 quoeque]
1173 2107 1541 2169 Defoecentur,

472 2184 769 2249 liquantur,
787 2186 903 2234 colo
925 2186 1376 2246 transmittantur3
1409 2183 1484 2231 sic
1504 2183 1538 2232 Ι.

474 2267 555 2314 12.
591 2278 677 2328 ep.
700 2267 783 2314 61.
825 2266 842 2292 ‘
866 2264 1096 2314 Turbida
1128 2262 1333 2313 solicito
1372 2268 1538 2310 trans·

469 2341 684 2391 mittere
707 2340 919 2391 caecnba
954 2340 1142 2392 sacco.’
1205 2339 1379 2390 Poeta
1398 2338 1537 2388 enim

472 2417 561 2466 hic
605 2417 716 2482 agit
749 2419 814 2467 de
858 2410 1102 2483 'l'ougilio
1148 2417 1338 2466 febrim
1381 2415 1535 2465 simn-

471 2494 636 2558 lante‚
677 2495 800 2544 huic
838 2503 1013 2545 autem
1058 2496 1231 2546 vinum
1271 2500 1536 2543 saccatum

473 2572 649 2634 aptius
684 2573 798 2635 illo,
832 2573 916 2622 cui
958 2573 1194 2623 sacculus
1244 2571 1365 2620 nibil
1392 2569 1537 2620 dem·

469 2651 557 2701 sit.
621 2651 811 2716 Itaque
837 2651 1098 2716 duplicem
1139 2665 1170 2698 a
1203 2648 1373 2700 Poeta
1403 2648 1536 2698 Ton-

472 2727 584 2791 gilii
606 2731 777 2792 gulam
820 2730 1120 2793 perstringi,
1152 2741 1314 2777 *unam
1359 2728 1537 2777 vinum

470 2804 834 2870 adpetentem,
859 2808 1077 2855 alteram
1102 2819 1203 2854 non
1223 2804 1537 2854 cuicuimodi

469 2883 663 2946 viuum,
697 2882 788 2932 sed
827 2890 1111 2944 saccatum,
1146 2881 1284 2946 quod
1317 2895 1538 2930 summa-

471 2974 583 3009 rum
604 2959 908 3010 deliciarum
944 2965 1044 3009 est.
1113 2958 1347 3022 Cumque
1377 2956 1539 3020 poeta

469 3037 612 3088 sacci
635 3043 691 3087 et
713 3036 860 3101 parci
897 3035 1022 3085 vitri
1045 3034 1362 3083 mentionem
1389 3031 1543 3097 facit,
1589 3038 1627 3064 2‘

471 3116 720 3165 decorum
746 3120 922 3163 servat
942 3113 996 3161 in
1019 3126 1243 3176 persona
1263 3110 1538 3161 simulante

468 3192 677 3243 febrim.
727 3190 1040 3241 Musambert.
1076 3189 1247 3239 Annus
1261 3191 1390 3239 coxit
1418 3190 1538 3253 Opi-

379 3335 384 3340 ,
467 3269 560 3334 ml]
590 3269 726 3320 Vide
748 3269 915 3332 epigr.
931 3271 1013 3318 27.
1047 3267 1083 3317 l.
1110 3272 1157 3317 1.
1198 3282 1336 3317 vers.
1358 3272 1406 3318 5.

534 3352 566 3396 6
601 3347 753 3396 Pareo
762 3346 924 3406 fusco,
952 3345 1056 3409 ξω]
1089 3344 1322 3404 Modica,
1356 3358 1536 3409 parvo.

468 3428 689 3488 propter
713 3423 990 3471 Falernum
1026 3422 1354 3481 indomitum,
1395 3420 1536 3485 quod

469 3514 573 3549 non
597 3506 801 3563 poterat
823 3499 969 3563 large
992 3499 1147 3560 sumi,
1178 3498 1392 3562 aegrotis
1444 3498 1536 3546 mi-

465 3576 603 3625 nime
649 3574 1032 3637 conveniebat3
1068 3583 1160 3625 aut
1198 3590 1266 3623 ex
1311 3588 1535 3639 persona

464 3652 755 3717 hypocritae
781 3652 967 3716 aegl'oti
1001 3651 1331 3701 extenuantis
1355 3651 1535 3715 petiti-

466 3744 635 3779 onem.

531 3811 560 3855 7
617 3806 816 3871 Luem-i]
868 3805 1175 3856 Remedium
1211 3813 1268 3856 et
1305 3806 1533 3857 medica·

466 3888 696 3931 mentum
722 3882 908 3947 priscis
934 3884 1180 3932 usitatum
1200 3883 1254 3931 in
1278 3881 1535 3946 febribus,

465 3958 616 4007 nobis
648 3958 774 4009 satis
810 3965 1193 4023 praeposterum
1212 3967 1270 4009 et
1282 3960 1533 4023 periculo·

469 4047 603 4083 sum.

535 4114 567 4160 8
599 4112 644 4159 0
660 4110 816 4174 stulti,
835 4110 940 4175 qma]
976 4110 1065 4162 Sic
1098 4112 1136 4163 l.
1162 4116 1241 4162 11.
1264 4112 1430 4176 epigr.
1451 4115 1536 4161 87.

464 4188 481 4215 ⁴
506 4187 627 4237 Non
653 4193 734 4235 est
771 4186 882 4236 haec
912 4187 1090 4250 tussis,
1109 4187 1494 4250 Parthenopoee
1516 4204 1533 4250 ς

464 4264 587 4331 gula
611 4263 727 4314 est!

528 4331 692 4391 'Emffi
738 4352 850 4391 xm.
904 4344 930 4390 1
979 4340 1124 4406 Ride,
1154 4341 1396 4419 ecligma,
1418 4342 1558 4424 &eff

1183 424 1399 473 No'rAE
1451 425 1851 475 VARIORUM
1902 426 1982 475 IN

1615 569 1952 619 Maximinum
1969 571 2198 622 vetulam
2217 584 2353 634 pene
2372 567 2673 620 edentulam

1613 653 1816 708 mouet,
1839 660 1905 695 ne
1938 646 1990 695 in
2026 647 2158 697 risus
2197 647 2428 697 solvatur
2452 662 2468 707 ς
2496 645 2573 696 ita
2614 649 2675 694 ut

1616 722 1720 771 oris
1742 722 2126 774 deformitatem
2147 723 2369 788 prodat;
2392 723 2485 773 sed
2501 721 2674 786 potius

1614 801 1762 851 seriis
1804 809 1862 851 et
1898 803 2143 854 luctuosis
2182 801 2338 852 rebus
2361 800 2586 863 intersit,
2615 804 2677 847 ut

1616 875 1816 940 fletum,
1862 893 1965 928 non
2021 880 2176 929 risum
2230 878 2371 929 edat.
2442 877 2676 927 Remis-es.

1615 955 2094 1006 Dom.Calderiuus
2135 957 2247 1006 vult
2283 955 2584 1007 Martialem
2605 953 2677 1009 al·
2755 1016 2763 1025 „

1617 1031 1801 1081 lusisse
1840 1032 1906 1081 ad
1950 1040 2274 1096 praeceptum
2312 1032 2492 1083 Ovidii
2523 1035 2572 1082 8.
2610 1029 2678 1080 de

1618 1116 1751 1168 arte,
1776 1108 1792 1136 ‘
1808 1109 2064 1160 ridentem
2088 1111 2261 1160 mollia
2273 1108 2439 1160 ridez'
2475 1123 2543 1159 ex
2564 1108 2678 1171 epi·

1619 1187 1917 1249 grammatis
1982 1186 2182 1248 Ovidii,
2199 1202 2315 1252 ηοω
2336 1185 2673 1247 interierunt,

1618 1261 1947 1327 desumptum
1998 1270 2152 1327 putat
2216 1263 2354 1328 Aug.
2385 1262 2675 1312 Politianus

1616 1343 1697 1388 ⁶9.
1720 1353 1766 1389 c.
1793 1344 1840 1389 1.
1872 1346 2012 1390 cent.
2034 1341 2242 1391 Miscel.
2275 1341 2465 1391 Potest
2481 1339 2598 1389 fieri
2621 1344 2679 1388 et

1617 1416 1852 1466 Martiali
1894 1432 1996 1467 non
2036 1419 2323 1468 occurrisse
2364 1426 2563 1480 certum
2588 1428 2676 1465 au-

1618 1493 1778 1543 thoris
1814 1509 2021 1559 nomen,
2066 1511 2183 1546 cum
2223 1495 2367 1546 dicat
2400 1500 2533 1559 puto.
2616 1493 2678 1544 Sa·

1615 1570 1765 1634 sapis]
1799 1571 1855 1621 Si
1898 1573 2106 1638 placere
2141 1573 2310 1636 cupis,
2340 1571 2447 1621 ride
2470 1571 2679 1621 dixerat

1620 1648 1777 1699 Ovid.

1681 1730 1711 1776 8
1748 1728 1859 1778 Non
1890 1728 2103 1791 dixerat,
2128 1728 2235 1794 ἔξω]
2268 1729 2393 1779 Non
2433 1724 2677 1779 deformi-

1616 1801 1733 1866 bus,
1762 1818 1862 1853 non
1886 1805 2160 1854 edentulis.

1681 1885 1710 1928 6
1752 1880 1867 1928 Non
1886 1879 1959 1943 es]
1991 1880 2096 1930 Sed
2117 1881 2313 1931 vetula.
2506 1902 2511 1911 ·

1678 1959 1711 2004 7
1747 1956 1986 2019 l’iceique,
2017 1956 2268 2021 buxeique]
2306 1956 2460 2022 Nigri
2491 1962 2548 2005 et
2563 1954 2676 2005 sub·

1615 2031 1814 2094 pallidi,
1849 2032 1993 2096 quasi
2035 2030 2179 2096 flavi,
2213 2033 2396 2083 coloris
2435 2032 2613 2082 buxei.

1623 2122 1626 2131 ·
1679 2110 1742 2155 10
1802 2106 2004 2158 Ventum
2057 2108 2290 2173 Spanius]
2344 2111 2569 2174 Spanius
2621 2112 2678 2157 et

1612 2184 1823 2234 Priscus
1871 2186 2247 2250 elegantiorum
2286 2187 2498 2237 nomina
2540 2193 2679 2247 sunt,

1612 2275 1825 2326 qnorum
1859 2277 1977 2312 cum
2010 2254 2145 2313 alter
2183 2279 2421 2329 numeros
2458 2263 2675 2314 crinium

1612 2346 1668 2388 et
1709 2340 1942 2390 ordinem
1978 2340 2274 2404 affectaret,
2295 2348 2511 2392 ventum
2533 2340 2680 2390 time·

1613 2415 1727 2466 bat:
1763 2418 1895 2467 alter
1916 2434 2076 2484 quum
2097 2419 2424 2484 politioribus
2451 2415 2679 2468 vestibus

1612 2501 1868 2558 uteretur,
1900 2511 2056 2546 mauu
2091 2496 2303 2546 uolebat
2336 2497 2496 2559 tangi.
2549 2496 2678 2558 Spa·

1610 2571 1725 2621 nius
1759 2587 1884 2637 ergo
1905 2573 2025 2623 ideo
2044 2581 2255 2623 ventum
2271 2571 2468 2622 dicitur
2494 2573 2676 2623 timere

1611 2663 1677 2698 ne
1699 2649 1969 2714 dispergat
2007 2652 2244 2715 capillos,
2287 2664 2417 2715 qnos
2454 2649 2676 2699 flexerat

1613 2726 1956 2777 diduxeratve
1997 2726 2062 2776 ad
2106 2726 2342 2776 frontem·
2377 2727 2579 2775 calvam
2603 2729 2678 2772 te-

1612 2807 1869 2867 gendam3
1906 2804 2024 2854 vide
2048 2805 2213 2868 epigr.
2236 2807 2319 2853 83.
2351 2804 2389 2853 l.
2416 2808 2497 2853 10.
2566 2800 2677 2849 Mu-

1610 2898 1808 2946 memque
1840 2879 2058 2943 Priscus]
2094 2880 2139 2929 N
2147 2894 2177 2929 e
2199 2883 2495 2942 contactus,
2515 2875 2675 2928 vestis

1612 2960 1777 3023 plicas
1837 2960 2049 3019 turbet3
2102 2958 2179 3006 sic
2223 2956 2392 3021 epigr.
2428 2961 2513 3007 86.
2567 2955 2603 3003 l.
2627 2955 2675 3001 8.

1653 3036 1821 3086 Pallia
1843 3036 2014 3085 Vicini
2038 3034 2127 3100 qui
2149 3033 2344 3098 refugit
2364 3033 2530 3084 cubiti
2544 3031 2561 3055 '
2595 3028 2674 3078 vel

1613 3114 1998 3178 prensationem
2057 3109 2270 3173 refugit,
2325 3125 2394 3160 ne
2450 3113 2671 3174 gypsum

1613 3198 1824 3241 cretave
1848 3189 2174 3254 proderetur,
2209 3202 2309 3252 qua
2331 3201 2513 3236 manus
2533 3181 2672 3232 deal-

1612 3266 2026 3404 ιηἽῗεῐὶὶῖίηιὸιιηι]
2058 3341 2144 3391 Ne
2168 3345 2314 3389 terra
2335 3338 2468 3388 Chia
2491 3334 2572 3386 vel
2593 3331 2672 3382 fu·

1610 3434 1699 3470 cus
1722 3419 1946 3469 eluatur.

1676 3499 1739 3544 12
1772 3495 1951 3559 Solem]
1986 3496 2069 3546 Ne
2100 3511 2129 3544 a
2160 3447 2271 3544 sole
2303 3491 2566 3544 calefacta
2587 3498 2671 3536 ce·

1610 3588 1756 3623 russa
1777 3573 1956 3640 (facile
1974 3583 2149 3623 autem
2164 3574 2389 3624 calorem
2405 3560 2662 3626 admittit)

1607 3649 1793 3701 faciem
1819 3658 2032 3701 torreat.

1675 3734 1738 3779 14
1759 3730 1914 3785 Quom
1929 3729 2119 3791 conjux,
2134 3731 2214 3792 &1:-
2218 3726 2241 3791 ]
2266 3727 2434 3778 Quam
2450 3717 2669 3775 Hecuba

1610 3814 1702 3858 aut
1727 3806 2106 3856 Andromache.

1675 3890 1736 3935 15
1760 3884 1976 3933 Ridicula·
1993 3880 2324 3944 Philistionis]
2349 3872 2667 3931 Γελωτοποιοῢ

1608 3961 1751 4010 mimi
1775 3958 2123 4022 celeberrimi,
2159 3961 2246 4024 qui
2285 3967 2342 4009 et
2386 3960 2518 4022 ipse,
2549 3965 2664 4002 cum

1609 4037 1819 4086 mimum
1838 4036 2010 4099 daret,
2029 4036 2118 4101 qui
2148 4034 2417 4098 φιλογέλοιον
2447 4027 2663 4089 inscrip-

1611 4122 1694 4165 tus
1710 4121 1812 4171 est,
1843 4113 1949 4161 risu
1975 4103 2191 4162 interiit.

1674 4194 1738 4240 16
1758 4189 1996 4252 Nequiom
2009 4188 2133 4251 vita]
2153 4188 2389 4249 Lasciva,
2407 4187 2459 4235 in
2482 4179 2664 4249 quibus

1606 4281 1823 4326 scurrae,
1837 4265 2112 4327 moriones,
2130 4265 2421 4329 sanniones,
2434 4255 2668 4314 convivia

1605 4342 1883 4394 devitabis.
