2985 4937
718 316 841 396 si.
887 347 1058 397 vat..
1109 345 1533 397 MART-mus
1583 345 1830 396 avrea.
1884 349 2029 397 ms.
2076 351 2130 397 1.

317 485 575 537 Acerram
592 489 770 539 aerius
790 491 1018 544 incusat.
1051 489 1297 541 Hester„
1309 496 1402 541 me·

309 563 387 626 re]
410 564 581 616 Jocus
602 581 669 615 ex
692 567 1042 633 homonymia.
1079 567 1398 618 Hesternum

318 658 517 693 merum
535 652 596 696 et
613 646 911 698 hesternam
933 648 1200 712 crapulam
1219 647 1398 712 appel·

311 720 512 785 labant,
553 738 712 788 quam
746 738 812 773 ne
840 738 954 774 nox
976 724 1185 790 quidem
1209 739 1395 776 conco-

310 813 474 860 quere
533 806 823 862 potuerat3
875 801 1018 866 quod
1074 808 1190 852 erat
1245 800 1396 851 valde

311 874 650 938 probrosum.
680 910 690 919 x
717 877 866 942 Virg.
883 878 938 926 in
956 878 1165 928 Sileno:
1199 880 1215 906 ⁴
1236 875 1394 928 Infla-

308 956 415 999 tum
458 951 716 1002 hesterno
740 966 918 1017 venas,
947 961 1009 1003 ut
1030 968 1257 1018 semper,
1281 953 1394 1003 Iac·

306 1025 439 1076 cho.’
477 1028 570 1078 Sic
592 1026 771 1091 χθιζὴν
804 1028 964 1091 μέθην,
989 1031 1169 1081 Graeci
1194 1032 1393 1082 dieunt.

308 1101 483 1152 Poeta
502 1118 639 1168 ergo
671 1104 803 1156 dicit
839 1120 929 1156 eos
964 1105 1095 1169 fani,
1131 1107 1220 1172 qui
1243 1122 1394 1157 mane

307 1191 467 1240 quum
527 1178 745 1230 Acerrae
802 1192 1141 1233 occurrerent
1191 1183 1392 1234 hester·

305 1266 370 1301 uo
404 1252 606 1306 foetere
662 1265 804 1306 mero
837 1271 959 1317 eum¹
991 1258 1388 1311 existimarent:

308 1332 509 1395 quare?
547 1333 670 1396 quia
685 1337 1125 1398 computationem
1144 1336 1196 1386 in
1222 1338 1388 1388 lucem

306 1415 673 1470 protraxerat.
732 1411 1006 1462 claudian.
1050 1412 1185 1462 libro
1218 1427 1284 1462 ιι.
1334 1413 1388 1463 in

304 1484 628 1550 Eutropium
650 1486 697 1535 :⁴
713 1486 864 1537 Inter
879 1504 998 1553 quse
1022 1489 1250 1539 tumidus
1270 1490 1389 1540 leno

302 1561 612 1633 producere
636 1578 810 1613 caenas
848 1565 911 1614 In
956 1568 1165 1628 lucem3
1197 1565 1388 1619 foetere

303 1642 491 1703 mero,'
529 1646 633 1693 ὅτε.
670 1644 874 1694 Her-ald.

365 1726 399 1772 2
440 1723 509 1772 In
546 1724 717 1786 lucem,
737 1724 849 1788 ξω]
882 1725 1312 1789 compotationes
1334 1726 1387 1779 iu

307 1797 489 1848 lucem
530 1800 810 1863 protrahit,
832 1801 1068 1866 adeoque
1092 1802 1262 1853 noctis
1284 1817 1385 1854 nou

311 1876 417 1926 diei
446 1877 712 1926 hesternae
728 1891 930 1928 merum
964 1878 1092 1929 olet.
1159 1940 1164 1947 ¹

316 1978 320 1982 ·
367 1955 700 2004 Eme-xxx.
737 1959 764 2005 1
789 1955 1188 2021 Fidentia-emm]
1226 1956 1387 2009 Ludit

304 2028 357 2079 in
373 2029 611 2094 dialogia
629 2045 832 2091 vocum,
846 2047 967 2093 mea,
989 2037 1073 2085 tua
1085 2048 1106 2091 ‚-
1141 2033 1385 2096 perstriu-

307 2106 492 2170 gitque
526 2105 841 2170 plagiarium
875 2107 1229 2163 Fidentinum,
1273 2121 1386 2156 car·

303 2183 527 2246 minum,
579 2184 819 2249 inquam,
860 2185 1145 2236 alienorum
1199 2183 1387 2235 fiirem.

307 2262 630 2325 Plagiarium
666 2263 806 2313 hune
842 2253 1018 2327 poscit
1051 2260 1188 2312 infra
1220 2262 1384 2326 epigr.

305 2343 388 2388 39.
413 2342 499 2388 54.
523 2342 607 2388 ⁷3.

368 2422 404 2467 4
426 2415 487 2464 Si
502 2415 602 2465 dics·
622 2420 727 2478 tua,
747 2415 858 2481 ξω]
881 2419 896 2444 ⁶
919 2415 1055 2465 Nam
1072 2414 1209 2481 quod
1233 2416 1384 2479 emiS,

307 2494 474 2557 possis
504 2493 686 2543 dicere
713 2494 838 2557 jure
863 2491 1044 2544 tuum?
1079 2494 1116 2542 i.
1136 2497 1186 2543 2.
1210 2492 1380 2557 epigr.

306 2576 392 2622 20.

375 2650 539 2700 Eme.
567 2661 732 2699 xxxi.
769 2654 797 2699 1
835 2645 1246 2711 ΒΗΜΛ-α]
1274 2645 1380 2695 Ad-

306 2725 541 2787 spirabat
564 2724 835 2787 chirurgus
853 2724 1075 2782 Diaulus
1089 2724 1156 2773 ad
1171 2723 1381 2773 nobilis-

306 2802 487 2851 simam
510 2802 785 2851 medicinae
811 2806 1033 2865 partem,
1052 2806 1114 2850 ut
1148 2800 1377 2850 Clinicus

314 2877 521 2927 tandem
546 2876 904 2940 Imperatores
928 2877 1066 2926 lecto
1091 2875 1273 2926 affixos
1301 2876 1376 2925 vi-

309 2962 448 3003 seret
470 2961 816 3019 curaretque:
843 2953 1123 3017 desperans
1147 2954 1378 3016 tandem,

310 3031 485 3083 nescio
502 3047 609 3098 qua
628 3018 694 3080 de
718 3046 895 3091 eausa,
917 3045 974 3080 se
1002 3030 1067 3080 ad
1093 3030 1376 3081 Libitinam

311 3109 555 3171 contulit,
594 3124 623 3157 e
647 3108 891 3170 chirurgo
935 3106 1150 3170 vespillo
1185 3105 1379 3167 factus,

309 3199 401 3237 nec
419 3186 805 3237 minusinterea
819 3185 1072 3235 Clinicus.
1118 3186 1218 3254 Est
1236 3184 1374 3234 enim

283 3266 513 3330 ‚argutia
548 3265 940 3329 epigrammatis
973 3264 1025 3313 iu
1062 3278 1191 3313 voce
1223 3262 1378 3327 «Mun,

309 3357 421 3408 quae
446 3349 505 3393 et
532 3343 762 3393 ‘lectum
780 3341 795 3364 '
827 3348 885 3394 et
916 3343 932 3370 ‘
952 3339 1236 3394 feretrum'
1271 3340 1374 3405 sig-

306 3420 503 3471 nifieat.
568 3420 801 3471 Clinicus
854 3419 984 3469 item
1017 3418 1278 3468 medicum
1318 3425 1376 3469 et

305 3497 710 3562 sandapila-ium
730 3485 822 3547 seu
858 3495 1218 3559 vespillonem.
1255 3495 1375 3545 vide

305 3572 442 3623 infra
466 3573 637 3638 epigr.
650 3576 732 3623 48.
751 3580 807 3622 et
828 3573 995 3636 epigr.
1019 3576 1101 3624 ⁷4.
1120 3572 1154 3621 Ι.
1177 3576 1225 3622 8.
1265 3573 1372 3622 Νο-

304 3658 486 3700 tuaest
491 3651 651 3715 jocus
663 3650 916 3713 Diogenis
933 3650 981 3699 in
997 3648 1272 3713 quendam,
1287 3650 1375 3715 qui

304 3742 369 3777 ex
391 3728 530 3777 malo
569 3727 770 3777 athleta
800 3725 972 3777 factus
1007 3733 1090 3776 est
1111 3740 1262 3791 aeque
1286 3725 1374 3775 bo·

303 3817 398 3853 nus
420 3804 675 3855 medicus.
705 3801 933 3867 Vespillo]
952 3803 1046 3853 Est
1065 3801 1173 3864 ille,
1187 3801 1276 3867 qui
1298 3800 1373 3851 ef·

301 3880 408 3932 fert
441 3895 668 3945 corpora
711 3881 779 3930 ad
812 3880 1156 3944 sepulturam,
1191 3885 1248 3929 et
1286 3880 1373 3944 qui

304 3957 452 4020 quasi
475 3964 626 4006 veste
663 3957 855 4020 spoliet
891 3955 1184 4006 mortuum:
1227 3956 1312 4006 vel
1343 3971 1374 4006 a

302 4049 522 4100 vespere
555 4033 749 4095 dietus,
782 4034 1026 4100 quoniam
1065 4034 1288 4097 majores
1310 4047 1375 4083 ea

304 4109 430 4161 hora
444 4111 854 4176 sepeliebantur.

367 4189 530 4240 Erro.
568 4200 759 4239 xxxn.
791 4192 819 4237 1
856 4187 963 4237 Hos
993 4185 1108 4249 tibi]
1139 4186 1373 4236 voverat

308 4263 589 4329 Encolpos,
632 4264 758 4315 Ami
798 4264 1056 4316 Pudentis
1101 4262 1365 4314 'centurie-

309 4340 383 4389 nis
426 4341 669 4407 amasius,
739 4340 913 4391 crines
965 4355 1084 4390 suos
1146 4339 1366 4404 Puoebo,

2365 334 2539 402 nos
2633 276 2642 282 υ

1476 498 1537 559 ut
1591 490 1809 556 primum
1858 491 2093 542 deminus
2148 506 2269 543 suus
2329 493 2395 549 sd
2431 494 2539 558 pri·

1476 570 1765 634 mipilatum
1810 568 1953 635 (quae
1996 571 2233 634 proxima
2275 577 2391 621 erat
2421 571 2537 635 dig-

1472 644 1638 711 nitas)
1714 645 2039 696 eveheretur.
2135 649 2303 723 Rogat
2367 647 2539 697 Deum

1471 724 1633 788 poeta
1691 732 1749 774 nt
1815 739 2033 789 puerum
2084 740 2238 791 quam
2291 725 2537 775 citissime

1472 801 1580 850 voti
1603 806 1898 865 compotem
1931 801 2137 865 reddat,
2169 801 2305 867 quod
2330 801 2538 865 utrique

1469 892 1646 927 eorum
1668 885 1870 943 gratum
1886 878 1955 928 sit
1966 876 2214 928 futurum.
2235 877 2351 926 vide
2368 877 2541 942 epigr.

1467 958 1549 1005 49.
1570 954 1605 1003 l.
1628 960 1677 1005 5.
1698 955 1891 1018 Phoebe,
1905 959 2063 1018 vovet,
2079 956 2183 1020 &c.]
2201 954 2535 1005 Excedentes

1468 1039 1535 1081 ex
1570 1032 1789 1096 ephebis
1834 1047 1995 1082 comae
2018 1031 2197 1097 (quam
2224 1031 2369 1094 pueri
2393 1032 2535 1081 alue-

1468 1107 1613 1174 rant)
1647 1108 1877 1159 detousae
1907 1109 2163 1173 primitias
2196 1108 2396 1159 Phoebo
2419 1123 2542 1159 con-

1465 1185 1764 1247 secrabant,
1798 1186 2005 1250 plurimi
2035 1186 2271 1250 Delphos
2295 1184 2538 1251 profecti.

1467 1262 1760 1326 AEsculapio
1816 1263 1922 1326 alii,
1976 1262 2064 1319 alii
2113 1260 2283 1312 fluviis
2333 1262 2537 1327 patriis,

1464 1351 1614 1403 aquae
1659 1338 1794 1388 hune
1843 1339 2088 1389 honorem
2137 1338 2445 1400 tribuentes,
2479 1344 2538 1388 ut

1464 1414 1721 1465 alimonie
1747 1416 1971 1479 parenti,
2004 1416 2241 1481 vitaeque
2262 1427 2536 1464 conserva-

1465 1490 1601 1540 trici.
1632 1491 1849 1540 Lucian.
1882 1489 2096 1556 περὶτῆς
2118 1489 2285 1555 ‹rupim-
2306 1492 2429 1541 θεοῦ.

1528 1571 1561 1616 6
1590 1568 1738 1628 Fusoe
1776 1570 1946 1629 lactea,
1981 1569 2089 1632 tra]
2124 1569 2229 1618 Hie
2268 1569 2405 1618 euim
2435 1560 2530 1619 ha·

1462 1643 1603 1694 bitus
1674 1645 2017 1696 delicatorum
2085 1654 2141 1694 et
2208 1645 2531 1709 perditorum

1454 1735 1761 1784 puerorum.
1799 1721 1987 1772 Horat.
2019 1721 2035 1749 ⁸
2057 1722 2131 1771 Et
2143 1737 2265 1786 quae
2286 1736 2423 1771 nnuc
2439 1721 2530 1771 hu·

1461 1797 1619 1847 meris
1670 1798 1974 1859 involitaut,
2009 1799 2300 1849 deciderint
2327 1800 2530 1851 eomas:

1459 1873 1625 1938 Jubae]
1656 1876 1898 1940 Metapa.
1922 1890 2101 1925 comae.
2479 1900 2483 1904 ·

1526 1956 1558 2001 8
1596 1952 1813 2015 rmum,
1835 1953 1944 2016 ism]
1979 1952 2286 2016 Competem
2306 1952 2432 2014 voti,
2449 1967 2527 2002 as-

1461 2035 1643 2078 secuto
1668 2029 1867 2078 scilicet
1889 2029 2131 2078 Pudente
2155 2028 2401 2093 primipili
2418 2029 2533 2092 dig·-

1457 2104 1701 2165 nitatem,
1738 2112 1798 2156 ut
1836 2106 2130 2156 tondeatur.
2197 2105 2316 2156 Sero
2348 2105 2529 2168 mm]

1460 2182 1581 2233 Quo
1616 2183 1809 2232 diutius
1846 2198 2019 2233 amore
2053 2183 2167 2255 ejus
2189 2180 2396 2233 fruatur
2418 2184 2528 2232 Do·

1457 2262 1641 2312 minus.
2437 2296 2442 2299 -

1523 2341 1681 2390 Erre.
1703 2354 1917 2391 xxxin.
1955 2345 1981 2390 1
2014 2342 2123 2390 Non
2136 2357 2240 2391 amo
2255 2339 2525 2402 te,Sabid2'.

1454 2417 1563 2482 &cd
1576 2416 1681 2466 Odi
1698 2424 1751 2467 te
1763 2418 1887 2468 Sab.
1902 2417 2079 2482 gratis,
2091 2431 2256 2483 neque
2271 2416 2405 2465 enim
2419 2415 2528 2465 odii

1457 2494 1558 2542 mei
1576 2495 1831 2544 rationem
1848 2494 2069 2545 reddere
2082 2494 2252 2558 valeo,
2262 2508 2327 2543 an
2342 2493 2408 2542 ab
2419 2494 2530 2543 ani·-
2624 2556 2632 2564 ⁶

1454 2569 1527 2618 mi
1545 2571 1831 2633 pravitate,
1852 2586 2049 2620 merum
2083 2569 2527 2632 dissimilitudine,

1457 2655 1513 2696 et
1551 2647 1792 2710 syderum
1825 2648 2290 2711 contrapositione,
2318 2646 2524 2709 antipa·

1457 2722 1585 2784 thia,
1598 2723 1753 2787 genio
1763 2722 1973 2787 infesto,
1986 2739 2077 2773 seu
2091 2724 2226 2773 malo
2234 2722 2418 2773 omine.
2437 2723 2525 2773 lta

1453 2801 1667 2851 Seneca
1690 2802 1978 2866 Thyestes:
2035 2802 2050 2829 ‘
2071 2800 2248 2864 rapior
2272 2806 2327 2849 et
2344 2800 2525 2852 nescio

1453 2893 1577 2943 quo,
1616 2879 1706 2928 sed
1748 2878 1960 2944 rapior)
2002 2886 2075 2939 et,
2119 2876 2296 2927 ‘Nihil
2337 2876 2523 2926 timeu-

1453 2953 1573 3002 dum
1593 2954 1765 3015 video,
1786 2954 1877 3003 sed
1899 2954 2055 3004 timeo
2076 2951 2285 3007 tamen)
2318 2952 2421 3001 Vel
2440 2965 2521 3000 ar-

1451 3032 1649 3094 gutiuS,
1686 3031 1874 3081 merito
1908 3037 1961 3080 te
1997 3028 2103 3093 odi,
2129 3043 2301 3094 neque
2346 3035 2521 3080 tamen

1452 3121 1549 3169 per
1584 3107 1893 3157 modestiam
1930 3106 2058 3156 licet
2085 3102 2237 3155 effari
2271 3104 2378 3154 odii
2419 3106 2523 3156 mei

1451 3197 1677 3234 causam.
1715 3185 1799 3235 vel
1838 3190 2059 3249 propter
2078 3183 2183 3232 oris
2228 3182 2303 3232 tui
2328 3181 2521 3245 impuri

1450 3261 1858 3323 graveolentiam
1895 3275 1999 3311 non
2039 3260 2268 3310 sustineo
2302 3260 2438 3323 apud
2467 3266 2522 3316 te

1449 3337 1685 3401 longiore
1709 3338 1786 3388 uti
1812 3351 2072 3399 sermone,
2088 3337 2187 3387 hoc
2213 3343 2415 3386 tantum
2441 3336 2518 3386 di-

1448 3428 1534 3476 co,
1570 3416 1585 3443 ‘
1607 3415 1727 3464 Non
1747 3430 1867 3484 ¹¹aruo
1892 3414 1978 3465 te.'
2008 3420 2068 3464 et
2106 3413 2172 3462 ad
2206 3412 2338 3462 hanc
2356 3427 2516 3477 expo·

1448 3490 1689 3542 sitionem
1710 3490 1843 3542 facit
1865 3492 2031 3559 epigr.
2068 3494 2146 3540 1¹7.
2188 3490 2224 3538 l.
2260 3493 2310 3541 3.
2369 3490 2517 3554 Amo]

1448 3569 1537 3618 De
1554 3569 1693 3618 omni
1711 3568 1955 3620 amicitiae
1974 3580 2171 3632 genere
2192 3566 2295 3616 diei
2317 3574 2513 3631 potest.

1449 3645 1585 3695 Nam
1610 3655 1667 3696 ut
1690 3646 1912 3711 aliquem
1930 3644 2066 3694 serio
2090 3658 2342 3707 amemus,
2360 3643 2517 3694 animi

1449 3723 1729 3786 propensio
1763 3723 1985 3773 accedat
2007 3725 2217 3770 necesse
2240 3726 2356 3772 est:
2399 3721 2517 3773 liaec

1449 3798 1491 3848 si
1525 3798 1695 3861 abest,
1731 3798 1926 3849 frustra
1955 3798 2118 3847 amari
2141 3797 2516 3859 desideramus.

1446 3877 1553 3927 Sed
1591 3878 1900 3943 quandoque
1938 3891 2039 3926 non
2062 3878 2228 3926 solum
2253 3891 2352 3925 non
2377 3890 2528 3927 ama-⁶

1448 3970 1581 4018 mus,
1620 3955 1711 4004 sed
1745 3956 1904 4005 etiam
1936 3954 2056 4004 odie
2104 3952 2349 4003 habemus
2402 3953 2515 4004 sine

1448 4046 1650 4082 caussa.
1719 4030 1876 4081 Aliud
1902 4039 1983 4081 est
2021 4035 2123 4081 non
2154 4044 2347 4094 amare,
2369 4030 2512 4081 aliud

1448 4109 1638 4158 odisse.
1672 4109 1806 4158 Sunt
1821 4107 1983 4171 igitur
2001 4107 2236 4172 quaedam
2259 4108 2379 4156 odia
2397 4121 2511 4169 gra-

1449 4184 1603 4246 tuita,
1622 4198 1736 4248 quae
1761 4197 1793 4231 a
1813 4198 1957 4233 caeco
1982 4184 2268 4233 animorum
2293 4183 2512 4247 impetu.

1444 4260 1649 4312 Her-ald.

1514 4339 1674 4390 Eme.
1721 4350 1922 4388 xxxrv.
1972 4336 2051 4386 De
2088 4334 2270 4398 Geni-1]
2303 4335 2510 4400 Saepius
