2985 4937
682 439 760 494 M‘.
809 442 978 492 VAL.
1028 440 1446 491 MAR‘rlAus
1497 442 1742 491 Erum.
1795 444 1938 491 LlB.
1990 444 2037 490 1.

259 584 379 635 tulis
435 591 672 644 vacaret,
738 585 1018 651 doloreque
1073 592 1330 651 concepto

258 661 397 725 quod
420 662 630 712 unicam
649 670 853 717 tantum
879 670 1178 730 acceperat,
1199 678 1334 715 mor-

263 745 380 791 tuns
403 744 569 788 esset.

326 817 489 866 Eme.
512 829 738 868 Lxxxu.
795 823 822 868 1
866 818 909 867 Ε
927 816 1086 881 servo]
1116 817 1205 868 Sic
1228 833 1333 868 om·

263 905 352 940 nes
397 892 542 941 libri.
612 893 766 945 Quod
789 909 907 944 eum
941 892 1151 944 difficile
1191 894 1333 943 vide-

261 976 423 1031 retur,
457 967 721 1033 fecerunt,
759 972 802 1021 Ε
822 987 986 1030 servae
1023 973 1174 1036 quasi
1206 972 1334 1023 velit

258 1046 484 1111 intelligi
539 1047 863 1098 Sosibianum
913 1050 1120 1100 aucillae
1169 1047 1332 1099 fllium

260 1137 391 1184 esse,
425 1130 483 1174 et
510 1131 690 1174 tamen
719 1140 816 1191 pro
840 1124 1004 1177 libero
1042 1140 1100 1176 se
1134 1140 1334 1190 gerere,

263 1198 420 1250 fateri
457 1207 656 1263 tamen,
688 1208 749 1252 ut
774 1203 848 1253 vis
878 1203 1113 1253 veritatis
1147 1218 1333 1268 magns

259 1284 362 1340 est,
395 1293 453 1328 se
477 1277 644 1329 filium
678 1294 794 1330 esse
819 1280 1040 1343 ancillae,
1074 1296 1166 1331 seu
1186 1281 1331 1344 geni-

260 1361 368 1408 tum
409 1371 443 1406 e
483 1371 672 1420 serva3
726 1374 886 1423 quum
931 1367 1136 1423 patrem
1180 1370 1330 1409 suum

229 1455 232 1458 ⁴
258 1431 586 1487 ‘dominam’
608 1436 824 1485 salutat.
857 1435 1125 1500 Ejusmodi
1138 1450 1327 1500 nempe

259 1509 642 1575 paterfamilias
663 1512 828 1576 qualis
850 1512 1224 1576 epigrammate
1243 1517 1327 1563 8⁵.

258 1595 533 1654 aequente,
562 1590 578 1618 ‘
600 1587 915 1649 Quirinalis?
935 1589 1154 1639 ancillas
1178 1588 1326 1653 quasi

258 1665 501 1729 gallinae,
533 1679 635 1716 non
681 1665 920 1729 parendi,
956 1664 1046 1714 sed
1087 1663 1326 1729 pariendi

259 1757 417 1794 cansa
469 1741 760 1807 possidens.
812 1741 1129 1793 Mammam.
1196 1742 1328 1794 Cum

261 1830 466 1886 patrem
507 1820 743 1885 appellas
771 1821 1035 1871 dominum
1056 1819 1222 1886 (quod
1254 1821 1331 1869 in·

266 1900 421 1964 genui
434 1899 708 1950 faciebant
726 1899 931 1949 honoris
942 1897 1127 1963 eausa)
1152 1906 1225 1957 tu,
1246 1912 1335 1946 na·-

266 1978 452 2029 talium
477 1977 592 2026 vitii
614 1976 710 2027 tibi
730 1975 991 2039 conscius,
1013 1990 1106 2039 per
1131 1972 1329 2024 blandi-

262 2056 356 2105 tias
402 2055 520 2106 illas
552 2053 736 2104 fateris
780 2060 835 2105 te
888 2067 1005 2103 esse
1040 2051 1331 2116 hybridam,

261 2140 438 2182 nanim
461 2132 670 2182 seilicet
685 2145 716 2181 e
734 2146 885 2181 serva
900 2138 957 2181 et
975 2131 1162 2182 libero.
1193 2130 1334 2179 Scri·

262 2210 430 2259 verius
465 2209 554 2259 hie
587 2209 832 2273 grandius
869 2216 1130 2259 secretum
1163 2209 1330 2258 latere

261 2289 559 2338 existimate
585 2287 797 2336 vivente
817 2287 953 2337 enim
974 2293 1123 2350 patre
1137 2285 1333 2336 Sosibi-

263 2365 359 2430 ani,
392 2379 575 2414 servus
620 2364 733 2428 ejus
783 2371 1057 2427 suspectus
1100 2371 1217 2414 erat
1260 2364 1330 2413 de

259 2441 641 2493 consuetudine
685 2439 855 2506 stupri
895 2454 1011 2492 eum
1049 2440 1174 2490 bera
1216 2454 1331 2503 sna,

258 2522 388 2573 adeo
410 2530 472 2573 ut
492 2521 716 2586 populus
735 2519 982 2572 crederet
1001 2520 1330 2570 Sosibiauum

224 2607 493 2652 matrum
536 2615 603 2650 ex
637 2614 789 2650 servo
840 2600 955 2662 ipso
1000 2605 1331 2663 conceptum.

258 2679 380 2729 Non
398 2684 506 2738 est,
520 2678 692 2742 inquit
709 2678 992 2740 Martialis,
1014 2676 1151 2741 quod
1172 2676 1220 2725 in
1242 2675 1333 2724 du-

258 2754 398 2805 bium
423 2769 732 2805 revocemus
754 2754 828 2817 id,
851 2754 988 2819 quod
1012 2766 1193 2803 omnes
1212 2751 1331 2802 hac-

258 2839 415 2883 tenns
452 2832 711 2897 suspicati
737 2838 880 2890 sunt,
913 2837 970 2882 te
998 2846 1029 2881 e
1062 2843 1215 2879 servo
1241 2834 1332 2879 tao

258 2909 558 2961 domestico
593 2910 858 2974 genitum:
899 2907 951 2957 id
974 2907 1113 2958 enim
1137 2904 1330 2955 blande

260 2988 463 3054 fateris,
512 3004 672 3054 quum
721 2989 891 3053 ipsum
936 2999 1142 3036 servum
1186 2983 1331 3033 illum

263 3082 412 3118 vocas
451 3069 469 3096 ‘
488 3057 809 3130 Dominum,'
839 3064 929 3130 qul
966 3076 1152 3114 revera
1181 3067 1333 3126 pater

264 3148 502 3195 tuus‘est.
538 3143 673 3193 Nam
699 3141 910 3192 Domini
929 3154 1025 3205 per
1043 3137 1333 3189 irrisionem

264 3234 405 3286 sepe
438 3233 622 3270 servos
654 3233 773 3269 suos
813 3216 1080 3268 vocabant
1119 3216 1136 3242 ‘
1156 3214 1335 3264 Domi-

264 3311 352 3347 nos
374 3297 410 3347 :’
445 3296 571 3345 vide
595 3296 895 3360 epigramm.
918 3298 999 3344 68.
1022 3293 1058 3342 l.
1081 3298 1132 3342 ⁵.
1200 3291 1334 3342 Gro-

265 3374 445 3424 novius
482 3374 586 3422 hoe
609 3372 825 3438 accipit,
859 3365 1174 3438 qaodflugit
1193 3370 1343 3420 Seri·

266 3451 458 3513 verius,
479 3449 733 3499 Sosibiani
752 3457 996 3509 matrem,
1012 3448 1180 3513 patris
1197 3447 1336 3511 ejus·

266 3525 383 3576 dem
424 3539 664 3587 uxorem,
694 3525 991 3576 clanculum
1021 3538 1140 3574 cum
1173 3535 1335 3573 verna

228 3612 237 3625 ⁸
267 3620 358 3654 sao
402 3606 740 3655 consuevisse
772 3602 1051 3656 cubilibus.
1119 3600 1194 3652 At
1229 3615 1333 3651 non

268 3682 487 3746 accipit,
538 3680 606 3730 τὰ
642 3681 660 3708 ‘
695 3681 829 3732 Cum
873 3680 1007 3730 dicis
1052 3677 1334 3729 dominum'

266 3758 582 3823 explicanda
608 3772 745 3820 esse,
783 3772 940 3821 quum
981 3756 1149 3821 ipsum
1192 3754 1334 3806 illum

270 3850 475 3887 servum
520 3850 681 3886 vocas
740 3835 1074 3898 ‘dominum,'
1129 3836 1220 3900 qni,
1259 3850 1338 3885 re·

271 3927 397 3962 vera
438 3920 599 3979 pater
644 3919 764 3964 tuus
801 3922 900 3965 est.
981 3914 1148 3963 Immo
1183 3926 1364 3977 quem-

275 3987 602 4039 ‘dominnm’
630 3990 871 4052 vocabat,
904 4005 1004 4041 non
1046 4004 1224 4039 servus
1257 3988 1336 4053 (ld

282 4065 412 4115 enirn
462 4080 567 4115 non
621 4067 719 4116 nisi
771 4081 870 4130 per
917 4066 1202 4116 ludibrium
1247 4064 1337 4114 fie-

276 4134 520 4203 bat)‘sed
562 4144 791 4193 creditus
810 4158 876 4194 ae
912 4142 1176 4208 professus
1201 4142 1338 4191 illius

280 4224 429 4281 pater
487 4227 619 4270 erat.
698 4218 836 4269 Haee
899 4226 1074 4269 antem
1134 4224 1340 4269 senten·

282 4295 384 4348 tia:
429 4295 578 4359 Uni-e,
606 4295 902 4359 Sosibiane,
942 4304 1151 4361 patrem
1192 4302 1340 4346 tuum

280 4384 377 4434 per
396 4370 685 4437 blanditias,
705 4373 720 4399 ‘
736 4372 1013 4424 dominum’
1048 4387 1234 4424 vocas:
1259 4377 1342 4422 est

2297 428 2471 495 1123

1404 586 1545 636 euim
1566 586 1801 637 dominus
1820 595 1939 639 tuus
1960 601 2160 652 revers,
2174 602 2277 638 non
2292 598 2470 653 pater:

1405 678 1578 729 neque
1600 665 1824 720 enim-ex
1848 666 1955 728 illo,
1987 666 2078 721 sed
2097 681 2162 714 ex
2186 681 2340 718 servo
2360 682 2471 719 ves·

1407 751 1492 793 tro
1514 740 1773 806 familiari,
1796 759 1862 792 ex
1884 744 2145 809 mancipia
2166 745 2298 809 ejus,
2317 760 2470 810 quem

1406 815 1543 868 falso
1565 825 1767 882 patrem
1794 835 1973 882 vocas,
2006 827 2291 884 conceptus
2314 828 2368 871 et
2388 833 2475 886 ge·

1408 894 1549 944 nitus
1565 910 1640 946 es.
1709 896 1825 945 Nec
1846 896 2004 960 objici
2027 895 2188 946 debet
2206 897 2475 949 Juriscon-

1404 974 1662 1024 sultorum
1677 974 1944 1039 exceptio,
1967 975 1983 1003 ‘
2003 980 2207 1038 partum
2229 981 2467 1024 ventrem

1406 1050 1593 1115 sequi!
1660 1051 1796 1102 Nam
1821 1052 1960 1102 illam
1981 1050 2312 1101 dissimulans
2331 1051 2471 1101 Mar·

1406 1127 1565 1190 tialis,
1597 1142 1817 1179 acumen
1853 1129 2093 1192 captavit
2128 1143 2195 1177 ex
2236 1128 2473 1191 generali

1405 1205 1606 1267 regula,
1641 1219 1905 1256 servorum
1930 1219 2031 1268 res,
2051 1206 2332 1272 adquisita,
2353 1219 2474 1269 par·

1404 1289 1510 1341 tus,
1542 1282 1779 1345 vicarios,
1801 1296 1904 1331 non
1928 1282 2176 1346 ipsorum,
2199 1281 2292 1331 sed
2313 1281 2476 1332 domi·

1401 1374 1585 1410 norum
1597 1358 1734 1422 juris
1753 1366 1810 1410 et
1833 1359 2113 1422 potestatis
2134 1373 2270 1413 esse.
2316 1360 2474 1409 Gran.-

1465 1437 1629 1487 Eme.
1655 1449 1897 1486 nxxxut.
1955 1435 2285 1500 1,Hoec,810.]
2319 1436 2476 1500 Ejus-

1399 1513 1521 1561 dem
1556 1510 1846 1574 argumenti
1869 1519 1926 1562 et
1948 1511 2158 1563 artificii
2189 1527 2308 1562 eum
2331 1513 2474 1577 epig.

1402 1593 1481 1640 1³.
1503 1603 1676 1654 supra,
1691 1587 1833 1653 quod
1856 1588 1996 1638 vide.

1465 1671 1498 1716 2
1530 1666 1738 1728 langas,
1776 1665 1885 1729 ξω]
1943 1667 2078 1716 Nam
2102 1665 2338 1729 porticus
2358 1673 2477 1716 erat

1401 1746 1576 1808 longa,
1595 1750 1648 1793 et
1671 1744 2035 1806 solnta-‘magis
2066 1740 2475 1793 extendebatur.

1469 1827 1500 1872 8
1535 1821 1788 1885 Absoluta]
1826 1822 1942 1870 Heu
1962 1820 2110 1871 ferrer
2126 1835 2366 1885 possum:
2400 1823 2475 1869 vs·-

1402 1904 1507 1951 tota
1529 1914 1632 1948 non
1656 1897 1788 1949 fero.
1823 1898 1941 1947 Nee
1964 1906 2138 1947 tamen
2162 1898 2179 1928 ‘
2203 1898 2473 1947 absoluta'

1405 1986 1487 2027 est
1508 1976 1783 2038 dissoluta,
1805 1990 1899 2025 seu
1923 1975 1978 2024 in
2000 1975 2171 2024 varias
2193 1982 2372 2037 partes
2396 1974 2477 2023 di-

1405 2058 1556 2107 vulsa
1572 2073 1587 2118 ;
1623 2065 1714 2107 aut
1730 2057 1945 2107 erimine
1964 2055 2201 2106 absoluta
2216 2071 2230 2104 ι
2255 2056 2350 2105 sed
2365 2063 2476 2104 tau-

1408 2133 1673 2185 tummodo
1691 2148 1801 2183 suae
1839 2131 2253 2198 significationis,
2271 2131 2476 2182 absolu·

1409 2221 1462 2262 ta
1480 2226 1605 2262 casu
1628 2211 1814 2275 grandi
1838 2219 2083 2275 tanquam
2106 2209 2341 2260 erimine.
2407 2210 2474 2260 Id

1402 2290 1544 2341 enim
1584 2290 1773 2353 ipsum,
1797 2288 1936 2354 quod
1975 2289 2091 2336 loco
2124 2286 2356 2337 criminis
2378 2295 2479 2350 est,

1406 2376 1627 2433 apparet
1665 2367 1720 2416 in
1769 2370 2023 2416 contextu
2081 2364 2379 2427 verborum,
2420 2370 2478 2413 et
2578 2383 2589 2396 ¹

1403 2446 1419 2473 ‘
1440 2452 1636 2512 quanto
1675 2459 1799 2494 casu
1841 2439 2116 2493 absoluta’
2168 2447 2271 2502 est,
2317 2454 2476 2506 qnam

1406 2524 1579 2589 gravis
1601 2538 1752 2574 casus
1771 2521 1988 2572 crimine
2007 2519 2319 2584 infamiaque
2348 2519 2479 2567 libe-

1404 2610 1537 2653 rata.
1602 2603 1698 2651 Est
1720 2606 1896 2649 autem
1918 2613 2069 2647 casus
2090 2597 2177 2646 ille
2201 2607 2339 2646 mors
2373 2596 2476 2645 Re·

1407 2681 1533 2746 guli.
1598 2682 1769 2732 Quam
1810 2678 1977 2726 dirum
2009 2674 2479 2738 detestandumque

1407 2773 1585 2810 casum
1623 2756 1672 2806 ei
1710 2756 2024 2804 remiserunt
2063 2751 2157 2812 dii,
2197 2750 2288 2816 qui
2326 2749 2477 2799 mini-

1406 2850 1547 2885 mum
1568 2832 1770 2895 aberat,
1796 2831 1918 2896 quin
1950 2829 2277 2892 contigisset.
2320 2828 2477 2877 Gron.

1471 2916 1508 2962 9
1544 2911 1710 2961 Tanta
1752 2909 1955 2972 Regale,
1991 2905 2101 2970 ξω]
2162 2904 2302 2956 Vide
2340 2917 2476 2954 vers.

1409 2993 1491 3041 12.
1514 2988 1682 3053 epigr.
1707 2991 1790 3036 13.

1474 3067 1898 3118 Erremxxxiv.
1932 3067 1960 3111 1
2001 3062 2071 3110 Os
2091 3066 2141 3110 et
2161 3059 2319 3124 labra]
2352 3058 2478 3108 Oris

1408 3147 1466 3192 et
1487 3140 1744 3191 labiorum
1767 3138 2035 3202 Mannejoe
2061 3137 2363 3201 spurcitiam
2387 3151 2480 3185 no-

1409 3225 1490 3269 tat
1513 3219 1612 3267 hoc
1644 3216 2041 3282 epigrammate,
2080 3214 2219 3279 quod
2251 3213 2480 3277 lingeret

1408 3295 1620 3358 catella,
1643 3294 1839 3359 quippe
1856 3293 1956 3342 boc
1979 3291 2173 3340 animal
2194 3290 2481 3339 lambendis

1407 3372 1746 3424 immunditiis
1769 3372 2081 3420 delectatur.

1472 3455 1507 3501 2
1541 3452 1742 3501 Meu-das
1782 3451 1827 3497 si
1869 3447 1985 3497 libet
2037 3444 2158 3508 esse]
2225 3442 2481 3493 Pbaedrus

1408 3526 1540 3578 Fab.
1564 3530 1646 3577 2⁷.
1689 3528 1705 3554 ‘
1733 3525 1782 3574 Ο
1807 3524 1972 3587 canis,
1994 3523 2182 3572 merito
2188 3522 2357 3586 jaces,
2376 3520 2481 3572 Qui

1409 3603 1701 3667 concupisti
1725 3602 1894 3652 subito
1919 3602 2117 3665 regales
2139 3614 2287 3662 opes,
2304 3597 2481 3647 Trivio

1406 3688 1695 3745 conceptus
1710 3686 1765 3729 et
1782 3679 2037 3729 educatus
2055 3673 2329 3726 stercore.’
2355 3673 2484 3722 Gro-

1408 3760 1593 3809 novius.
1656 3755 1987 3820 naamam]
2019 3754 2150 3804 Quoe
2169 3758 2308 3801 tetro
2325 3749 2484 3800 odore

1412 3849 1516 3885 non
1541 3840 1794 3898 superant
1833 3833 1849 3860 ‘
1872 3830 2087 3880 artificis
2126 3828 2202 3877 tul
2231 3828 2335 3876 oris
2357 3825 2485 3876 bali-

1414 3909 1769 3972 tum,'Juveu.
1791 3909 1847 3959 S.
1869 3911 1949 3957 10.
1968 3910 2082 3956 288.
2427 3905 2437 3930 ⁶

1479 3988 1642 4038 Eme.
1660 3985 1866 4035 Lxxxv.
1898 3989 1926 4033 1
1955 3984 2179 4040 Uxorem,
2195 3980 2302 4045 ξω]
2337 3978 2482 4030 Salse

1413 4070 1565 4114 notat
1586 4062 1908 4116 Quirinalem
1922 4059 2150 4124 equitem
2175 4049 2485 4118 Romanum,

1416 4142 1505 4206 qui
1542 4138 1736 4190 eoelebs
1777 4152 1934 4202 quum
1973 4143 2113 4185 esset
2148 4148 2204 4184 se
2248 4133 2484 4183 omnibus

1417 4217 1618 4268 ancillis
1639 4217 1744 4266 suis
1763 4217 2032 4277 miscebat,
2054 4228 2120 4263 ex
2155 4213 2341 4279 quibus
2365 4225 2486 4277 per-

1416 4296 1606 4345 multos
1625 4291 1947 4356 suscipiebat
1969 4290 2180 4342 liber-oe.

1482 4381 1516 4425 4
1550 4375 1863 4437 Domumque,
1880 4378 1927 4422 et
1942 4385 2087 4433 agros
2100 4369 2287 4433 implet]
2314 4365 2486 4417 Urba-
