2985 4937
710 432 790 481 M.
837 401 1007 480 vA'r..
1058 425 1481 483 MAnriAms
1535 428 1778 477 nmen.
1830 430 1973 478 ΜΒ.
2026 430 2102 477 x.

319 575 510 640 abigas,
532 576 590 625 id
613 580 712 635 est,
734 588 816 624 me
840 587 1068 626 asseras:
1105 571 1398 636 utEpigr.

316 657 391 702 72.
413 660 468 703 et
493 658 572 703 12.
591 652 682 702 lib.
701 657 751 702 7.
796 652 1033 714 AErugine
1050 650 1233 712 versus]
1257 651 1371 699 Ma·

277 721 280 724 “
313 732 611 792 ledicentia,
650 732 842 792 livore,
874 744 1029 795 quem
1066 730 1245 791 Epigr.
1288 732 1374 777 72.

313 808 398 857 lib.
440 814 489 858 ’1.
547 809 771 868 dixerat,
820 806 836 834 ‘
858 814 1028 855 atrum
1081 803 1371 854 venenumss

315 886 447 935 Vide
467 883 689 934 Tur-neb.
706 883 795 934 lib.
819 886 899 932 30.
921 897 1037 945 cap.
1060 885 1140 930 30.
1171 881 1259 946 qui
1280 895 1371 928 no-

312 968 408 1024 tat,
426 962 671 1011 invidiam
696 960 852 1010 animi
870 959 1047 1008 vitium
1068 972 1201 1019 esse,
1225 960 1374 1022 quale

313 1037 493 1101 rubigo
527 1045 612 1087 est
647 1035 777 1086 ferri
811 1042 867 1086 et
899 1043 1204 1098 aerugozut
1236 1035 1371 1083 enim

311 1115 399 1164 illa
420 1115 619 1166 ferrum
642 1120 699 1163 et
730 1128 803 1162 aes
836 1113 1035 1171 exedit,
1073 1113 1150 1161 ita
1182 1112 1374 1160 invidia

315 1206 403 1241 cor
420 1190 615 1254 exedit,
647 1197 703 1240 et
724 1204 779 1239 se
802 1190 963 1253 ipsam
988 1188 1230 1238 corrodit.
1264 1189 1374 1240 Ho-

314 1274 410 1318 rat.
433 1269 575 1317 illam
598 1267 886 1331 oeruginem
923 1267 1120 1330 ‘nigrae
1145 1266 1373 1329 loliginis

310 1346 545 1395 succum’
578 1345 885 1409 appellavit.

387 1425 418 1470 8
455 1422 554 1477 Qui
592 1419 793 1483 legitur]
824 1419 925 1470 Cui
961 1418 1102 1469 fama
1136 1418 1280 1469 favet
1317 1427 1374 1468 et

312 1497 495 1559 lector,
512 1499 610 1547 hoe
630 1504 731 1560 est,
747 1498 836 1562 qui
857 1497 1066 1560 legitur.

373 1581 407 1625 9
438 1577 586 1626 Hunc
603 1576 952 1639 servare,*8›·c.]
986 1576 1168 1639 Epigr.
1187 1575 1254 1625 ad
1279 1574 1371 1623 lib.

314 1658 360 1702 1.
381 1654 553 1717 Epist.
573 1653 970 1726 etEpigramm.
989 1658 1038 1704 3.
1063 1654 1147 1704 lib.
1169 1657 1215 1702 8.
1239 1667 1372 1701 vers.

313 1733 393 1780 20.
739 1772 747 1786 .

385 1808 548 1859 Erre.
583 1821 781 1859 xxxtv.
830 1809 929 1861 Jus
969 1813 1301 1871 patronorum
1344 1822 1375 1855 a

310 1884 537 1947 Trajano
579 1884 825 1935 Romanis
878 1885 1143 1935 redditum
1197 1884 1377 1934 laudat

314 1958 610 2013 Martialis..

395 2042 422 2086 1
462 2038 538 2087 Di
573 2037 666 2087 tibi
700 2036 837 2101 dent]
880 2035 1118 2086 Solennis
1155 2034 1379 2086 formula

312 2111 446 2163 bene
459 2114 741 2179 precandi.

375 2191 409 2240 2
446 2192 517 2240 Et
536 2190 673 2254 ruta]
707 2190 934 2240 Ratum
921 2154 1213 2254 imperium,
1239 2189 1398 2254 quod.

313 2267 411 2317 Dii
432 2268 721 2331 contulere,
740 2266 967 2319 firment.

379 2348 429 2406 3⁴
448 2345 548 2400 Qui
578 2359 664 2394 sua
691 2344 930 2405 restituis,
959 2345 1067 2408 ξω]
1099 2344 1204 2396 Qui
1228 2342 1377 2393 resti·

309 2421 418 2471 tuis
443 2420 678 2485 patronis
698 2421 788 2485 jus
809 2428 1112 2485 patronatus
1143 2420 1197 2468 in
1219 2420 1376 2470 liber-

305 2505 399 2547 tos
426 2512 565 2560 suos,
596 2513 725 2561 quos
757 2499 1110 2549 Domitianus·
1124 2498 1379 2547 militibus

314 2581 575 2638 aeqnarat.
583 2573 871 2624 VidePlin.
880 2575 996 2639 Jun.
1008 2575 1101 2625 lib.
1118 2578 1197 2623 10.
1210 2574 1380 2683 Epist.

314 2655 403 2700 11.

380 2732 413 2777 4
453 2729 583 2779 Exul
616 2744 712 2779 nott
744 2730 866 2779 erit
873 2728 1097 2792 illesuis]
1131 2728 1262 2778 Jure
1287 2743 1379 2778 suo

310 2807 568 2869 spoliatus
578 2812 820 2871 tanquam
835 2807 1155 2869 proscriptus
1170 2812 1225 2853 et
1240 2807 1380 2854 exul.

309 2882 788 2933 Proscribebantur
802 2896 927 2934 ,vero
945 2881 1174 2945 patroni,
1187 2895 1304 2930 cum
1322 2882 1396 2929 il-

310 2958 382 3008 lis
392 2959 480 3022 jus
500 2964 804 3023 patronatus
825 2959 1141 3021 eriperetur,
1155 2963 1215 3006 ut
1231 2972 1302 3006 ex
1324 2957 1383 3006 li-

297 3036 585 3089 -bertorum
623 3036 771 3086 bonis
807 3036 1070 3085 semissem
1092 3049 1160 3084 ne
1180 3035 1383 3099 accipe-

311 3119 467 3162 rent:
492 3113 569 3162 ita
590 3112 874 3175 improprie
892 3119 1046 3161 vocat
1060 3112 1143 3161 hic
1161 3102 1383 3162 esulem.

307 3191 398 3239 De
416 3189 693 3239 clientibus
710 3197 766 3239 et
784 3190 1019 3253 petronis
1037 3189 1120 3238 hic
1137 3204 1237 3240 non
1257 3204 1383 3254 ag03

311 3267 419 3315 alia
456 3266 599 3316 enim
642 3274 763 3315 sunt
796 3267 918 3329 jura
954 3274 1290 3330 patronorum
1331 3268 1383 3316 in

277 3343 561 3402 clientes,
597 3341 698 3392 alia
728 3341 782 3391 in
805 3342 1058 3392 libertos:
1095 3357 1196 3391 non
1220 3344 1387 3392 omnis

307 3419 479 3469 cliens
513 3420 755 3485 libertus,
781 3420 946 3469 omnis
972 3427 1145 3469 tamen
1168 3410 1385 3471 libertus

316 3496 506 3545 cliens.
542 3496 674 3547 Rau.

341 3598 352 3605 «
387 3578 416 3620 5
451 3572 647 3633 Dignus
676 3588 743 3636 es,
774 3571 882 3636 εγω]
933 3574 1093 3623 Certe
1121 3573 1305 3637 dignus
1330 3588 1386 3623 es

312 3651 571 3712 integram
592 3650 725 3700 inire
745 3650 951 3701 laudem
968 3666 1035 3700 ex
1050 3651 1254 3715 integro
1271 3651 1385 3701 cive

313 3729 558 3778 Romano
583 3728 818 3790 pristinae
841 3743 949 3778 suoe
972 3729 1217 3792 dignitati
1234 3729 1387 3779 resti-

314 3814 460 3857 tuto.
536 3808 773 3872 Legend.
811 3809 896 3858 hic
934 3816 1114 3859 censet
1148 3810 1387 3874 Scaliger

311 3891 528 3936 tortm:
562 3900 683 3934 nam
707 3885 773 3935 de
789 3885 1093 3950 torquendis
1130 3901 1198 3936 ex
1234 3901 1385 3936 accu-

311 3962 521 4011 satione
554 3961 859 4012 libertorum
894 3970 984 4014 aut
1004 3978 1273 4013 servorum
1295 3964 1392 4013 doe

308 4040 472 4090 minis
507 4038 791 4103 intelligit3
830 4040 971 4104 quod
1005 4054 1163 4105 quum
1200 4042 1386 4090 liceret

314 4123 559 4179 tempore
592 4115 897 4178 Domitiani,
933 4117 1116 4166 Nerva
1152 4116 1400 4180 Impera·

309 4204 401 4245 tor
423 4194 653 4244 sustulit.
690 4193 946 4256 clientem]
970 4194 1151 4242 Civem
1171 4195 1386 4243 Roman.

382 4275 420 4319 6
459 4271 527 4320 Ut
549 4271 690 4323 liceat
711 4275 923 4330 tantum,
942 4268 1051 4332 ξω]
1072 4269 1387 4320 Scriverius:

313 4351 391 4401 Et
424 4347 590 4413 (liceat
624 4351 810 4396 tantum
823 4388 829 4396 .
843 4360 956 4396 vera
987 4343 1210 4409 probare)
1233 4351 1387 4410 potes.

2342 413 2517 479 1365

1451 571 1566 622 Hoc
1588 578 1669 622 est
1685 589 1706 620 :-
1735 570 1940 635 Dignus
1964 586 2019 620 es
2039 578 2097 621 ut
2119 571 2311 635 possis,
2298 588 2310 602 ·
2349 579 2405 622 et
2427 585 2537 638 pom

1449 657 1564 699 tes:
1602 650 1877 699 dummodo
1911 651 2066 699 liceat
2094 664 2185 699 seu
2209 652 2372 713 possit
2398 664 2515 715 pro-

1449 727 1573 777 bare
1595 728 1716 775 exul
1741 742 1793 775 se
1818 742 1932 775 esse
1955 732 2248 789 patronum.
2283 727 2412 778 Raa.

1515 805 1677 854 Eme.
1704 816 1877 854 xxxv.
1902 803 2168 858 Poe'triam
2192 802 2376 856 laudat
2396 803 2517 854 Sul·

1449 881 1798 944 pitiam,quae‚
1809 879 2039 928 Martiali
2056 880 2286 943 aequalis,
2307 880 2539 942 scripsit·

1449 958 1705 1010 Poemata
1724 958 1788 1007 de
1809 970 1980 1007 amore
1999 956 2295 1019 conjugum,
2313 964 2367 1005 et
2385 957 2535 1010 tem-2

1450 1035 1658 1099 poribus
1683 1033 1988 1094 Domitiani,
2021 1034 2223 1097 aliaque
2245 1033 2535 1098 nonnulla..
2598 1099 2601 1100 ⁷

1450 1112 1544 1159 Est
1575 1109 1713 1159 iufra
1743 1109 1808 1159 ad
1832 1110 2087 1159 Galenum
2110 1108 2341 1172 ejusdem
2364 1122 2516 1162 men-

1450 1187 1544 1237 tio.
1580 1189 1705 1238 Rau.

1516 1270 1542 1314 1
1582 1265 1855 1327 Sulpiciam,
1892 1263 1996 1328 δῖα]
2042 1262 2330 1325 Poetriam,
2368 1262 2514 1311 Mar-

1450 1341 1563 1389 tiali
1601 1357 1864 1391 coaevam:
1902 1342 2050 1405 cujus
2088 1339 2327 1392 meminit
2365 1339 2518 1389 Sido-

1449 1416 1566 1466 nius
1590 1417 1764 1467 Carm.
1784 1422 1834 1468 9.

1514 1498 1544 1541 5
1571 1494 1681 1542 Non
1697 1493 1819 1555 hoec]
1840 1494 1961 1544 Non
1979 1492 2162 1544 scribit
2176 1492 2381 1543 insanos
2401 1491 2519 1542 Me·
2590 1519 2593 1522 2
2670 1489 2671 1492 ’

1451 1572 1564 1622 deae
1589 1588 1812 1622 amores:
1840 1573 1923 1621 vel
1946 1587 2047 1622 non
2072 1581 2289 1623 excusat
2308 1573 2516 1622 Medeae

1449 1653 1678 1700 scelera:
1702 1651 1986 1701 sicJuven.
2021 1653 2036 1679 ‘
2056 1652 2317 1700 Peritnroe
2342 1651 2514 1714 ignos-

1451 1728 1528 1776 cit
1562 1728 1739 1788 Elim,
1742 1727 1756 1749 '
1786 1730 1954 1793 Satyr.
1979 1733 2026 1778 6.
2060 1743 2196 1778 vers.
2219 1731 2334 1777 436.
2404 1727 2513 1775 Col-

1450 1806 1627 1865 chidos,
1643 1808 1721 1868 &a
1722 1806 1745 1870 ]
1759 1807 1893 1856 Vide
1912 1809 1966 1856 M
1972 1806 2241 1870 ythologos
2258 1812 2314 1854 et
2331 1804 2517 1866 Epigr.

1453 1898 1628 1946 supra.
2562 1929 2569 1939 ,

1518 1964 1547 2007 7
1574 1961 1678 2009 Nec
1686 1960 1847 2021 sume
1861 1919 2036 2023 credit]
2060 1960 2175 2009 Nec
2199 1958 2311 2023 ipsa
2329 1957 2522 2021 credit,

1453 2050 1553 2085 nec
1576 2038 1688 2086 aliis
1710 2039 1998 2087 credendas
2021 2037 2215 2102 ingerit
2233 2038 2326 2085 has
2349 2035 2460 2085 fab.

1519 2118 1571 2162 8·
1587 2116 1770 2178 Custos,
1788 2115 1893 2179 ξω]
1918 2116 2000 2165 De
2022 2129 2194 2164 amore
2218 2113 2521 2176 conjugum.

1521 2195 1581 2246 11
1606 2193 1804 2242 Nullam
1824 2192 2111 2256 nequiorem]
2135 2191 2192 2241 Si
2213 2203 2382 2240 mores
2404 2190 2523 2239 Sul·

1454 2268 1600 2330 pitiae
1635 2277 1861 2333 spectes,
1896 2270 2088 2318 nullam
2112 2268 2255 2318 dices
2281 2265 2539 2330 pudicio·T

1455 2358 1596 2393 rem:
1631 2347 1673 2393 si
1713 2360 1912 2407 versus,
1953 2346 2145 2393 nullam
2189 2343 2521 2406 nequiorem;

1455 2422 1667 2484 scripsit
1691 2422 1828 2473 enim
1854 2436 2077 2481 amores,
2100 2421 2189 2470 sed
2224 2419 2520 2483 conjugum.

1537 2498 1599 2550 13
1638 2503 1830 2564 Egeria
1852 2503 1989 2563 jocos
2012 2499 2190 2563 fuisse]
2240 2498 2523 2563 Nymphae,

1455 2578 1605 2641 cujus
1636 2580 1893 2643 colloquio
1931 2585 1986 2627 et
2020 2577 2274 2627 institutis
2297 2590 2353 2624 se
2376 2588 2523 2623 usum

1454 2654 1608 2704 finxit
1633 2656 1824 2717 Numa,
1847 2671 1937 2705 rex
1962 2655 2116 2704 Rom.
2140 2668 2202 2702 ιι.
2258 2652 2397 2701 Vide
2420 2652 2522 2714 Ep.

1455 2735 1538 2780 47.
1565 2732 1654 2781 lib.
1678 2737 1727 2780 6.
1753 2747 1886 2781 verS.
1911 2737 1962 2782 3.
2532 2767 2540 2777 ·

1536 2813 1596 2856 14
1642 2808 1770 2871 Udo]
1819 2807 2051 2871 Aricino,
2088 2806 2322 2857 fontibus
2362 2812 2522 2870 atque

1454 2885 1848 2949 aquaeductibus
1866 2885 2124 2948 madenti;
2145 2884 2262 2934 vide
2280 2883 2524 2935 Juvenal.

1457 2963 1633 3025 Satyr.
1660 2967 1708 3013 3.
1732 2978 1868 3013 vers.
1888 2967 1970 3013 11.

1525 3044 1585 3088 15
1611 3040 1722 3089 Hac
1740 3040 2070 3103 condiscipula,
2092 3036 2198 3103 gc]
2220 3037 2275 3088 Si
2298 3035 2527 3101 Sulpitia

1457 3133 1553 3166 usa
1572 3116 1757 3168 fuisses
1780 3119 2029 3181 magistra
2045 3116 2127 3165 vel
2149 3113 2528 3177 condiscipula,

1458 3210 1489 3244 o
1509 3195 1740 3259 Sappho.
2542 3238 2545 3243 .

1526 3276 1589 3321 16
1623 3269 1834 3334 Sappho]
1869 3268 2107 3331 Poetria,
2142 3266 2413 3318 celebrata
2434 3263 2526 3312 de·

1459 3350 1595 3400 cima
1616 3349 1789 3397 Musa.

1527 3431 1590 3475 18
1629 3427 1797 3474 Durus
1833 3422 2112 3486 Stdpict'am,
2144 3421 2252 3486 ξω]
2295 3420 2399 3473 Qui
2438 3433 2527 3470 ne·
2549 3462 2551 3464 .

1459 3502 1627 3566 glexit
1647 3501 2066 3564 contempsitque
2102 3500 2231 3549 alias
2264 3498 2528 3558 mulieres,

1461 3579 1529 3628 ad
1572 3591 1772 3627 amores
1810 3575 1990 3639 durus,
2027 3576 2310 3640 Sulpiciam
2350 3582 2543 3642 tamen*

1460 3670 1608 3721 aeque
1631 3660 1722 3707 aut
1746 3653 1924 3717 potius
1950 3658 2545 3703 amaret..

1528 3736 1590 3780 19
1609 3729 1834 3792 Frustra]
1849 3728 2106 3778 Heraldus
2124 3731 2244 3790 post
2265 3725 2282 3752 ‘
2301 3720 2529 3773 Frustra’

1461 3814 1716 3873 punctum
1751 3807 1918 3870 ponit,
1949 3806 2047 3854 hoc
2087 3817 2278 3854 sensu.
2316 3801 2530 3848 Frustra

1462 3900 1580 3935 eam
1614 3888 1812 3934 amaret
1846 3881 2029 3930 Phaon
2064 3879 2247 3947 durus,
2279 3883 2335 3925 et
2372 3889 2528 3938 quem

1462 3961 1672 4024 Sappho
1715 3958 1814 4008 sibi
1857 3955 2135 4006 conciliare
2181 3948 2283 4001 non
2335 3950 2547 4013 potuit„

1463 4039 1698 4098 Frustra,
1716 4035 1946 4098 inquam,
1959 4031 2083 4096 quia
2097 4030 2346 4079 Calenum
2364 4028 2529 4077 virum

1463 4129 1633 4174 suum,
1673 4126 1773 4161 nec
1814 4110 1982 4172 Jovis,
2024 4123 2123 4158 nec
2165 4106 2378 4168 Bacchi,
2431 4120 2531 4156 nec

1463 4190 1721 4254 Apollinis
1739 4187 1994 4238 connubio
2012 4192 2105 4236 aut
2123 4185 2372 4235 societate
2392 4198 2532 4232 com·

1464 4276 1667 4317 mutare
1689 4267 1871 4325 velle-t.
1938 4264 2172 4327 Namque,
2197 4261 2305 4324 δῖα]
2342 4263 2530 4325 Neque

1464 4344 1600 4396 enim
1628 4342 1844 4406 Bacchi,
1871 4339 2148 4406 Apollinis,
2180 4338 2408 4403 ipsiusve
2438 4335 2544 4397 Jog
