2985 4937
625 436 704 485 M.
753 434 921 483 vAL.
968 430 1392 483 MAR'mAms
1448 409 1692 481 amca.
1742 430 1891 480 mn.
1942 431 2100 479 x1v.

276 588 380 632 tum
406 575 776 645 intercipiant.
835 574 1172 628 ‘Calculorum
1206 581 1331 639 er‘go

274 665 328 709 et
349 658 758 708 latrunculorum
793 654 942 704 ludus
965 654 1102 704 idem
1125 652 1333 703 omnino

274 734 406 785 fuitz
459 748 579 784 nam
615 739 671 782 et
709 732 996 782 latrunculi.
1018 731 1214 782 calculi
1255 729 1333 780 di-

274 811 537 863 cebantur.
616 809 776 860 Ovid.
836 809 1022 872 ‘Saepe
1074 806 1338 857 latrocinii

274 889 368 938 sub
419 888 646 952 imagine
700 887 930 936 calculus
984 885 1131 937 ibit.’
1219 885 1334 934 Gal-

273 966 377 1017 culi
416 978 544 1028 ergo
576 972 633 1013 et
665 963 892 1013 latrones
915 962 1091 1013 iidem.
1155 960 1331 1011 Graeci

271 1041 589 1092 recentiores
625 1039 862 1105 ζωτρίκιον
903 1040 1038 1089 hunc
1075 1039 1331 1087 latronum

270 1117 449 1169 ludum
475 1125 725 1167 vocarunt
741 1132 758 1167 ι
794 1116 917 1182 quia
936 1122 1102 1166 totum
1120 1112 1335 1164 Zatricii

274 1201 365 1243 aut
403 1194 662 1243 latronum
695 1192 806 1243 ludi
840 1192 1106 1257 negotium
1141 1191 1333 1242 bellum

272 1277 406 1334 erat,
427 1272 510 1319 vel
535 1270 655 1319 belli
689 1268 1047 1319 simulacrum:
1081 1267 1203 1317 hinc
1227 1266 1331 1316 cal-

271 1348 372 1397 culi
395 1348 518 1412 ipsi,
549 1346 733 1412 quibus
771 1346 1065 1408 ludebatur,
1101 1350 1156 1395 et
1178 1345 1333 1393 latro·

271 1438 363 1474 nes
384 1431 441 1473 et
462 1424 651 1473 milites
665 1424 992 1474 dicebantur.
1058 1420 1226 1471 Poe'ta
1246 1434 1334 1470 ve-

274 1508 392 1551 tus:
456 1502 472 1529 ⁴
504 1502 576 1550 Et
606 1500 775 1550 vitreo
812 1505 1129 1564 peraguntur
1170 1496 1333 1565 milite

269 1575 445 1627 bella.'
472 1576 677 1625 Salmas.

335 1656 368 1702 2
406 1653 676 1715 Gemmeus,
712 1653 819 1717 ξω]
866 1655 911 1703 Ε
935 1653 1071 1702 vitro
1092 1650 1334 1702 discolori

271 1727 402 1779 facti
439 1730 784 1780 latrunculiz.
819 1737 878 1780 ut
936 1729 1201 1793 Epigram.
1251 1733 1337 1778 72.

267 1805 432 1868 liba.
455 1821 593 1857 vers.
616 1811 665 1856 8.
700 1821 918 1873 quorum
956 1806 1043 1856 alii
1080 1813 1335 1872 grassato-

267 1896 371 1946 res,
393 1883 723 1933 insidiatores
748 1884 853 1934 alii.

286 1989 297 1998 ·
338 1960 505 2010 Eme.
524 1974 648 2010 ιιι.
674 1965 702 2010 l
726 1962 898 2026 Ferro]
919 1960 1185 2026 Graphiis,
1201 1958 1335 2009 stilis

271 2034 474 2097 ferreis,
510 2036 696 2102 quibus
734 2037 784 2087 iu
823 2037 1013 2088 tabulis
1034 2035 1227 2086 ceratis
1247 2049 1335 2084 ex·

273 2111 538 2164 arabatnr.

287 2190 500 2239 ..Eme
521 2203 666 2240 xxu.
689 2194 727 2239 A
751 2190 1021 2240 Levaiscum
1036 2152 1336 2254 melinas-a]

272 2268 463 2332 Cuspis
483 2283 512 2317 e
537 2268 773 2320 lentisco.

281 2346 497 2398 ..Eme
513 2358 677 2396 xxm.
702 2351 729 2395 1
764 2344 1011 2395 Vermiaat
1022 2343 1175 2407 auris]
1205 2343 1336 2392 Pr·u

269 2422 359 2486 rit,
389 2430 627 2473 vexatur.

289 2505 367 2550 2
411 2499 739 2565 Libidinilms]
793 2499 1121 2562 Titillationi,
1170 2470 1335 2562 pruri-

271 2575 399 2641 gini.

285 2654 502 2703 *Eme
549 2667 705 2705 xxrv.
762 2659 788 2704 1
821 2654 1021 2715 Τεκνία,
1062 2651 1170 2715 esa]
1215 2650 1338 2712 Alii,

272 2728 557 2794 Splendida.
626 2731 699 2781 Ut
738 2729 797 2779 τὸ
828 2733 843 2760 ‘
867 2726 1204 2794 bombycina’
1241 2741 1337 2791 pro

267 2805 385 2868 ipso
426 2807 632 2855 nomine
673 2815 931 2871 ponatur;
980 2804 1198 2854 materia
1243 2816 1337 2867 pro

266 2879 455 2934 forma.
522 2883 604 2932 Ne
621 2883 776 2947 igitur
791 2884 1010 2933 reticula
1033 2879 1339 2944 bombycina

266 2963 325 3007 et
346 2958 564 3009 subtilia
601 2968 657 3010 et
698 2960 876 3010 tenuia
907 2960 1105 3019 violent
1143 2956 1337 3007 madidi

267 3035 466 3100 capilli.
532 3038 663 3086 Erat
692 3038 827 3086 enim
861 3037 913 3086 iu
945 3034 1199 3098 reticuli8‚
1230 3033 1334 3084 fas·

264 3112 379 3176 dia,
405 3114 657 3180 vittisque
679 3117 831 3166 luxus
851 3115 1053 3179 ingens.

321 3194 369 3253 <2
403 3190 558 3253 Figat
586 3191 718 3256 acus]
753 3193 867 3245 Ista
906 3207 1003 3242 acu
1039 3205 1214 3240 omnes
1249 3204 1337 3238 an·

265 3267 396 3327 nuli„
418 3283 678 3319 comarum
711 3270 763 3319 in
799 3268 977 3333 capite
1004 3268 1116 3332 jam
1153 3272 1337 3317 ornato

265 3342 360 3392 fixi
384 3345 801 3408 continebantur,
821 3361 888 3396 ne
910 3343 1136 3395 fluerent
1152 3344 1338 3395 laxius.

268 3419 424 3477 Idem
458 3422 750 3481 Martialis:
784 3423 801 3452 ‘
819 3424 964 3474 Unus
986 3424 1053 3473 de
1082 3429 1195 3474 toto
1217 3416 1338 3487 pec·

268 3504 485 3549 caverat
521 3501 650 3565 orbe
678 3515 938 3552 comarum
974 3502 1230 3566 Annulus,
1259 3502 1338 3550 in·

270 3580 417 3624 serta
458 3590 562 3625 non
609 3576 745 3633 bene
788 3577 922 3629 fixus
964 3593 1079 3629 acu.
1084 3577 1098 3599 '
1135 3579 1338 3631 Salmas.

271 3651 426 3714 Figat
458 3667 570 3703 acas
599 3655 774 3719 tortas]
826 3655 1104 3719 Gruterus,
1132 3670 1248 3706 cum
1285 3653 1339 3717 in

268 3729 380 3783 Ma.
404 3730 682 3795 reperisset
715 3736 906 3795 spartus
924 3730 1047 3798 (nec
1070 3732 1223 3780 aliter
1244 3745 1337 3780 nos

269 3805 326 3862 in
345 3804 533 3856 Arond
537 3805 578 3874 .)
597 3807 823 3873 conjecit
844 3822 1049 3872 sparsas.
1088 3807 1191 3858 Sed
1215 3821 1340 3873 quo·

278 3882 437 3933 modo
454 3883 686 3948 figuntur
702 3885 911 3952 sparsoe?
947 3886 1053 3936 Hic
1076 3887 1337 3950 explican-

277 3959 403 4010 dum
428 3968 574 4026 erat·
561 3997 575 4011 .
609 3976 747 4026 nam,
778 3963 868 4028 qui
898 3962 997 4013 boc
1027 3976 1217 4026 capere
1235 3977 1336 4012 non

280 4043 550 4101 poterant,
572 4038 912 4102 subjecerunt
932 4044 1100 4089 tortas.
1130 4039 1339 4089 Dicam.

274 4115 470 4179 Spmoe
490 4114 576 4164 hic
597 4129 697 4163 nou
714 4123 835 4164 sunt
854 4113 1006 4178 fusce,
1020 4115 1112 4165 sed
1132 4116 1341 4179 adsper-

272 4206 341 4240 sae
361 4198 657 4255 unguento:
692 4205 793 4241 nec
826 4207 1002 4256 sparsoe
1036 4191 1340 4242 comoaliua

276 4281 427 4332 quam
462 4267 688 4317 ‘madidi
717 4269 919 4317 crines’
940 4269 991 4318 in
1016 4270 1339 4334 praecedenti

303 4378 304 4381 =
378 4349 563 4413 Delph.
585 4355 631 4399 et
664 4349 781 4401 Var.
808 4351 952 4401 Clas..

1260 4352 1487 4405 Martial.

2293 416 2463 494 1441
2560 397 2565 402 ’

1407 577 1580 636 v'ersu,
1610 581 1762 639 qnam
1792 573 1809 602 ‘
1825 573 2461 646 madidaecom'ae’Epigr.

1407 659 1489 703 50.
1553 654 1641 704 Sic
1662 661 1811 703 ‘saxa
1831 668 2076 720 spargere
2091 655 2250 715 tabo‚'
2274 664 2330 709 et
2348 660 2468 709 ‘hu-

1408 744 1522 779 mus
1534 744 1722 793 sparsa
1742 730 1939 780 coelesti
1950 745 2092 782 ..rore
2091 730 2108 754 ’
2142 732 2292 784 Gron.
2316 759 2321 762 -

1474 807 1638 859 Eme.
1661 821 1800 857 xxv.
1836 808 1997 859 Jocns
2034 808 2086 857 in
2116 809 2343 874 calvam,
2378 809 2464 860 cui

1408 881 1604 934 frustra
1642 884 1862 933 donatur
1886 891 2096 950 pecten,
2129 901 2305 956 quum,
2327 890 2460 983 qnod

1408 967 1607 1024 pectat,
1626 975 1729 1011 non
1745 961 1952 1013 habeat.

1471 1042 1504 1086 2
1537 1038 1712 1088 Baxas
1733 1054 1854 1104 qua,
1871 1042 1954 1103 ξε.
1957 1042 1979 1106 ]
2029 1041 2230 1092 Pecten
2250 1042 2466 1095 buxeus.

1474 1116 1638 1166 Eme.
1663 1130 1823 1168 xxv1.
1858 1122 1883 1167 l
1913 1119 2157 1183 Caustica]
2201 1121 2359 1185 Sapo,
2379 1137 2465 1172 cu·

1395 1192 1486 1257 jus
1506 1192 1584 1242 vis
1601 1194 1832 1243 caustica
1845 1194 2058 1259 capillos
2073 1197 2267 1251 ustulat
2284 1194 2463 1248 raffat·

1408 1284 1528 1334 que.
1618 1270 1891 1322 Teutonicos
1923 1273 2159 1337 accendit]
2191 1274 2469 1326 Germanis

1405 1343 1458 1393 in
1476 1360 1567 1395 usu
1585 1345 1668 1395 liic
1684 1362 1814 1410 sapo
1834 1347 1899 1397 ad
1914 1349 2127 1413 capillos
2144 1350 2464 1409 rutilandos3

1408 1420 1607 1471 Plinius
1629 1423 1715 1473 lib.
1739 1428 1822 1475 28.
1843 1439 1957 1490 cap.
1980 1430 2060 1476 12.
2125 1425 2301 1490 Spuma
2314 1428 2468 1492 ,capil-

1408 1498 1499 1562 los]
1554 1500 1929 1552 Germanorum
1964 1503 2186 1563 scilicet,
2209 1503 2297 1569 qui
2330 1503 2468 1554 flava

1408 1576 1618 1625 caesarie
1659 1577 1878 1641 pulchri.
1902 1601 1907 1608 ¹
1963 1579 2122 1631 Quasi
2170 1580 2312 1630 dicat
2336 1596 2349 1629 z
2407 1580 2467 1631 Si

1409 1654 1639 1704 caustica
1676 1660 1845 1717 utare,
1879 1654 2143 1719 superabis
2181 1656 2471 1708 Germano-

1408 1745 1522 1782 rum
1544 1732 1826 1781 caesariem.

1473 1809 1639 1858 Eme.
1670 1822 1851 1858 xxvu.
1872 1799 1913 1858 '1
1939 1809 2152 1874 Mutare,
2188 1809 2297 1875 ξω]
2346 1810 2465 1864 'rin-

1410 1898 1554 1950 gere.
1589 1885 1815 1935 Turneb.
1836 1884 1927 1936 lib.
1947 1890 1996 1936 9.
2014 1901 2131 1950 cap.
2154 1890 2236 1937 28.

1471 1964 1504 2010 2
1537 1959 1826 2023 Mattiacas]
1855 1961 2162 2011 Trocbiscos
2195 1977 2225 2012 e
2255 1975 2471 2027 sapone,

1408 2043 1467 2088 nt
1488 2039 1880 2102 Epigrammate
1903 2038 2243 2102 praecedenti,
2263 2054 2294 2088 a
2324 2039 2466 2089 Mat-

1408 2115 1568 2177 tiaco,
1591 2129 1712 2178 opp.
1747 2114 2038 2165 Germaniae
2058 2131 2073 2176 ς
2094 2116 2294 2166 Badra.
2360 2117 2465 2173 Quo

1407 2190 1500 2240 tibi
1518 2189 1676 2253 calva]
1714 2190 1828 2239 Nou
1865 2191 2050 2254 majori
2073 2191 2170 2242 tibi
2193 2193 2307 2243 usui
2328 2192 2469 2244 futu·

1407 2281 1514 2330 ras,
1545 2281 1696 2332 quam
1735 2266 2032 2330 pectinemt
2083 2268 2346 2333 Epigram.
2384 2275 2465 2322 25.

1407 2359 1581 2408 supra.

1474 2422 1638 2473 Erm-
1680 2435 1889 2473 xxvm.
1923 2428 1949 2473 1
1977 2425 2101 2481 Qaae
2131 2425 2318 2489 nimios,
2356 2425 2466 2490 ξω]

1409 2501 1561 2563 Quae,
1603 2500 1770 2550 sicubi
1816 2501 2031 2564 publica
2074 2501 2369 2552 defecerint
2412 2503 2467 2552 in

1411 2576 1632 2626 theatris
1666 2578 1803 2639 vela,
1828 2579 1996 2627 ventis
2018 2579 2272 2643 revoluta,
2307 2584 2367 2628 ut
2385 2593 2464 2628 se-

1410 2661 1589 2718 quent.
1613 2654 1794 2717 Epigr.
1814 2655 2016 2717 privata
2037 2663 2250 2706 arceant
2281 2655 2466 2705 nimios

1411 2730 1532 2780 solis
1554 2731 1786 2792 ardores,
1809 2732 2050 2797 ventique
2072 2733 2192 2785 vim.
2226 2732 2467 2783 Umbella

1410 2806 1553 2857 dicta
1573 2807 1639 2857 ab
1665 2808 1846 2857 umbra
1869 2824 2019 2872 quam
2056 2807 2216 2860 facit:
2262 2809 2466 2860 Graecis

1408 2881 1640 2934 σκιάδιονι
1675 2883 1900 2935 foeminis
1943 2886 2098 2937 hodie
2132 2886 2467 2937 nobilioribus

1408 2961 1625 3023 usitata,
1642 2960 1882 3026 frequens
1905 2962 1958 3011 in
1976 2963 2160 3013 Italia:
2195 2970 2357 3028 caput
2380 2968 2475 3013 vee'

1409 3039 1489 3088 lut
1511 3039 1694 3107 coelum
1717 3039 1971 3103 quoddam
1999 3041 2149 3104 tegit.

1477 3117 1641 3166 Eric.
1679 3130 1843 3167 xxix.
1882 3117 2080 3182 Causia]
2114 3116 2239 3182 Alii,
2281 3118 2466 3168 Gausa-

1404 3207 1487 3257 pa.
1553 3192 1687 3243 Pilei
1706 3193 2000 3244 Thessalici⁴
2018 3202 2200 3245 contra
2221 3195 2402 3246 solem.

1477 3274 1503 3318 1
1534 3271 1718 3334 Tecta]
1736 3271 1842 3320 Pro
1854 3276 2008 3320 tectas
2023 3272 2282 3322 Gruterus
2294 3286 2325 3321 e
2340 3273 2469 3322 Mss.

1409 3345 1539 3410 legit
1560 3351 1736 3396 tecam:
1769 3355 1825 3396 et
1846 3348 2106 3410 observat,
2124 3363 2218 3413 pro
2245 3363 2308 3398 eo
2330 3348 2467 3414 quod

1408 3423 1674 3488 habemus,
1698 3425 1829 3474 Nam
1857 3431 2040 3488 veum,
2068 3426 2119 3475 in
2143 3432 2256 3490 opt.
2286 3426 2468 3479 codice

1411 3515 1527 3550 esse
1565 3503 1844 3551 Mandatus.
1906 3503 1987 3563 Ex
2029 3517 2131 3567 quo
2168 3503 2469 3564 Salmasius,

1410 3578 1682 3628 Mantatus.
1714 3579 1879 3628 Posse
1918 3585 2092 3628 tamen
2129 3586 2186 3629 et
2208 3580 2472 3629 Mandatus

1410 3654 1657 3704 retineri:
1695 3670 1813 3705 nam
1867 3655 2166 3706 ‘mandam'
2207 3662 2265 3705 et
2297 3657 2469 3704 ‘mau-

1411 3736 1523 3780 tum
1545 3730 1561 3754 ⁹
1595 3730 1854 3781 dicebant.
1921 3733 2044 3794 Qui,
2068 3730 2250 3795 inquit,
2272 3735 2470 3779 mauta-

1412 3815 1498 3858 tus
1524 3814 1606 3859 est
1643 3807 1695 3857 in
1727 3809 2045 3872 Pompeiano
2084 3809 2312 3870 theatro,
2351 3806 2471 3855 vela

1409 3885 1600 3949 populo
1620 3886 1752 3936 solet
1787 3900 2000 3949 negare,
2021 3885 2208 3950 quibus
2230 3885 2342 3949 ipse
2364 3897 2468 3933 uon

1407 3961 1643 4025 indiget:
1674 3974 1812 4024 nam,
1846 3960 1937 4026 qui
1977 3971 2155 4010 manto
2174 3969 2344 4010 tectus
2368 3969 2470 4026 est,
2534 3965 2541 3969 ’

1411 4052 1561 4102 aequo
1584 4036 1754 4086 animo
1770 4036 2014 4086 fertxela
2049 4039 2468 4102 negata’populo.

1407 4113 1542 4164 Vela
1564 4122 1736 4163 autem
1774 4121 1959 4178 negata
1992 4114 2328 4179 dicebantur,
2352 4131 2468 4181 qnae

1410 4193 1616 4242 theatro
1669 4206 1770 4241 non
1824 4192 2234 4262 intenderentur.
2320 4196 2469 4245 Idem

1409 4269 1668 4319 Martialis
1705 4270 1807 4322 alio
1828 4271 1965 4336 loco,
1997 4272 2088 4323 lib.
2112 4276 2160 4322 9.
2184 4272 2362 4338 Epigr.
2385 4276 2467 4331 39.

2195 4358 2255 4407 ‚4
2292 4354 2339 4402 Y
2406 4383 2411 4389 -
