2985 4937
378 451 385 455 ·
432 410 607 476 1130
682 383 687 389 ’

432 582 555 619 num
590 568 775 619 solitus
814 568 985 619 medio
1024 582 1234 619 servare
1283 538 1531 618 minutal*

424 644 761 709 Septembri.’
793 646 1099 709 Spartianus
1120 647 1171 694 iu
1189 645 1317 694 Div.
1333 645 1499 697 Julia-

429 737 527 793 no:
548 729 564 751 ⁴
586 724 717 773 Nam
728 723 970 774 Julianus
989 729 1153 773 tantae
1168 722 1497 787 parsimonia

427 801 590 852 fuisse
612 802 933 866 perhibetur,
952 810 1010 852 ut
1024 818 1121 867 per
1136 802 1364 853 triduum
1384 816 1500 866 por·

425 878 638 942 cellum,
660 893 755 943 per
779 879 1009 929 triduum
1036 862 1266 942 leporem
1301 878 1499 927 divide-

426 954 547 1018 ret,’
563 958 666 1005 8ιο.
733 955 801 1005 Id
823 964 924 1017 est,
945 961 1005 1005 ut
1020 955 1173 1004 unica
1190 970 1371 1004 mensa
1388 962 1498 1004 tres

424 1046 564 1096 pene
599 1047 772 1082 coenas
816 1033 1136 1097 explicaret3
1178 1040 1238 1081 ut
1262 1031 1499 1097 loquitur

428 1109 707 1159 Martialis.

488 1191 524 1237 9
564 1185 835 1248 Veientani,
875 1185 980 1250 ξω]
1039 1186 1391 1236 Foeculentum
1420 1189 1498 1234 >et

422 1262 694 1313 turbidum
719 1263 895 1312 vinum
918 1276 950 1311 a
980 1261 1290 1325 Vejentibus
1313 1261 1367 1309 in
1390 1261 1497 1310 lta·

422 1339 515 1390 lia.

492 1420 557 1466 1⁰
584 1416 705 1466 Aue
729 1415 912 1480 Venus]
936 1415 1023 1466 Illi
1046 1414 1260 1480 plebeia
1280 1420 1497 1463 couten-

423 1502 517 1545 to:
553 1494 588 1542 1.
623 1498 675 1543 2.
715 1494 880 1557 epigr.
901 1497 985 1543 68.
1023 1493 1114 1542 ‘Si
1162 1492 1370 1557 plebeia
1391 1493 1495 1542 Ve-

419 1569 748 1634 nusgemino
773 1570 870 1619 tibi
888 1570 1112 1620 vincitur
1129 1568 1281 1620 asse!

489 1650 547 1696 ll
584 1647 646 1696 [a
674 1647 780 1712 Jas]
830 1648 874 1696 E
915 1645 1140 1696 formula
1183 1645 1406 1699 vocandi
1439 1646 1498 1696 in

410 1723 521 1788 jus.
588 1724 769 1774 Fallax
821 1722 985 1787 atque]
1049 1722 1155 1775 Qui
1198 1723 1388 1773 vovisti
1438 1729 1492 1773 te

419 1802 564 1851 laute
586 1802 842 1851 victurum
889 1803 956 1863 si,
977 1805 1081 1851 &m
1118 1800 1390 1866 Inficioetor,
1413 1815 1492 1850 ea·

415 1879 544 1944 nus]
577 1879 684 1931 Qui
705 1879 916 1948 sordide
936 1877 1164 1928 vivendo
1182 1892 1285 1927 non
1309 1889 1492 1940 agnos-

414 1958 495 2007 cit
517 1971 573 2005 se
597 1971 664 2006 ex
681 1963 803 2006 voto
819 1956 1088 2021 accepisse
1107 1955 1245 2019 quod
1264 1955 1491 2020 accepit.

414 2033 666 2099 Inficialor
708 2046 835 2097 ergo
873 2031 1088 2094 dicitur,
1108 2033 1199 2096 qui
1221 2046 1407 2096 reapse
1437 2037 1495 2081 ct

350 2146 353 2149 ¹
411 2122 577 2173 opere
598 2115 755 2171 negat
777 2122 835 2158 se
856 2107 982 2172 quid
1000 2114 1338 2158 consecutum
1361 2121 1497 2161 esse·

483 2190 546 2235 12
588 2186 725 2249 Vive,
745 2185 852 2249 ξω]
891 2180 1079 2248 Laute,
1101 2183 1396 2248 genialiter.
1423 2186 1494 2234 vi·

418 2263 485 2312 de
521 2262 694 2327 epigr.
746 2266 828 2311 16.
868 2272 1027 2325 supra
1050 2276 1187 2312 vers.
1219 2266 1271 2311 4.
1326 2262 1498 2312 Redde

413 2338 560 2402 Deis]
592 2337 819 2392 Quando
857 2337 921 2388 iis
942 2351 1045 2388 non
1070 2338 1269 2388 uteris:
1302 2340 1406 2401 vel,
1433 2347 1497 2391 ut

390 2415 629 2482 ‘liberius
654 2415 815 2478 vivas,
832 2414 971 2482 quod
997 2416 1145 2480 prius
1168 2414 1362 2467 fecisti.

476 2496 645 2548 Erre.
666 2509 759 2545 cv.
796 2499 822 2545 l
850 2496 1014 2558 Picto,
1030 2496 1137 2561 ζα]
1172 2497 1495 2548 Pardienlm

410 2582 467 2625 et
479 2573 752 2639 pantheras
768 2574 1023 2636 variegati
1038 2582 1095 2623 et
1109 2574 1374 2624 maculosi.
1393 2574 1497 2624 De-

411 2652 703 2716 liccee‚s·c.]
739 2651 946 2715 Mollia,
988 2665 1279 2715 purpurea,
1305 2651 1497 2716 serica,

420 2738 481 2784 ut
498 2743 624 2778 mox
650 2742 787 2777 vers.
808 2731 860 2778 8.
1366 2737 1375 2746 ·

475 2809 509 2854 2
561 2801 912 2867 Improbaeqae]
980 2803 1222 2866 Feroces,
1277 2803 1496 2869 rabidae,

412 2885 516 2947 vel,
536 2884 678 2949 quod
700 2883 896 2933 nemini
919 2884 1189 2947 probabile
1225 2889 1344 2934 erat
1379 2899 1496 2947 pas-

415 2976 561 3010 suras
585 2961 770 3024 tigres.
837 2959 1254 3025 Quicquidergo
1278 2959 1490 3011 nimium

413 3044 517 3099 est,
557 3045 613 3087 et
643 3037 858 3086 modum
895 3049 1234 3101 normamque
1259 3036 1490 3098 excedit,

409 3118 426 3146 ‘
440 3115 773 3180 improbum,'
799 3116 998 3167 Latinis
1019 3116 1240 3178 dicitur3
1265 3117 1340 3167 sic
1361 3118 1378 3146 ‘
1395 3117 1490 3167 im·

412 3195 609 3259 probus
625 3194 776 3244 labor
795 3193 810 3216 '
836 3193 1080 3257 Virgilio,
1099 3194 1492 3258 nimis-magnus

268 3341 273 3350 ι
314 3295 317 3298 ’
411 3271 1488 3336 etimmodicus38uetonius‘improbius

410 3354 619 3400 natum’
657 3349 918 3398 bominem
955 3347 1114 3411 dixit,
1138 3349 1228 3413 qui
1253 3363 1486 3413 procero

410 3434 630 3477 staturae
653 3426 755 3477 fuit
775 3433 828 3476 et
843 3426 1042 3491 justam
1059 3427 1394 3488 excedentis3
1411 3428 1488 3479 sie

408 3504 764 3568 ‘improbiora
806 3501 990 3567 labra,’
1031 3505 1186 3553 Velio
1220 3503 1489 3555 Gramma·

410 3582 538 3646 tieo,
582 3588 708 3632 sunt
741 3582 977 3632 enormia
1020 3588 1077 3632 et
1109 3584 1252 3632 ultra
1282 3582 1487 3645 justum

411 3659 623 3710 modum
640 3665 927 3723 prote-usu
962 3659 1037 3709 sic
1074 3658 1380 3723 ‘improbus
1399 3672 1487 3708 co-

409 3737 528 3800 lor,'
560 3751 655 3801 pro
679 3749 964 3802 purpureo,
987 3743 1174 3799 utpote
1193 3736 1284 3799 qui
1315 3737 1488 3787 excel·

406 3815 471 3865 lit
490 3821 548 3868 et
569 3815 784 3878 eminet,
802 3820 858 3865 et
876 3825 1034 3880 super
1057 3821 1282 3865 caeteros
1307 3829 1486 3866 omues

411 3894 612 3944 colores
661 3893 867 3944 vividus
904 3900 960 3942 et
999 3891 1229 3956 fulgens,
1253 3898 1310 3942 et
1340 3893 1485 3957 quasi

409 3970 667 4036 superbus
691 3976 747 4020 et
779 3977 999 4020 caeteros
1034 3968 1238 4017 colores
1266 3967 1406 4018 infra
1426 3984 1485 4020 se

408 4049 610 4112 positos
656 4059 1019 4113 pregravans3
1085 4046 1161 4095 sic
1217 4047 1484 4112 ‘improba

408 4126 640 4190 tegmina
678 4124 904 4189 pedum,'
934 4124 1143 4174 Valerio
1184 4125 1395 4190 Flacco,
1414 4126 1484 4176 de

411 4205 602 4255 calceis
626 4203 923 4268 purpureis.
964 4204 1108 4253 Hinc
1133 4204 1333 4268 conjice
1358 4205 1486 4269 quid

409 4297 508 4347 per
544 4282 845 4346 ‘improbas
888 4282 1079 4346 tigres'
1111 4283 1388 4348 intelligat,
1407 4281 1482 4332 fe-

410 4360 568 4411 ritate
592 4374 670 4410 sc.
688 4366 743 4413 et
766 4360 969 4411 saevitia
989 4360 1329 4413 excellentes.
1371 4361 1482 4412 Sal·

1129 422 1343 473 No'rAE
1391 420 1798 473 vammum
1847 422 1929 472 IN

1575 569 1768 619 mosim.
1814 568 2161 634 Ion-probeque]
2193 569 2412 619 Verum·
2432 566 2635 632 quidem

1575 644 1672 709 est,
1694 646 1982 710 improbum
2007 662 2102 711 pro
2120 646 2414 709 immodico,
2428 654 2482 694 et
2498 660 2637 709 mag,

1574 736 1641 773 no
1663 723 1797 774 diei:
1835 731 2010 773 tamen
2055 730 2069 753 ⁶
2091 723 2312 788 improbi
2355 722 2541 779 coloris
2566 723 2638 771 la·

1573 805 1785 859 cernas’
1819 801 1959 864 apud
1997 802 2250 851 Senemm
2284 801 2509 866 accipio,
2536 812 2636 849 nou

1574 877 1824 940 purpurei
1867 877 2043 940 modo,
2084 878 2179 928 sed
2211 879 2352 929 inter
2385 891 2639 942 purpuras

1574 953 1749 1002 eximii
1787 954 1975 1017 saturi,
2013 957 2337 1021 multumque
2372 955 2565 1007 diversi
2607 968 2640 1004 a

1574 1029 1780 1095 plebeja
1829 1044 2074 1095 purpura.
2152 1031 2258 1081 Sed
2314 1046 2470 1096 quum
2523 1031 2638 1081 Val.

1573 1106 1750 1156 Flacc.
1791 1107 1880 1159 lib.
1898 1112 1952 1158 6.
1982 1108 2142 1159 dicitt
2206 1108 2489 1173 ‘Improba
2523 1108 2638 1157 bar-

1573 1183 1765 1236 baricae
1787 1192 2108 1248 procurrunt
2142 1186 2378 1249 tegmina
2409 1183 2639 1250 plant‘oe,⁰

1571 1260 1698 1309 nihil
1722 1262 1866 1312 aliud
1905 1262 2115 1312 videtur
2136 1263 2334 1324 dicere,
2353 1277 2508 1326 qnam
2533 1275 2641 1310 mo·

1571 1337 1693 1386 dum
1737 1339 1927 1401 pedum
1963 1340 2117 1404 louge
2151 1339 2490 1390 excedentia.
2555 1337 2640 1387 Sic

1570 1416 1695 1466 alibi
1712 1416 1861 1481 dicit,
1881 1418 2154 1481 ‘improba
2169 1418 2327 1482 arva‚'
2346 1415 2638 1471 invidenda
2739 1435 2746 1447 =

1569 1489 1862 1542 fertilitatis
1883 1500 1937 1544 et
1956 1495 2091 1549 caeli.
2145 1494 2232 1543 Sic
2255 1493 2397 1557 apud
2422 1493 2639 1558 sueton»

1568 1567 1584 1594 ‘
1601 1568 1900 1633 Improbius
1917 1570 2107 1633 natus,’
2139 1576 2220 1621 est
2237 1571 2390 1620 homo
2406 1571 2422 1598 ‘
2438 1571 2643 1632 Impro-

1568 1643 1651 1694 boe
1680 1645 1922 1707 uutu1m3²
1946 1653 2003 1695 ut
2017 1637 2439 1697 tamennatur'am
2453 1644 2642 1710 accipi·

1570 1735 1628 1771 es
1639 1736 1740 1771 non
1760 1737 1858 1786 pro
1873 1724 2204 1785 natumsed
2223 1730 2281 1772 ut
2300 1726 2351 1777 in
2365 1722 2641 1787 Priapei03

1569 1801 1585 1827 ⁸
1606 1800 1811 1849 Natura
1832 1806 1916 1850 est
1938 1800 2181 1864 quoniam
2220 1814 2429 1864 semper
2457 1806 2642 1864 aperta

1568 1876 1691 1925 mibi
1714 1875 1748 1938 ς’
1766 1883 1823 1927 ut
1845 1876 1984 1941 apud
2003 1877 2196 1926 Minut.
2220 1877 2383 1928 Felic.
2415 1878 2432 1905 ‘
2456 1890 2640 1941 paren·

1571 1952 1641 2003 tis
1663 1953 1742 2005 sui
1765 1951 1983 2003 adorare
1999 1953 2279 2011 naturam?
2348 1954 2469 2005 Hoc
2488 1961 2568 2004 est
2585 1953 2645 2003 il·

1570 2033 1661 2082 lud
1684 2032 1983 2095 δολιχόσκιον
2012 2029 2177 2094 ἔγχος.
2197 2033 2414 2082 Gronov.
2453 2028 2642 2093 Tigres]

1571 2110 1710 2161 Vide
1731 2125 1821 2175 ep.
1843 2114 1920 2162 18.
1939 2110 2028 2160 lib.
2056 2117 2227 2174 spect.

1638 2192 1672 2238 3
1705 2188 1981 2250 Indulgent,
1999 2187 2108 2250 ξω]
2143 2187 2431 2238 Patiuntur
2460 2183 2639 2250 flagra.

1572 2266 1893 2317 Ramiresius
1926 2265 2003 2316 sic
2037 2266 2176 2315 bunc
2220 2266 2389 2315 locum
2412 2263 2640 2328 accipitz

1570 2345 1586 2371 ‘
1606 2340 1921 2406 Indulgere,’
1943 2342 2093 2403 dicit,
2115 2349 2196 2392 est
2216 2342 2342 2393 dare
2363 2344 2451 2393 vel
2469 2341 2641 2398 facere

1572 2420 1766 2487 aliquid
1785 2429 1875 2471 tua
1896 2421 2189 2483 voluntate,
2221 2420 2360 2487 quod
2399 2421 2529 2474 alias
2549 2433 2641 2485 po·

1573 2506 1714 2548 teras
1735 2511 1927 2562 negare
1963 2498 2008 2547 si
2048 2498 2224 2549 velles.
2266 2499 2353 2550 Sic
2374 2499 2456 2549 11ae
2480 2498 2640 2561 tigres

1574 2591 1732 2643 quum
1758 2582 1976 2641 possent
2012 2576 2068 2625 in
2098 2575 2455 2642 flagellatores
2475 2575 2641 2626 insur-

1573 2666 1700 2719 gere
1721 2662 1781 2705 et
1801 2652 2008 2718 flagella
2038 2669 2144 2704 non
2186 2655 2296 2718 pati
2313 2670 2429 2714 ,sua
2462 2653 2639 2721 voluu-

1570 2740 1684 2783 tate
1722 2740 1781 2783 et
1823 2734 2124 2783 reverentia
2146 2732 2433 2783 Caesariani
2459 2725 2641 2781 Numi·

1570 2808 1672 2871 nis,
1693 2823 1807 2858 eam
1843 2808 2153 2872 patientiam
2188 2808 2530 2872 indulgebant
2550 2800 2640 2852 ssa·

1569 2886 1727 2949 gello,
1740 2885 1882 2950 quod
1895 2892 2076 2950 postea
2093 2884 2224 2936 dicit
2246 2883 2419 2936 Poeta
2435 2902 2450 2945 3
2473 2883 2490 2910 ‘
2507 2878 2638 2932 Quid

1567 2963 1873 3027 spectacula
1916 2977 2014 3012 non
2060 2969 2216 3026 putet
2240 2963 2477 3011 Deorum
2494 2956 2533 3007 Ρ
2566 2955 2638 3005 Et

1567 3039 1722 3104 paulo
1745 3046 1865 3103 post
1883 3055 1897 3091 ε
1935 3042 1950 3068 ‘
1965 3038 2100 3088 Haec
2121 3038 2403 3088 clementis
2425 3048 2528 3086 non
2548 3046 2637 3096 pa-

1566 3123 1713 3168 ratur
1753 3124 1897 3180 arte;
1930 3117 2042 3170 Sed
2074 3123 2267 3167 norunt
2286 3115 2372 3166 cui
2403 3110 2637 3165 serviant

1566 3193 1778 3244 leones!

1628 3276 1662 3323 4
1694 3272 1909 3337 napata]
1964 3274 2169 3337 Lupata
2206 3276 2327 3322 snut
2365 3260 2634 3334 asperrimi

1564 3348 1703 3400 freni
1727 3364 1907 3413 genus,
1927 3364 1958 3398 a
1975 3350 2165 3414 lupinis
2207 3348 2452 3400 dentibus
2470 3344 2636 3400 dicta,

1563 3426 1651 3493 qui
1673 3426 1958 3491 inaequales
1993 3433 2138 3489 sunt,
2157 3433 2220 3477 et
2240 3441 2304 3476 eo
2324 3435 2530 3476 morsus
2549 3431 2634 3479 eo·

1564 3518 1677 3554 rum
1702 3503 2010 3554 acerrimus.
2047 3505 2176 3554 naa.

1627 3586 1658 3630 ο
1674 3607 1679 3611 -
1698 3581 2023 3642 Quoafraena
2040 3580 2212 3647 Libyci
2231 3582 2487 3632 domantur
2508 3566 2633 3629 ursi]

1562 3658 1722 3709 Hunc
1777 3673 1983 3708 versum
2036 3658 2251 3723 Lipsius
2296 3656 2366 3706 de
2399 3648 2633 3704 leonibus

1563 3735 1739 3786 currui
1746 3734 2297 3799 junctisiuterprotari
2308 3732 2502 3783 debere
2521 3735 2637 3789 per·

1562 3812 1752 3876 tendit,
1785 3814 1921 3877 quia·
1941 3813 2140 3863 nullum
2163 3819 2302 3863 esset
2323 3805 2632 3861 miraculum

1562 3890 1629 3941 de
1654 3890 1804 3953 ursis,
1828 3889 1915 3955 qui
1942 3891 2093 3939 mites
2129 3898 2184 3939 et
2213 3888 2410 3939 dociles
2431 3882 2501 3933 ad
2526 3891 2632 3928 ma·

1561 3967 1641 4033 gis
1683 3968 1934 4019 miranda.
1988 3966 2161 4018 Aliter
2183 3968 2449 4025 sensisset,
2478 3957 2522 4008 si
2557 3961 2634 4004 to·

1560 4054 1670 4100 tum
1703 4047 2023 4112 epigramma
2062 4047 2278 4111 legisset
2311 4049 2403 4096 aut
2444 4038 2631 4089 saltem

1561 4124 1896 4175 attendisset.
1932 4125 2054 4174 Non
2075 4138 2317 4187 magnum
2333 4125 2424 4182 aut
2445 4112 2632 4165 miran-

1559 4199 1682 4250 dum
1702 4202 2062 4265 spectaculum
2081 4215 2216 4263 esse,
2230 4200 2306 4249 ait
2322 4194 2499 4263 poeta,
2515 4197 2631 4253 ΡΗ·

1558 4275 1653 4326 dos
1697 4277 1877 4328 videre
1908 4279 2040 4343 jugo
2076 4276 2317 4328 subditos
2339 4280 2398 4325 et
2418 4273 2626 4321 currum

1557 4354 1839 4422 tmbentrs,
1854 4359 2020 4422 tigres
2040 4355 2257 4421 pariter,
2272 4358 2373 4407 διο.
2395 4350 2506 4401 boec
2520 4352 2627 4391 om·
