2985 4937
672 457 748 504 Μ.
795 454 967 503 viu..
1013 418 1432 500 MAR‘ruims
1479 445 1727 496 neren.
1775 444 1918 492 ms.
1965 442 2068 491 vi.
2154 444 2161 453 ’

275 608 569 675 impudicum
594 603 833 668 digitum.
866 600 1002 650 Vide
1047 597 1315 664 Epigram.

271 693 343 738 93.
375 686 458 735 lib.
480 689 527 733 1.
548 696 683 730 vers.
704 684 754 730 2.
777 685 834 728 et
851 678 1032 743 Epigr.
1047 681 1130 726 28.
1154 675 1248 726 lib.
1264 678 1315 723 2.

274 780 393 815 vers.
416 768 461 813 2.

326 847 357 890 6
386 839 594 901 Alconti,
629 835 894 898 Dasioque,
930 824 1321 895 symmachoque]

271 918 485 970 Medico.

327 999 356 1043 8
388 995 472 1058 Et,
492 997 737 1057 quantum,
773 986 883 1052 esa]
918 985 990 1033 Et
1026 999 1058 1033 a
1092 980 1319 1030 melioris

268 1071 377 1122 vitae
394 1077 533 1120 statu
556 1067 881 1118 subducatur
913 1067 1162 1127 quantum
1187 1065 1319 1108 tem-

266 1151 392 1216 poris
414 1150 480 1201 sit
501 1151 790 1212 impensum
807 1143 964 1193 animi
987 1140 1072 1191 vel
1090 1134 1319 1202 corporis

266 1229 460 1289 morbis,
489 1225 650 1276 facile
672 1214 951 1288 apparebit
973 1232 1067 1268 nos
1087 1215 1177 1264 diu
1198 1212 1318 1264 fuis-

265 1318 334 1368 se,
354 1318 530 1368 parum
554 1301 768 1351 vixisse.

323 1387 379 1431 15
416 1383 526 1431 Non
542 1385 613 1430 est
628 1378 806 1438 vivere,
824 1372 933 1437 ξω]
965 1372 1111 1421 Imoz
1138 1375 1154 1399 ‘
1170 1368 1320 1417 Vale-

265 1472 316 1508 re
350 1464 428 1507 est
461 1451 859 1518 Philosopliari,'
896 1440 1063 1514 iuquit
1099 1449 1318 1507 Seneca,

263 1535 405 1586 ‘Sine
435 1536 537 1585 hoc
578 1545 721 1596 aeger
742 1536 825 1580 est
847 1523 1079 1590 animus,'
1116 1527 1215 1573 διο.
1248 1523 1318 1571 Ε-

267 1615 381 1678 pist.
402 1618 483 1665 16.
671 1604 672 1613 ’

319 1691 472 1743 Eric.
495 1701 657 1740 nxxr.
681 1691 710 1736 1
746 1682 938 1735 Boeticc
956 1682 1193 1730 crusmata
1212 1691 1321 1737 ges-

261 1770 351 1834 tus]
393 1766 665 1833 Κρούματα,
696 1771 1059 1828 tympanorum
1091 1763 1148 1806 et
1180 1769 1322 1819 cym-

262 1846 480 1896 balorum
506 1845 688 1911 pulsus
711 1855 831 1891 cum
854 1837 1133 1901 digitorum
1152 1832 1323 1895 crepi-

260 1931 330 1987 tu,
348 1920 638 1989 cujnsmodi
659 1917 963 1972 saltationes
979 1913 1245 1975 Hispanas
1269 1909 1322 1956 in

263 2017 348 2052 usu
371 2017 480 2053 esse
506 2001 669 2050 docet
706 1997 756 2048 J.
790 1995 850 2052 C.
873 1991 1069 2054 Scalig.
1098 2002 1218 2052 cap.
1240 1990 1323 2035 18.

260 2080 339 2130 lib.
361 2085 406 2129 1.
440 2078 652 2129 Poetic.
672 2082 728 2125 et
745 2071 902 2123 hodie
925 2068 1176 2118 videmus.

318 2163 348 2208 2
381 2155 573 2218 Moci-e]
606 2156 750 2207 Quos
778 2158 887 2200 tres
904 2149 1174 2197 enumerat
1196 2141 1322 2192 ibid.

260 2234 385 2287 Scal.
437 2238 454 2264 ‘
487 2229 898 2291 Chironemiam,
943 2224 1152 2284 Halma,
1193 2221 1324 2268 Lac·

260 2312 440 2365 tisma.'
503 2311 648 2362 Vide
670 2308 851 2372 Epigr.
872 2308 956 2354 42.
978 2303 1015 2351 1.
1038 2305 1060 2350 1
1075 2304 1122 2350 1.
1144 2297 1327 2360 Epigr-

260 2397 331 2444 78.
353 2394 389 2443 l.
411 2399 462 2444 5.
481 2404 621 2440 vers,
645 2393 728 2438 26.
757 2386 996 2447 idemque
1018 2390 1322 2442 expressum

259 2486 288 2521 a
305 2471 563 2524 Juvenale
583 2468 693 2518 Sat.
717 2470 799 2515 11.
822 2476 959 2512 vers.
979 2462 1095 2508 165.

318 2552 347 2597 3
396 2547 610 2598 Tendere
651 2557 756 2608 quae
789 2535 1062 2599 tremulum]
1119 2532 1323 2585 Quibus

259 2624 321 2674 ad
363 2624 637 2675 libidinem
675 2615 885 2669 incendi
916 2615 1058 2679 ‘jam
1099 2609 1322 2673 frigidus

242 2717 365 2752 ‘evo
384 2695 858 2753 Laomedontiades
875 2697 933 2741 et
951 2686 1189 2740 Nestoris
1207 2685 1323 2734 her·

258 2780 339 2830 nia
370 2780 573 2846 possit.’
603 2773 845 2828 Juvenal.
884 2770 1059 2831 Satyr.
1097 2770 1148 2815 6.
1189 2777 1324 2815 vers.

248 2862 367 2908 326.
436 2851 676 2915 Tendere]
727 2848 814 2899 Ad
868 2861 980 2895 rem
1031 2844 1322 2893 veneream

259 2934 498 2984 idoneum
522 2928 765 2989 reddere,
791 2936 1069 2987 rursusque
1090 2935 1157 2970 ex
1181 2919 1325 2968 vieto

260 3011 633 3076 decrepitoque
671 3018 796 3055 sene
829 3001 1219 3051 adolescentem
1248 2994 1326 3045 fa·

259 3103 394 3138 cere.
462 3082 667 3146 Pelian]
714 3082 928 3130 Patrem
965 3075 1172 3127 Jasonis
1213 3074 1325 3123 lon·

262 3181 476 3229 gaevum.
553 3158 851 3222 Hecubaeque
907 3151 1158 3215 maritum]
1212 3150 1328 3201 Pri-

261 3257 443 3293 amum.
695 3283 697 3294 ,
1033 3265 1037 3272 -

319 3324 351 3369 4
381 3319 468 3369 Aa
488 3316 751 3367 Hectoreos
770 3309 934 3373 rogos]
963 3308 1066 3362 Vel
1083 3306 1136 3356 in
1152 3304 1327 3354 medio

260 3411 494 3458 moerore,
513 3395 567 3443 in
580 3391 765 3441 funere
786 3385 1055 3439 Hectoris.
1121 3382 1226 3433 Alii
1251 3389 1328 3432 ta-

258 3488 392 3536 men,
416 3471 512 3522 sed
536 3470 692 3531 male,
713 3467 874 3515 Toros.

318 3555 351 3599 6
376 3546 626 3601 Vendidit
644 3540 892 3604 ancillam]
927 3540 1215 3601 Postquam
1239 3534 1330 3584 de-

261 3627 450 3677 siderio
474 3626 589 3689 ejus
611 3619 963 3678 excruciatur,
995 3628 1149 3679 quam
1172 3611 1331 3661 ancil·

259 3702 356 3750 lam
375 3700 710 3760 vendiderat,
727 3691 938 3745 r‘edimit
953 3698 1011 3741 ut
1027 3691 1103 3739 illi
1116 3689 1331 3739 serviat.

322 3777 483 3831 Eme.
510 3788 692 3827 Lxxn.
726 3771 1005 3835 Egregium
1021 3781 1145 3817 saue
1159 3772 1329 3815 custo·

263 3857 395 3921 dem,
416 3858 484 3907 de
523 3869 623 3920 quo
667 3851 963 3902 exclamare
1000 3846 1167 3907 libet3
1200 3846 1327 3894 ‘sed

262 3935 372 3999 quis
395 3932 670 3983 custodiet
702 3930 873 3994 ipsum
906 3923 1192 3976 Custodem
1207 3924 1241 3971 ?‘
1275 3929 1332 3972 ut

260 4010 505 4062 Juvenal.
529 4010 636 4059 Sat.
651 4013 698 4056 6.
718 4019 854 4055 vers.
875 4006 991 4052 348.
1016 4000 1082 4050 de
1099 3999 1330 4049 foemina·

264 4101 374 4137 rum
390 4085 712 4138 custodibus.
745 4082 947 4133 Statuis
968 4088 1142 4129 autem
1161 4078 1331 4142 aureis

266 4173 319 4215 et
336 4163 599 4230 argenteis
614 4160 943 4211 addebantur
954 4155 1194 4206 custodes
1207 4171 1223 4216 ;
1239 4152 1331 4216 lig.

267 4255 376 4291 neae
420 4249 478 4291 et
512 4238 735 4303 lapideae
770 4233 1104 4284 incustoditae
1146 4236 1329 4280 erant:

267 4316 456 4381 lepide*
480 4316 660 4380 itaque
698 4327 814 4362 cum
848 4309 1105 4375 Apollinis
1139 4313 1332 4369 statua,

270 4408 420 4458 quam
445 4397 777 4455 surrepturus
812 4394 944 4451 erat,
973 4386 1185 4450 jocatur
1227 4384 1328 4433 Eu-

2279 418 2453 487 1269

1394 591 1632 658 tychidas
1657 588 1870 641 Anthol.
1889 588 2023 638 libro
2044 583 2301 648 &capite
2317 587 2402 634 26.
2434 628 2437 633 .

1458 673 1617 722 Eme.
1641 681 1844 719 nxxm.
1883 671 1903 715 1
1949 665 2060 714 Non
2077 662 2214 712 radis
2248 663 2457 724 indocta,

1392 751 1502 815 εμπ]
1544 750 1631 799 De
1672 747 1890 809 Priapo,
1933 744 2327 808 Epigrammate
2371 742 2456 788 26.

1394 826 1488 876 lib.
1509 830 1558 876 1.
1587 839 1723 875 vers.
1747 827 1827 872 16.
1864 827 1921 871 et
1959 820 2350 883 Epigrammate
2372 818 2457 865 67.

1393 903 1486 953 lib.
1505 907 1555 951 3.
1577 908 1633 952 et
1655 915 1812 964 supra
1835 896 2223 962 Epigrammata
2244 897 2326 944 49.

1460 985 1491 1030 2
1549 976 1929 1042 Dispensatoris,
1965 971 2074 1037 isc]
2142 967 2460 1030 Artificisne,

1394 1057 1482 1123 qui
1526 1055 1797 1106 custodem
1840 1049 2077 1101 effinxit?
2109 1046 2196 1097 An
2239 1042 2341 1094 fuit
2371 1043 2458 1093 hic

1393 1133 1607 1183 Hilarus
1659 1130 1986 1195 dispensator
2026 1131 2083 1175 et
2136 1124 2307 1174 cultor
2347 1118 2472 1184 agri>

1394 1208 1679 1260 Ceretani?

1458 1292 1489 1337 3
1528 1284 1770 1348 Ceretani,
1787 1282 1892 1347 ξω]
1925 1281 2195 1339 Ceretum,
2224 1273 2458 1325 Umbria
2530 1328 2531 1331 Ἴ

1393 1378 1684 1497 ⁰vij-Quam
1704 1442 1852 1498 certo,
1871 1432 1976 1498 ξω]
2009 1432 2176 1484 Quam
2200 1428 2264 1479 ad
2286 1428 2460 1477 vivum

1395 1514 1602 1566 effictus
1641 1515 1830 1576 vultus,
1861 1525 1966 1560 non
2001 1507 2241 1558 videatur
2276 1519 2392 1555 esse
2431 1517 2462 1553 e

1393 1594 1554 1659 ligno.

1458 1675 1491 1719 6
1528 1670 1633 1718 Nec
1649 1664 2087 1727 devotasocis,8sc.]
2119 1661 2240 1711 Non
2264 1657 2463 1709 utenda

1396 1762 1491 1812 pro
1511 1747 1652 1811 ligno
1686 1746 1834 1796 arido
1874 1751 1929 1793 et
1964 1740 2129 1807 putri,
2168 1751 2390 1801 namque
2428 1749 2461 1785 e

1397 1841 1645 1891 cupresso
1662 1824 1762 1874 illis
1784 1823 2033 1872 vitalitas.
2069 1817 2255 1882 Epigr.
2276 1819 2360 1866 49.
2379 1829 2463 1864 su·

1397 1919 1497 1969 pra
1519 1919 1654 1955 vers.
1677 1909 1728 1953 3.
1900 1949 1903 1952 ⁴

1465 1988 1496 2033 8
1511 1983 1747 2033 Phidiaca
1757 1981 1936 2044 rigeat,
1951 1978 2058 2042 Sym]
2077 1971 2291 2024 Affabre
2306 1970 2466 2033 facta,

1399 2067 1648 2126 tanquam
1682 2073 1836 2127 manu
1877 2055 2098 2106 Phidioe.
2149 2050 2334 2115 Epigr.
2379 2051 2497 2097 36..

1395 2138 1488 2190 lib.
1511 2142 1559 2188 3.
1582 2145 1636 2186 et
1654 2137 1836 2202 Epigr.
1857 2139 1940 2184 13.
1956 2146 2114 2196 supra
2131 2143 2269 2178 vera.
2295 2131 2345 2179 1.

1462 2220 1497 2264 9
1531 2215 1779 2274 Sanctum,
1807 2210 1910 2276 ξω]
1964 2208 2104 2259 Vide
2149 2205 2335 2270 Epigr.
2378 2205 2464 2252 67.

1398 2291 1492 2341 lib.
1516 2295 1564 2341 3.
1589 2305 1725 2340 vers.
1748 2293 1797 2340 7.

1464 2371 1624 2419 Erre.
1666 2379 1858 2417 mxxiv.
1915 2364 2130 2415 Calvum
2171 2356 2466 2425 quempiam

1397 2445 1720 2507 edentulum,
1749 2441 1836 2509 qui
1874 2438 2151 2495 simulabat
2186 2449 2244 2486 se
2281 2433 2467 2484 denta-

1395 2532 1527 2589 tum,
1549 2525 1772 2576 mordet.
2305 2542 2319 2551 2

1429 2603 1430 2612 ¹
1465 2605 1491 2651 1
1530 2601 1694 2650 Medio
1725 2596 1981 2659 recumbit]
2015 2595 2103 2643 De
2139 2605 2281 2641 more
2306 2596 2362 2638 et
2384 2601 2468 2636 or·

1398 2678 1523 2728 diue
1556 2667 1703 2728 Rom.
1738 2671 2093 2725 discumbendi
2131 2671 2184 2718 in
2216 2666 2365 2716 lectis
2399 2664 2467 2713 ad

1397 2765 1650 2818 mensam,
1670 2752 1791 2803 vide
1828 2751 1974 2814 Lips.
2010 2752 2064 2812 3.
2096 2741 2467 2808 Antiqu.1eet.

1400 2832 1616 2882 Ciacon.
1641 2831 1707 2880 de
1730 2828 1977 2890 triclinio,
2002 2831 2059 2874 et
2081 2820 2265 2872 Stuck.
2289 2817 2467 2866 convi-

1401 2910 1503 2959 val.
1521 2914 1570 2963 2.
1637 2907 1792 2970 Imus]
1827 2907 1957 2955 Eum
1981 2900 2292 2951 accumbere
2307 2897 2356 2945 in
2377 2896 2469 2943 ho·

1400 2986 1728 3036 noratissimo
1752 2987 1866 3033 loco
1889 2980 2052 3040 dicit;
2086 2991 2203 3026 nam
2226 2988 2346 3025 eum
2360 2978 2470 3021 tres

1400 3057 1582 3113 essent
1621 3062 1764 3124 lecti,
1795 3060 1926 3109 imus
1964 3056 2089 3106 lecti
2124 3051 2283 3103 medii
2326 3051 2470 3099 locus

1401 3147 1518 3191 erat
1552 3136 2001 3196 honoratissimum,
2037 3137 2096 3182 ut
2132 3132 2185 3179 in
2207 3125 2468 3194 Symposi-

1402 3217 1510 3267 acis
1533 3224 1717 3267 auctor
1745 3222 1828 3265 est
1863 3210 2199 3263 Plutarchus.
2241 3203 2469 3255 Turneb.

1400 3296 1491 3346 lib.
1516 3309 1635 3346 xxv.
1660 3310 1776 3358 cap.
1799 3298 1884 3343 27.

1451 3378 1499 3422 ,2
1533 3373 1744 3438 Trifilem
1771 3368 2045 3419 semifactas
2060 3359 2323 3425 unguento]
2356 3358 2472 3409 Sul-

1402 3451 1475 3502 cis
1494 3457 1758 3515 unguento
1780 3448 1954 3498 ductis
1986 3451 2043 3494 et
2064 3442 2224 3508 pictis
2243 3441 2298 3489 iu
2322 3440 2475 3490 calva

1404 3529 1573 3594 tripili
1608 3542 1698 3577 seu
1739 3523 1903 3586 trifili,
1941 3529 2046 3572 tres
2070 3534 2145 3570 sc.
2169 3518 2254 3567 vel
2279 3529 2471 3581 paucos

1405 3603 1682 3655 admodum
1720 3600 1938 3651 habenti
1973 3597 2208 3662 capillos.
2274 3589 2470 3640 ‘Semi-

1406 3685 1604 3732 tactus’
1637 3687 1828 3743 autem,
1857 3675 2152 3739 ἧμίχριστος,
2190 3672 2206 3699 ⁸
2228 3669 2473 3731 tangere’

1406 3760 1603 3825 quippe
1653 3755 1848 3818 ‘oleo,’
1901 3758 1985 3802 est
2031 3749 2047 3778 ‘
2068 3742 2301 3811 ungere!
2354 3743 2471 3794 Jos.

1404 3836 1544 3886 Scal.
1567 3843 1627 3885 et
1643 3836 1708 3884 P.
1734 3832 1901 3883 Scriv.
1940 3827 2059 3876 vide
2092 3831 2149 3873 et
2185 3820 2364 3883 Epigr.
2391 3820 2473 3866 67.

1404 3926 1583 3976 supra.
1663 3906 1937 3959 Turnebus
1971 3897 2252 3964 legendum
2292 3899 2476 3944 censet

1406 4002 1503 4052 pro
1542 3987 1834 4046 semicoctas,
1873 3979 2155 4032 semicanis,-
2202 3971 2293 4021 ille
2333 3969 2473 4018 enim

1407 4071 1671 4128 unguento
1693 4073 1890 4112 comam
1917 4056 2015 4106 sibi
2046 4055 2101 4102 in
2123 4049 2300 4114 capite
2322 4047 2474 4097 calvo

1406 4144 1650 4208 pinxerat
1685 4147 1742 4190 et
1782 4135 2089 4193 effinxerat3
2121 4128 2213 4179 sed
2237 4141 2354 4193 quae
2381 4125 2476 4175 tri·

1406 4235 1489 4270 um
1511 4220 1831 4269 filorumffseu
1853 4210 2157 4275 capillorum
2184 4209 2352 4255 esset:
2389 4202 2474 4251 vel

1406 4300 1609 4349 calvam
1652 4293 1888 4352 haberet,
1935 4286 2020 4336 cui
2063 4280 2252 4347 reliqui
2296 4284 2475 4329 essent

1408 4383 1514 4427 tres
1550 4372 1761 4441 capilli:
1811 4373 1869 4418 et
1906 4378 2025 4415 cum
2063 4361 2115 4412 in
2155 4363 2335 4422 capite
2361 4361 2474 4403 tan-
