2985 4937
689 458 767 504 M.
813 457 987 505 VAL·
1031 455 1454 504 MARTIAMS
1502 456 1752 503 EPIGR.
1801 456 1948 504 mn.
1994 455 2125 502 vn.

387 608 446 653 lo
479 601 660 665 Pingui
689 601 836 665 fabe]
915 600 1070 662 Oleo,
1109 605 1376 662 unguento

323 695 409 731 seu
445 679 613 731 farina
655 678 912 742 fabarum,
949 693 1066 743 quae
1102 687 1157 729 et
1190 676 1377 727 faciem

323 757 695 809 commendant.

383 838 442 883 ll
478 834 671 899 Tutum,
704 832 814 897 εμπ]
866 832 917 883 Α
947 830 1299 897 graveolentis
1323 837 1382 881 et

321 910 571 961 funditate.
630 935 634 939 v

325 1030 330 1039 .
381 993 440 1038 12
474 989 659 1038 Thaida
693 987 838 1038 Thais
868 985 985 1049 olet]
1019 986 1282 1050 Impuram
1304 984 1382 1035 lu·

319 1079 430 1128 pam
454 1072 513 1115 et
543 1064 732 1115 olidam
756 1078 966 1128 capram
990 1081 1003 1110 :
1037 1077 1156 1112 nam
1197 1062 1384 1111 mulier

318 1143 509 1208 optime
530 1144 659 1201 olet,
682 1157 838 1206 quum
861 1141 989 1191 nihil
1007 1142 1132 1193 olet.

376 1220 536 1268 Euo.
584 1231 740 1269 xciv.
807 1217 1007 1267 Irridet
1056 1214 1381 1279 splendidam

316 1295 621 1359 Calpetiani,
651 1310 760 1352 seu.
778 1302 840 1346 ut
867 1294 955 1345 alii
977 1295 1079 1359 leg.
1114 1293 1383 1358 Callicrati,

313 1373 719 1423 mendicitatem.

364 1454 390 1498 1
427 1448 782 1513 Chrysendets]
864 1449 1064 1499 Lances
1114 1463 1239 1499 auro
1279 1449 1377 1498 cir·

307 1516 633 1577 cumvinctae.
670 1527 1066 1591 Epigrammate
1094 1531 1178 1576 4³.
1214 1526 1304 1576 lib.
1328 1531 1378 1577 2.

312 1617 441 1655 ven.
467 1608 549 1655 11.

2352 436 2530 501 1276

1523 602 1553 647 8
1587 597 1784 648 Stabulo
1812 612 2012 662 semper,
2043 597 2150 661 ξω]
2206 594 2526 660 Diversorio,

1457 675 1736 739 πανδοκείῳ.
1800 675 2135 739 stabularius,
2152 672 2434 737 πανδοχεύε.

1522 759 1555 804 4
1592 755 1705 803 Non
1727 754 1884 816 habet,
1901 752 2007 816 Essa]
2057 752 2208 801 Itane
2236 752 2406 801 lautus
2427 756 2527 811 est,

1462 839 1524 882 ut
1561 833 1805 895 gemmeis
1850 830 2123 894 aureisque
2165 827 2346 877 bibat?
2411 826 2531 878 Non.

1460 908 1621 973 habet,
1651 906 1759 971 ξω]
1794 908 1953 970 Resp.
1980 904 2179 954 Poeta:
2215 903 2380 952 Immo
2412 902 2528 952 hoec

1461 1001 1567 1035 non
1586 992 1706 1035 sunt
1739 985 1918 1049 ipsius,
1948 982 2039 1031 sed
2072 990 2252 1032 mutuo
2284 986 2526 1043 sumpta:

1461 1062 1575 1127 ipse
1614 1063 1773 1125 enim,
1802 1075 1899 1110 nec
1932 1074 2106 1119 aurea,
2141 1072 2238 1108 nec
2260 1065 2529 1120 argentea,

1463 1137 1636 1188 Codro
1661 1136 1958 1202 pauperior,
1974 1134 2221 1199 possidet.
2252 1134 2369 1183 Nisi
2391 1132 2529 1183 forte

1461 1216 1622 1266 etiam
1648 1215 1860 1280 oblique
1891 1215 2003 1264 haec
2036 1214 2146 1277 ipse
2177 1211 2528 1274 chrysendeta

1462 1292 1607 1344 furto
1624 1293 1799 1343 ablata
1818 1293 1945 1343 velit
1961 1308 1991 1340 a
2014 1291 2340 1355 Calpetiano.
2381 1290 2525 1338 Mar·

1463 1369 1602 1420 tialis
1643 1370 1782 1419 enim
1824 1384 1981 1433 quum
2015 1366 2165 1430 dicit,
2194 1367 2330 1416 ‘non
2364 1365 2529 1414 habet

1459 1447 1642 1508 suum,’
1672 1450 1800 1509 'ergo
1841 1447 2084 1505 alienum,
2127 1458 2227 1493 nec
2270 1441 2526 1506 quomodo

1462 1525 1685 1574 alienum
1708 1523 1942 1588 exponit,
1962 1521 2055 1571 sed
2078 1519 2325 1586 relinquit
2347 1517 2529 1568 lectori

1460 1600 1815 1665 cogitandum.

717 2062 1653 2139 EPIGRAMMATUM
1714 2063 1931 2138 LIB.
1974 2061 2160 2137 V11.

367 2260 538 2310 Eric.
567 2275 605 2310 1.
656 2266 682 2310 l
718 2261 892 2326 Accipe
911 2261 1174 2327 belligera]
1208 2262 1382 2312 Domi-

307 2335 474 2386 tianus
497 2338 553 2387 in
587 2338 943 2403 expeditione,
977 2353 1130 2404 quam
1154 2340 1384 2404 suscepit

304 2412 558 2464 adversus
599 2414 862 2465 Sarmatas
902 2431 993 2465 seu
1025 2415 1215 2481 Dacos,
1248 2416 1385 2468 infra

306 2504 441 2542 vers.
467 2497 519 2542 8.
549 2490 755 2541 videtur
778 2492 875 2542 sibi
899 2490 1013 2542 fieri
1033 2508 1242 2544 curasse
1264 2495 1383 2544 lori-

307 2577 442 2629 cam,
476 2568 648 2616 instar
683 2567 892 2632 AEgidos
931 2570 1206 2635 Minervae,
1232 2587 1384 2637 quam

306 2645 650 2707 peculiariter
672 2645 856 2708 coluit,
873 2652 929 2695 et
951 2648 1102 2712 cujus
1135 2663 1191 2698 se
1221 2647 1384 2700 filium

304 2736 419 2771 esse
465 2721 654 2771 voluit.
722 2723 908 2772 Lorica
949 2732 1124 2773 autem
1171 2725 1284 2775 haec
1328 2731 1385 2774 et

304 2797 568 2847 Minervae
593 2797 781 2863 aegida,
814 2814 880 2847 ex
905 2815 1178 2865 squamoso
1202 2800 1383 2851 draco·

303 2889 427 2926 num
446 2877 594 2926 corio
617 2882 935 2940 contextam,
958 2880 1380 2942 repraesentavit:

304 2954 388 3002 vel
410 2953 765 3003 Sarmaticum
807 2955 1042 3019 thoraca,
1072 2956 1139 3007 de
1162 2972 1266 3022 quo
1290 2954 1385 3007 inf.

305 3043 446 3081 vers.
486 3034 537 3080 4.
600 3030 799 3094 Accipe]
833 3029 1054 3097 Accipe,
1106 3034 1302 3098 Coessr,
1333 3040 1389 3084 et

304 3104 472 3156 indue
513 3106 726 3156 loricam
768 3108 1218 3172 impenetrabilem
1267 3112 1385 3162 telis

307 3183 580 3249 belligerae
615 3186 900 3247 Minervae3
934 3193 1019 3238 est
1041 3188 1177 3239 enim
1209 3197 1388 3253 togata

306 3267 364 3311 et
404 3261 651 3311 militaris
678 3263 939 3315 Minerva.
1012 3266 1242 3327 Crudum,
1279 3268 1385 3332 ξω]

307 3339 667 3391 Militaremne
712 3348 769 3391 et
799 3342 1034 3406 crudum,
1069 3351 1130 3393 ut
1170 3345 1388 3394 volunt?

307 3431 372 3467 an
405 3417 625 3482 respicit
662 3418 855 3483 primos
893 3421 1132 3471 thoracas
1163 3436 1193 3471 e
1218 3422 1391 3472 crudis

308 3493 435 3543 loris
459 3494 712 3559 corioque
737 3494 1044 3547 confectos?

374 3574 408 3619 2
446 3569 560 3634 Ipsa
596 3572 993 3636 Mammea]
1024 3573 1193 3625 Quem
1217 3573 1390 3639 velip-

309 3659 369 3694 sa
413 3645 672 3696 Minervae
717 3646 881 3711 AEgis,
927 3648 1166 3699 Medusae
1213 3650 1391 3713 capite

307 3720 674 3784 formidabilis,
689 3724 892 3774 timeat.
929 3725 1137 3775 Faruab.
1201 3726 1390 3777 Medu-

308 3812 417 3848 saea
436 3799 630 3849 dicitur
654 3800 851 3859 Pallas,
873 3802 1012 3866 quod
1037 3802 1265 3852 Palladis
1288 3819 1388 3868 ope

308 3874 539 3925 Perseus
566 3876 841 3928 Medusam
860 3877 1205 3930 interfecerit.
1274 3881 1390 3930 Me·

312 3950 466 4016 dusa,
483 3967 585 4001 una
602 3968 666 4002 ex
691 3954 1042 4020 Gorgonibus,
1063 3955 1170 4005 filia
1191 3957 1389 4006 Phorbi

311 4026 446 4079 fuit:
482 4042 682 4080 comam
716 4032 832 4094 ejus
859 4034 1021 4082 vertit
1044 4033 1094 4081 in
1118 4042 1390 4097 serpentes

315 4103 526 4166 Pallas3
559 4108 634 4156 ori
674 4106 824 4159 dedit
863 4108 996 4160 hanc
1035 4110 1156 4173 vim,
1190 4118 1267 4171 ut,
1300 4111 1389 4175 qui

314 4179 441 4231 illud
469 4183 783 4250 aspicerent,
815 4187 866 4235 in
899 4188 1103 4253 lapides
1130 4196 1390 4238 verteren-

318 4264 421 4308 tur.
460 4259 587 4310 Rad.

384 4339 414 4384 3
449 4336 583 4387 Dum
619 4343 755 4389 vacat
792 4339 911 4403 ltoec,
949 4339 1055 4404 ξω]
1091 4341 1279 4404 Quam,
1303 4340 1392 4391 ubi

1464 2279 1567 2314 non
1606 2272 1840 2330 gestatur
1881 2281 1912 2315 a
1956 2264 2278 2327 Domitiano,
2320 2260 2531 2312 loricam

1465 2356 1654 2405 voces3
1686 2358 1801 2393 cum
1826 2351 1997 2393 autem
2020 2343 2249 2393 induerit
2280 2354 2394 2390 eam
2420 2340 2533 2389 Cae·

1464 2432 1566 2483 sar,
1578 2418 1691 2483 jam
1716 2418 1859 2485 AEgis
1877 2420 1996 2471 erit.
2048 2420 2139 2471 Dii
2161 2420 2298 2470 enim
2324 2417 2531 2481 AEgidas

1465 2501 1708 2559 gestant3
1744 2496 1988 2545 mortales
2001 2511 2155 2558 mero,
2176 2495 2379 2544 loricas.
2446 2491 2533 2541 ΙΕ-

1466 2572 1544 2636 gis
1569 2572 1780 2635 proprie
1799 2573 2172 2622 munimentum
2196 2576 2280 2621 est
2300 2568 2535 2634 pectoris

1466 2661 1660 2695 aerenm
1683 2663 1714 2696 a
1734 2647 1971 2696 Vulcano
1988 2646 2318 2710 fabricatum,
2338 2645 2534 2695 habens

1464 2725 1517 2774 in
1543 2724 1715 2775 medio
1736 2725 1998 2788 Gorgonis
2019 2733 2194 2791 caput.

1528 2807 1561 2852 4
1595 2801 1744 2852 Sacro
1763 2804 1959 2865 sederit,
1989 2803 2099 2867 Em]
2144 2799 2445 2863 Domitiani,
2465 2815 2534 2849 ae·

1466 2894 1567 2943 que
1598 2879 1724 2942 Dei,
1759 2894 1822 2928 ac
1859 2880 2114 2929 Minervae
2144 2886 2202 2930 et
2227 2877 2392 2939 Jovis‚
2413 2892 2537 2942 quo·

1467 2970 1581 3005 rum
1607 2956 1883 3020 peculiaris
1905 2956 2081 3022 AEgis:
2117 2971 2274 3022 supra
2299 2969 2431 3004 vers.
2460 2958 2505 3003 l.

1515 3028 1694 3083 ‘Enim
1718 3046 1782 3081 11.
1851 3037 1878 3082 1
1916 3033 2083 3097 Invia]
2118 3032 2447 3084 Domitianus
2469 3030 2535 3080 ad

1468 3109 1675 3159 modum
1696 3110 2104 3160 Sarmaticarum
2125 3111 2403 3160 loricarum
2437 3107 2535 3158 sibi

1467 3188 1731 3237 thoracem
1769 3187 1884 3237 fieri
1920 3195 2148 3241 curarat.
2229 3188 2537 3238 Sarmaticae

1469 3273 1648 3315 autem
1701 3265 1875 3316 loricae
1933 3271 2040 3316 tam
2090 3267 2232 3317 durae
2268 3273 2326 3316 et
2378 3263 2536 3314 firman

1470 3348 1641 3404 erant,
1684 3347 1745 3391 ut
1788 3343 1925 3391 ictus
1974 3356 2148 3392 omnes
2202 3342 2541 3403 sustinerent,

1470 3420 1606 3485 quod
1636 3426 1866 3470 testatur
1895 3421 2120 3472 Pausan.
2150 3422 2241 3471 lib.
2268 3425 2312 3470 1.
2381 3420 2542 3470 Varia

1473 3512 1596 3547 vero
1622 3512 1816 3561 genera
1837 3498 2114 3548 loricarum
2145 3495 2432 3547 celebravit
2453 3509 2542 3548 nn·

1472 3573 1715 3638 tiquitast
1772 3589 1890 3623 nam
1932 3574 2118 3636 lineas,
2159 3573 2443 3633 coi-iaceas,
2475 3585 2543 3619 ω-

1471 3664 1618 3713 neas,
1661 3666 1723 3700 ac
1770 3649 1968 3701 ferreas
2001 3649 2160 3700 fuisse
2198 3654 2438 3699 constat:
2475 3647 2541 3696 de

1470 3726 1685 3791 singulis
1710 3727 2061 3791 copiosissime
2077 3724 2386 3790 Lipsiuslib.
2410 3726 2457 3772 8.
2475 3723 2541 3772 de

1469 3804 1632 3855 Milit.
1674 3805 1821 3853 Rom.
1856 3803 1998 3853 Dial.
2033 3807 2083 3853 6.
2153 3801 2234 3852 De
2279 3802 2543 3850 Sarmata·

1471 3894 1605 3941 rum,
1628 3871 2081 3940 seu'Polonorum,
2101 3884 2160 3928 ut
2188 3877 2341 3926 hodie
2364 3878 2541 3941 appel·

1470 3955 1662 4017 lantur‚
1696 3954 1831 4016 telis,
1853 3968 1996 4018 saepe
2022 3953 2178 4005 ovid.
2195 3953 2283 4003 lib.
2307 3951 2372 4001 de
2395 3952 2541 4002 Tris·

1474 4030 1569 4081 tib.
1597 4039 1652 4080 et
1680 4029 1747 4080 de
1770 4031 1959 4080 Ponto.
1993 4031 2121 4080 Rau.
2188 4030 2364 4081 Len-ica
2383 4029 2540 4092 sagit-

1470 4107 1561 4171 tis]
1595 4108 1766 4169 Supra
1790 4122 1923 4156 vers.
1945 4111 1992 4157 1.

1538 4188 1569 4232 2
1606 4182 1788 4232 Martis
1809 4183 2004 4247 Getico]
2043 4183 2163 4248 Qui,
2181 4183 2419 4234 loricatus
2438 4191 2542 4234 ter-

1471 4274 1616 4325 gore,
1636 4261 1828 4309 colitur
1845 4275 1876 4309 a
1899 4260 2073 4326 Getis,
2097 4262 2179 4311 vel
2212 4261 2301 4327 qui
2326 4276 2355 4310 e
2386 4260 2541 4310 Getis

1470 4334 1719 4388 oriundus
1757 4344 1856 4388 est.
1942 4337 2246 4405 Amplificat
2292 4337 2537 4387 duritiem
