<?xml version="1.0" encoding="UTF-8"?>
<!DOCTYPE html PUBLIC "-//W3C//DTD XHTML 1.0 Transitional//EN"
    "http://www.w3.org/TR/xhtml1/DTD/xhtml1-transitional.dtd">
<html xmlns="http://www.w3.org/1999/xhtml" xml:lang="en" lang="en">
 <head>
  <title>
</title>
<meta http-equiv="Content-Type" content="text/html;charset=utf-8" />
  <meta name='ocr-system' content='tesseract 3.04.00' />
  <meta name='ocr-capabilities' content='ocr_page ocr_carea ocr_par ocr_line ocrx_word'/>
</head>
<body>
  <div class='ocr_page' id='page_1' title='image "./marcivaleriimar09martgoog_0272.png"; bbox 0 0 2985 4937; ppageno 0'>
   <div class='ocr_carea' id='block_1_1' title="bbox 501 390 675 463">
    <p class='ocr_par' dir='ltr' id='par_1_1' title="bbox 501 390 675 463">
     <span class='ocr_line' id='line_1_1' title="bbox 501 390 675 463; baseline 0.063 -11"><span class='ocrx_word' id='word_1_1' title='bbox 501 390 675 463; x_wconf 77' lang='lat'><strong>1336</strong></span> 
     </span>
    </p>
   </div>
   <div class='ocr_carea' id='block_1_2' title="bbox 421 545 1576 2154">
    <p class='ocr_par' dir='ltr' id='par_1_2' title="bbox 500 545 1575 769">
     <span class='ocr_line' id='line_1_2' title="bbox 500 545 1575 614; baseline -0.007 -14"><span class='ocrx_word' id='word_1_2' title='bbox 500 569 665 614; x_wconf 66' lang='lat' dir='ltr'><strong>panos</strong></span> <span class='ocrx_word' id='word_1_3' title='bbox 705 546 826 598; x_wconf 82' lang='lat' dir='ltr'><strong>olim</strong></span> <span class='ocrx_word' id='word_1_4' title='bbox 864 546 1018 596; x_wconf 84' lang='lat' dir='ltr'><strong>etiam</strong></span> <span class='ocrx_word' id='word_1_5' title='bbox 1054 546 1103 594; x_wconf 90' lang='lat' dir='ltr'><strong>in</strong></span> <span class='ocrx_word' id='word_1_6' title='bbox 1143 545 1327 593; x_wconf 85' lang='lat' dir='ltr'><strong>bonam</strong></span> <span class='ocrx_word' id='word_1_7' title='bbox 1361 548 1575 609; x_wconf 80' lang='lat' dir='ltr'><strong>partem</strong></span> 
     </span>
     <span class='ocr_line' id='line_1_3' title="bbox 500 622 1565 692; baseline -0.007 -14"><span class='ocrx_word' id='word_1_8' title='bbox 500 627 821 692; x_wconf 84' lang='lat' dir='ltr'><strong>capiebatur.</strong></span> <span class='ocrx_word' id='word_1_9' title='bbox 885 624 1034 688; x_wconf 77' lang='lat' dir='ltr'><strong>Virg.</strong></span> <span class='ocrx_word' id='word_1_10' title='bbox 1076 624 1315 673; x_wconf 79' lang='lat' dir='ltr'><strong>Dextram</strong></span> <span class='ocrx_word' id='word_1_11' title='bbox 1350 622 1565 684; x_wconf 71' lang='lat' dir='ltr'><strong>tetigisse</strong></span> 
     </span>
     <span class='ocr_line' id='line_1_4' title="bbox 502 705 710 769; baseline -0.014 -16"><span class='ocrx_word' id='word_1_12' title='bbox 502 705 710 769; x_wconf 74' lang='lat' dir='ltr'><strong>tyranni.</strong></span> 
     </span>
    </p>

    <p class='ocr_par' dir='ltr' id='par_1_3' title="bbox 497 776 1576 986">
     <span class='ocr_line' id='line_1_5' title="bbox 566 776 1576 849; baseline -0.003 -19"><span class='ocrx_word' id='word_1_13' title='bbox 566 786 598 830; x_wconf 87' lang='grc'><strong>8</strong></span> <span class='ocrx_word' id='word_1_14' title='bbox 633 780 732 837; x_wconf 69' lang='lat' dir='ltr'><strong>Qut·</strong></span> <span class='ocrx_word' id='word_1_15' title='bbox 769 780 883 840; x_wconf 79' lang='lat' dir='ltr'><strong>cito,</strong></span> <span class='ocrx_word' id='word_1_16' title='bbox 921 776 1029 841; x_wconf 53' lang='grc' dir='ltr'><strong>θα]</strong></span> <span class='ocrx_word' id='word_1_17' title='bbox 1080 776 1245 827; x_wconf 78' lang='lat' dir='ltr'><strong>Annis</strong></span> <span class='ocrx_word' id='word_1_18' title='bbox 1286 776 1576 849; x_wconf 49' lang='lat' dir='ltr'><strong>duodecim!</strong></span> 
     </span>
     <span class='ocr_line' id='line_1_6' title="bbox 497 855 1561 921; baseline -0.001 -14"><span class='ocrx_word' id='word_1_19' title='bbox 497 857 705 909; x_wconf 79' lang='lat' dir='ltr'><strong>devicto</strong></span> <span class='ocrx_word' id='word_1_20' title='bbox 726 857 792 909; x_wconf 87' lang='lat' dir='ltr'><strong>ab</strong></span> <span class='ocrx_word' id='word_1_21' title='bbox 816 855 1137 918; x_wconf 80' lang='lat' dir='ltr'><strong>Alexandro,</strong></span> <span class='ocrx_word' id='word_1_22' title='bbox 1156 857 1245 921; x_wconf 92' lang='lat' dir='ltr'><strong>qui</strong></span> <span class='ocrx_word' id='word_1_23' title='bbox 1266 866 1323 905; x_wconf 89' lang='lat' dir='ltr'><strong>et</strong></span> <span class='ocrx_word' id='word_1_24' title='bbox 1341 856 1457 919; x_wconf 87' lang='lat' dir='ltr'><strong>ipse</strong></span> <span class='ocrx_word' id='word_1_25' title='bbox 1474 856 1561 920; x_wconf 81' lang='lat' dir='ltr'><strong>ju-</strong></span> 
     </span>
     <span class='ocr_line' id='line_1_7' title="bbox 498 935 1045 986; baseline -0.004 -2"><span class='ocrx_word' id='word_1_26' title='bbox 498 938 640 986; x_wconf 82' lang='lat' dir='ltr'><strong>venis</strong></span> <span class='ocrx_word' id='word_1_27' title='bbox 660 935 921 986; x_wconf 86' lang='lat' dir='ltr'><strong>extinctus</strong></span> <span class='ocrx_word' id='word_1_28' title='bbox 948 941 1045 984; x_wconf 89' lang='lat' dir='ltr'><strong>est.</strong></span> 
     </span>
    </p>

    <p class='ocr_par' dir='ltr' id='par_1_4' title="bbox 421 1011 1560 1526">
     <span class='ocr_line' id='line_1_8' title="bbox 561 1011 1559 1075; baseline -0.001 -13"><span class='ocrx_word' id='word_1_29' title='bbox 561 1018 595 1062; x_wconf 84' lang='grc'><strong>9</strong></span> <span class='ocrx_word' id='word_1_30' title='bbox 629 1013 776 1063; x_wconf 74' lang='lat' dir='ltr'><strong>Hune</strong></span> <span class='ocrx_word' id='word_1_31' title='bbox 792 1026 931 1075; x_wconf 78' lang='lat' dir='ltr'><strong>puer,</strong></span> <span class='ocrx_word' id='word_1_32' title='bbox 947 1011 1050 1074; x_wconf 59' lang='lat' dir='ltr'><strong>fisa]</strong></span> <span class='ocrx_word' id='word_1_33' title='bbox 1106 1012 1404 1061; x_wconf 86' lang='lat' dir='ltr'><strong>Possessam</strong></span> <span class='ocrx_word' id='word_1_34' title='bbox 1427 1011 1559 1061; x_wconf 87' lang='lat' dir='ltr'><strong>hanc</strong></span> 
     </span>
     <span class='ocr_line' id='line_1_9' title="bbox 499 1089 1557 1153; baseline -0.001 -14"><span class='ocrx_word' id='word_1_35' title='bbox 499 1091 720 1139; x_wconf 69' lang='lat' dir='ltr'><strong>statuam</strong></span> <span class='ocrx_word' id='word_1_36' title='bbox 779 1089 1025 1139; x_wconf 82' lang='lat' dir='ltr'>Annibali</span> <span class='ocrx_word' id='word_1_37' title='bbox 1082 1089 1331 1153; x_wconf 79' lang='lat' dir='ltr'>Papinius</span> <span class='ocrx_word' id='word_1_38' title='bbox 1384 1091 1557 1139; x_wconf 89' lang='lat' dir='ltr'><strong>cauit:</strong></span> 
     </span>
     <span class='ocr_line' id='line_1_10' title="bbox 495 1164 1559 1230; baseline -0.001 -14"><span class='ocrx_word' id='word_1_39' title='bbox 495 1173 676 1216; x_wconf 86' lang='lat' dir='ltr'><strong>noster</strong></span> <span class='ocrx_word' id='word_1_40' title='bbox 744 1166 1000 1230; x_wconf 82' lang='lat' dir='ltr'><strong>‘juratam</strong></span> <span class='ocrx_word' id='word_1_41' title='bbox 1018 1164 1052 1215; x_wconf 88' lang='lat'><strong>:’</strong></span> <span class='ocrx_word' id='word_1_42' title='bbox 1118 1164 1335 1215; x_wconf 62' lang='lat' dir='ltr'><strong>poetice</strong></span> <span class='ocrx_word' id='word_1_43' title='bbox 1398 1166 1559 1229; x_wconf 81' lang='lat' dir='ltr'><strong>magis</strong></span> 
     </span>
     <span class='ocr_line' id='line_1_11' title="bbox 498 1239 1560 1309; baseline 0.001 -18"><span class='ocrx_word' id='word_1_44' title='bbox 498 1258 652 1309; x_wconf 89' lang='lat' dir='ltr'><strong>quam</strong></span> <span class='ocrx_word' id='word_1_45' title='bbox 673 1242 937 1292; x_wconf 86' lang='lat' dir='ltr'><strong>historice.</strong></span> <span class='ocrx_word' id='word_1_46' title='bbox 1003 1239 1228 1291; x_wconf 81' lang='lat' dir='ltr'>Annibal</span> <span class='ocrx_word' id='word_1_47' title='bbox 1263 1256 1446 1292; x_wconf 81' lang='lat' dir='ltr'><strong>novem</strong></span> <span class='ocrx_word' id='word_1_48' title='bbox 1472 1258 1560 1292; x_wconf 90' lang='lat' dir='ltr'><strong>an-</strong></span> 
     </span>
     <span class='ocr_line' id='line_1_12' title="bbox 497 1318 1558 1383; baseline -0.001 -14"><span class='ocrx_word' id='word_1_49' title='bbox 497 1334 679 1370; x_wconf 84' lang='lat' dir='ltr'><strong>norum</strong></span> <span class='ocrx_word' id='word_1_50' title='bbox 716 1334 847 1382; x_wconf 87' lang='lat' dir='ltr'><strong>puer</strong></span> <span class='ocrx_word' id='word_1_51' title='bbox 874 1318 1078 1383; x_wconf 84' lang='lat' dir='ltr'><strong>juravit</strong></span> <span class='ocrx_word' id='word_1_52' title='bbox 1115 1332 1172 1367; x_wconf 79' lang='lat' dir='ltr'><strong>se</strong></span> <span class='ocrx_word' id='word_1_53' title='bbox 1200 1332 1314 1367; x_wconf 89' lang='lat' dir='ltr'><strong>cum</strong></span> <span class='ocrx_word' id='word_1_54' title='bbox 1338 1319 1558 1381; x_wconf 87' lang='lat' dir='ltr'><strong>primum</strong></span> 
     </span>
     <span class='ocr_line' id='line_1_13' title="bbox 421 1394 1559 1462; baseline -0.002 -16"><span class='ocrx_word' id='word_1_55' title='bbox 421 1398 426 1401; x_wconf 62' lang='grc'><strong><em>“</em></strong></span> <span class='ocrx_word' id='word_1_56' title='bbox 496 1404 554 1446; x_wconf 85' lang='lat' dir='ltr'><strong>et</strong></span> <span class='ocrx_word' id='word_1_57' title='bbox 571 1396 799 1462; x_wconf 84' lang='lat' dir='ltr'><strong>quandiu</strong></span> <span class='ocrx_word' id='word_1_58' title='bbox 817 1402 1010 1460; x_wconf 83' lang='lat' dir='ltr'><strong>posset,</strong></span> <span class='ocrx_word' id='word_1_59' title='bbox 1024 1395 1278 1443; x_wconf 83' lang='lat' dir='ltr'><strong>Romanos</strong></span> <span class='ocrx_word' id='word_1_60' title='bbox 1295 1394 1559 1460; x_wconf 74' lang='lat' dir='ltr'><strong>bellopar-</strong></span> 
     </span>
     <span class='ocr_line' id='line_1_14' title="bbox 499 1483 815 1526; baseline -0.003 0"><span class='ocrx_word' id='word_1_61' title='bbox 499 1483 815 1526; x_wconf 84' lang='lat' dir='ltr'><strong>secuturum.</strong></span> 
     </span>
    </p>

    <p class='ocr_par' dir='ltr' id='par_1_5' title="bbox 493 1551 1562 1999">
     <span class='ocr_line' id='line_1_15' title="bbox 564 1551 1562 1617; baseline -0.001 -14"><span class='ocrx_word' id='word_1_62' title='bbox 564 1557 628 1603; x_wconf 80' lang='lat'><strong>1⁰</strong></span> <span class='ocrx_word' id='word_1_63' title='bbox 669 1553 910 1614; x_wconf 74' lang='lat' dir='ltr'><strong>Jusserat,</strong></span> <span class='ocrx_word' id='word_1_64' title='bbox 943 1551 1051 1617; x_wconf 57' lang='grc' dir='ltr'><strong>ξω]</strong></span> <span class='ocrx_word' id='word_1_65' title='bbox 1103 1551 1221 1601; x_wconf 90' lang='lat' dir='ltr'><strong>Hoc</strong></span> <span class='ocrx_word' id='word_1_66' title='bbox 1264 1552 1464 1615; x_wconf 86' lang='lat' dir='ltr'><strong>signum</strong></span> <span class='ocrx_word' id='word_1_67' title='bbox 1505 1559 1562 1602; x_wconf 90' lang='lat' dir='ltr'><strong>et</strong></span> 
     </span>
     <span class='ocr_line' id='line_1_16' title="bbox 499 1629 1560 1694; baseline 0 -15"><span class='ocrx_word' id='word_1_68' title='bbox 499 1630 641 1694; x_wconf 80' lang='lat' dir='ltr'><strong>Sylla</strong></span> <span class='ocrx_word' id='word_1_69' title='bbox 652 1630 884 1694; x_wconf 74' lang='lat' dir='ltr'><strong>possedit</strong></span> <span class='ocrx_word' id='word_1_70' title='bbox 897 1646 912 1689; x_wconf 78' lang='grc' dir='ltr'>ς</span> <span class='ocrx_word' id='word_1_71' title='bbox 927 1631 1074 1693; x_wconf 87' lang='lat' dir='ltr'><strong>cujus</strong></span> <span class='ocrx_word' id='word_1_72' title='bbox 1081 1629 1105 1692; x_wconf 91' lang='lat' dir='ltr'>j</span> <span class='ocrx_word' id='word_1_73' title='bbox 1117 1644 1234 1677; x_wconf 90' lang='lat' dir='ltr'><strong>ussu</strong></span> <span class='ocrx_word' id='word_1_74' title='bbox 1247 1629 1560 1679; x_wconf 71' lang='lat' dir='ltr'><strong>dictaturam</strong></span> 
     </span>
     <span class='ocr_line' id='line_1_17' title="bbox 495 1704 1562 1770; baseline -0.001 -14"><span class='ocrx_word' id='word_1_75' title='bbox 495 1706 730 1770; x_wconf 72' lang='lat' dir='ltr'>posuisse</span> <span class='ocrx_word' id='word_1_76' title='bbox 767 1707 960 1770; x_wconf 82' lang='lat' dir='ltr'><strong>Syllam</strong></span> <span class='ocrx_word' id='word_1_77' title='bbox 993 1705 1141 1767; x_wconf 84' lang='lat' dir='ltr'><strong>fingit</strong></span> <span class='ocrx_word' id='word_1_78' title='bbox 1173 1704 1362 1754; x_wconf 65' lang='lat' dir='ltr'><strong>Poeta.</strong></span> <span class='ocrx_word' id='word_1_79' title='bbox 1427 1707 1562 1768; x_wconf 82' lang='lat' dir='ltr'><strong>Reg-</strong></span> 
     </span>
     <span class='ocr_line' id='line_1_18' title="bbox 494 1781 1559 1845; baseline -0.001 -14"><span class='ocrx_word' id='word_1_80' title='bbox 494 1781 582 1845; x_wconf 79' lang='lat' dir='ltr'><strong>na]</strong></span> <span class='ocrx_word' id='word_1_81' title='bbox 617 1783 957 1832; x_wconf 79' lang='lat' dir='ltr'><strong>Dictaturam.</strong></span> <span class='ocrx_word' id='word_1_82' title='bbox 1027 1781 1249 1844; x_wconf 75' lang='lat' dir='ltr'><strong>Trueem]</strong></span> <span class='ocrx_word' id='word_1_83' title='bbox 1272 1781 1357 1831; x_wconf 90' lang='lat' dir='ltr'><strong>Ob</strong></span> <span class='ocrx_word' id='word_1_84' title='bbox 1375 1782 1559 1832; x_wconf 81' lang='lat' dir='ltr'><strong>crude-</strong></span> 
     </span>
     <span class='ocr_line' id='line_1_19' title="bbox 493 1859 1557 1924; baseline 0 -15"><span class='ocrx_word' id='word_1_85' title='bbox 493 1859 697 1910; x_wconf 89' lang='lat' dir='ltr'><strong>litatem</strong></span> <span class='ocrx_word' id='word_1_86' title='bbox 731 1874 882 1924; x_wconf 88' lang='lat' dir='ltr'><strong>quam</strong></span> <span class='ocrx_word' id='word_1_87' title='bbox 920 1859 971 1908; x_wconf 88' lang='lat' dir='ltr'><strong>in</strong></span> <span class='ocrx_word' id='word_1_88' title='bbox 996 1859 1162 1908; x_wconf 79' lang='lat' dir='ltr'><strong>victos</strong></span> <span class='ocrx_word' id='word_1_89' title='bbox 1195 1859 1338 1908; x_wconf 81' lang='lat' dir='ltr'><strong>cives</strong></span> <span class='ocrx_word' id='word_1_90' title='bbox 1370 1867 1425 1907; x_wconf 91' lang='lat' dir='ltr'><strong>et</strong></span> <span class='ocrx_word' id='word_1_91' title='bbox 1445 1860 1557 1909; x_wconf 85' lang='lat' dir='ltr'><strong>Ma·</strong></span> 
     </span>
     <span class='ocr_line' id='line_1_20' title="bbox 496 1936 1412 1999; baseline 0.002 -15"><span class='ocrx_word' id='word_1_92' title='bbox 496 1938 668 1985; x_wconf 87' lang='lat' dir='ltr'><strong>rianas</strong></span> <span class='ocrx_word' id='word_1_93' title='bbox 691 1945 865 1999; x_wconf 89' lang='lat' dir='ltr'><strong>partes</strong></span> <span class='ocrx_word' id='word_1_94' title='bbox 884 1936 1139 1985; x_wconf 84' lang='lat' dir='ltr'><strong>exercuit.</strong></span> <span class='ocrx_word' id='word_1_95' title='bbox 1236 1940 1239 1945; x_wconf 80' lang='grc'><strong><em>’</em></strong></span> <span class='ocrx_word' id='word_1_96' title='bbox 1409 1988 1412 1991; x_wconf 79' lang='grc'><strong>,</strong></span> 
     </span>
    </p>

    <p class='ocr_par' dir='ltr' id='par_1_6' title="bbox 494 2012 1558 2154">
     <span class='ocr_line' id='line_1_21' title="bbox 561 2012 1558 2078; baseline 0.001 -15"><span class='ocrx_word' id='word_1_97' title='bbox 561 2018 621 2063; x_wconf 90' lang='lat'><strong>11</strong></span> <span class='ocrx_word' id='word_1_98' title='bbox 661 2012 907 2078; x_wconf 77' lang='lat' dir='ltr'><strong>Offensus,</strong></span> <span class='ocrx_word' id='word_1_99' title='bbox 925 2015 1033 2078; x_wconf 56' lang='grc' dir='ltr'><strong>ξι]</strong></span> <span class='ocrx_word' id='word_1_100' title='bbox 1055 2013 1423 2077; x_wconf 83' lang='lat' dir='ltr'><strong>Epitrapezios</strong></span> <span class='ocrx_word' id='word_1_101' title='bbox 1443 2020 1558 2064; x_wconf 90' lang='lat' dir='ltr'><strong>tan-</strong></span> 
     </span>
     <span class='ocr_line' id='line_1_22' title="bbox 494 2087 1555 2154; baseline 0.004 -18"><span class='ocrx_word' id='word_1_102' title='bbox 494 2088 611 2136; x_wconf 84' lang='lat' dir='ltr'><strong>dem</strong></span> <span class='ocrx_word' id='word_1_103' title='bbox 635 2089 737 2138; x_wconf 88' lang='lat' dir='ltr'><strong>iste</strong></span> <span class='ocrx_word' id='word_1_104' title='bbox 760 2088 924 2137; x_wconf 86' lang='lat' dir='ltr'><strong>Herc.</strong></span> <span class='ocrx_word' id='word_1_105' title='bbox 946 2088 1159 2151; x_wconf 78' lang='lat' dir='ltr'><strong>indigne</strong></span> <span class='ocrx_word' id='word_1_106' title='bbox 1187 2087 1359 2139; x_wconf 83' lang='lat' dir='ltr'><strong>ferens</strong></span> <span class='ocrx_word' id='word_1_107' title='bbox 1382 2097 1555 2154; x_wconf 79' lang='lat' dir='ltr'><strong>tyran·</strong></span> 
     </span>
    </p>
   </div>
   <div class='ocr_carea' id='block_1_3' title="bbox 401 2166 1556 2230">
    <p class='ocr_par' dir='ltr' id='par_1_7' title="bbox 401 2166 1556 2230">
     <span class='ocr_line' id='line_1_23' title="bbox 401 2166 1556 2230; baseline 0.003 -16"><span class='ocrx_word' id='word_1_108' title='bbox 401 2178 404 2181; x_wconf 72' lang='grc'>’</span> <span class='ocrx_word' id='word_1_109' title='bbox 491 2166 663 2215; x_wconf 86' lang='lat' dir='ltr'><strong>nicam</strong></span> <span class='ocrx_word' id='word_1_110' title='bbox 680 2166 970 2230; x_wconf 81' lang='lat' dir='ltr'><strong>principum</strong></span> <span class='ocrx_word' id='word_1_111' title='bbox 991 2166 1310 2215; x_wconf 87' lang='lat' dir='ltr'><strong>dominorum</strong></span> <span class='ocrx_word' id='word_1_112' title='bbox 1328 2174 1556 2230; x_wconf 88' lang='lat' dir='ltr'><strong>potesta-</strong></span> 
     </span>
    </p>
   </div>
   <div class='ocr_carea' id='block_1_4' title="bbox 473 2241 1557 4380">
    <p class='ocr_par' dir='ltr' id='par_1_8' title="bbox 492 2241 1556 2461">
     <span class='ocr_line' id='line_1_24' title="bbox 493 2241 1556 2311; baseline 0.004 -21"><span class='ocrx_word' id='word_1_113' title='bbox 493 2250 621 2303; x_wconf 88' lang='lat' dir='ltr'><strong>tem,</strong></span> <span class='ocrx_word' id='word_1_114' title='bbox 647 2257 797 2306; x_wconf 89' lang='lat' dir='ltr'><strong>quam</strong></span> <span class='ocrx_word' id='word_1_115' title='bbox 821 2244 871 2291; x_wconf 89' lang='lat' dir='ltr'><strong>in</strong></span> <span class='ocrx_word' id='word_1_116' title='bbox 895 2243 1025 2290; x_wconf 85' lang='lat' dir='ltr'><strong>vivis</strong></span> <span class='ocrx_word' id='word_1_117' title='bbox 1038 2241 1228 2307; x_wconf 84' lang='lat' dir='ltr'><strong>ubique</strong></span> <span class='ocrx_word' id='word_1_118' title='bbox 1247 2242 1556 2311; x_wconf 82' lang='lat' dir='ltr'><strong>vindicarat,</strong></span> 
     </span>
     <span class='ocr_line' id='line_1_25' title="bbox 492 2319 1556 2383; baseline 0.005 -16"><span class='ocrx_word' id='word_1_119' title='bbox 492 2334 630 2370; x_wconf 87' lang='lat' dir='ltr'><strong>nunc</strong></span> <span class='ocrx_word' id='word_1_120' title='bbox 649 2320 879 2383; x_wconf 84' lang='lat' dir='ltr'><strong>privatas</strong></span> <span class='ocrx_word' id='word_1_121' title='bbox 899 2319 1129 2369; x_wconf 84' lang='lat' dir='ltr'><strong>Vindicis</strong></span> <span class='ocrx_word' id='word_1_122' title='bbox 1151 2320 1291 2369; x_wconf 75' lang='lat' dir='ltr'><strong>aedes</strong></span> <span class='ocrx_word' id='word_1_123' title='bbox 1314 2321 1471 2370; x_wconf 79' lang='lat' dir='ltr'><strong>colit:</strong></span> <span class='ocrx_word' id='word_1_124' title='bbox 1499 2330 1556 2372; x_wconf 89' lang='lat' dir='ltr'><strong>et</strong></span> 
     </span>
     <span class='ocr_line' id='line_1_26' title="bbox 492 2398 1487 2461; baseline 0.005 -17"><span class='ocrx_word' id='word_1_125' title='bbox 492 2398 637 2460; x_wconf 84' lang='lat' dir='ltr'><strong>quasi</strong></span> <span class='ocrx_word' id='word_1_126' title='bbox 662 2398 823 2446; x_wconf 80' lang='lat' dir='ltr'><strong>voluit</strong></span> <span class='ocrx_word' id='word_1_127' title='bbox 842 2398 892 2446; x_wconf 89' lang='lat' dir='ltr'><strong>in</strong></span> <span class='ocrx_word' id='word_1_128' title='bbox 918 2398 1137 2461; x_wconf 86' lang='lat' dir='ltr'><strong>privatis</strong></span> <span class='ocrx_word' id='word_1_129' title='bbox 1158 2399 1348 2459; x_wconf 79' lang='lat' dir='ltr'><strong>mensis</strong></span> <span class='ocrx_word' id='word_1_130' title='bbox 1370 2401 1487 2450; x_wconf 85' lang='lat' dir='ltr'><strong>coli.</strong></span> 
     </span>
    </p>

    <p class='ocr_par' dir='ltr' id='par_1_9' title="bbox 486 2476 1557 2773">
     <span class='ocr_line' id='line_1_27' title="bbox 557 2476 1557 2541; baseline 0.003 -17"><span class='ocrx_word' id='word_1_131' title='bbox 557 2480 619 2525; x_wconf 71' lang='lat'><strong>13</strong></span> <span class='ocrx_word' id='word_1_132' title='bbox 653 2476 919 2539; x_wconf 71' lang='lat' dir='ltr'><strong>Molorchi]</strong></span> <span class='ocrx_word' id='word_1_133' title='bbox 953 2478 1057 2528; x_wconf 84' lang='lat' dir='ltr'><strong>Qui</strong></span> <span class='ocrx_word' id='word_1_134' title='bbox 1089 2483 1268 2541; x_wconf 86' lang='lat' dir='ltr'><strong>pastor</strong></span> <span class='ocrx_word' id='word_1_135' title='bbox 1291 2479 1557 2541; x_wconf 78' lang='lat' dir='ltr'><strong>Nemaees,</strong></span> 
     </span>
     <span class='ocr_line' id='line_1_28' title="bbox 489 2553 1557 2618; baseline 0.003 -17"><span class='ocrx_word' id='word_1_136' title='bbox 489 2555 634 2618; x_wconf 89' lang='lat' dir='ltr'><strong>cujus</strong></span> <span class='ocrx_word' id='word_1_137' title='bbox 652 2553 844 2603; x_wconf 86' lang='lat' dir='ltr'><strong>indicio</strong></span> <span class='ocrx_word' id='word_1_138' title='bbox 875 2553 1135 2603; x_wconf 88' lang='lat' dir='ltr'><strong>Hercules</strong></span> <span class='ocrx_word' id='word_1_139' title='bbox 1158 2554 1224 2603; x_wconf 88' lang='lat' dir='ltr'><strong>ab</strong></span> <span class='ocrx_word' id='word_1_140' title='bbox 1248 2569 1311 2603; x_wconf 89' lang='lat' dir='ltr'><strong>eo</strong></span> <span class='ocrx_word' id='word_1_141' title='bbox 1331 2555 1557 2617; x_wconf 85' lang='lat' dir='ltr'><strong>bospitio</strong></span> 
     </span>
     <span class='ocr_line' id='line_1_29' title="bbox 486 2630 1556 2695; baseline 0.005 -15"><span class='ocrx_word' id='word_1_142' title='bbox 486 2638 761 2695; x_wconf 77' lang='lat' dir='ltr'><strong>exceptus,</strong></span> <span class='ocrx_word' id='word_1_143' title='bbox 775 2630 938 2681; x_wconf 83' lang='lat' dir='ltr'><strong>feram</strong></span> <span class='ocrx_word' id='word_1_144' title='bbox 954 2632 1253 2682; x_wconf 80' lang='lat' dir='ltr'><strong>Nemeaeam</strong></span> <span class='ocrx_word' id='word_1_145' title='bbox 1271 2632 1556 2685; x_wconf 80' lang='lat' dir='ltr'><strong>interfecit.</strong></span> 
     </span>
     <span class='ocr_line' id='line_1_30' title="bbox 490 2710 1232 2773; baseline 0.003 -15"><span class='ocrx_word' id='word_1_146' title='bbox 490 2710 674 2773; x_wconf 84' lang='lat' dir='ltr'><strong>Epigr.</strong></span> <span class='ocrx_word' id='word_1_147' title='bbox 696 2714 777 2760; x_wconf 77' lang='lat'><strong>64.</strong></span> <span class='ocrx_word' id='word_1_148' title='bbox 801 2711 891 2759; x_wconf 87' lang='lat' dir='ltr'><strong>lib.</strong></span> <span class='ocrx_word' id='word_1_149' title='bbox 916 2714 967 2758; x_wconf 85' lang='grc'><strong>4.</strong></span> <span class='ocrx_word' id='word_1_150' title='bbox 992 2724 1128 2759; x_wconf 81' lang='lat' dir='ltr'><strong>vers.</strong></span> <span class='ocrx_word' id='word_1_151' title='bbox 1149 2714 1232 2760; x_wconf 76' lang='lat'><strong>30.</strong></span> 
     </span>
    </p>

    <p class='ocr_par' dir='ltr' id='par_1_10' title="bbox 486 2785 1554 2925">
     <span class='ocr_line' id='line_1_31' title="bbox 532 2785 1554 2848; baseline 0 -13"><span class='ocrx_word' id='word_1_152' title='bbox 532 2787 696 2836; x_wconf 74' lang='lat' dir='ltr'><strong>Eme.</strong></span> <span class='ocrx_word' id='word_1_153' title='bbox 715 2799 844 2836; x_wconf 61' lang='lat' dir='ltr'><strong>xcv.</strong></span> <span class='ocrx_word' id='word_1_154' title='bbox 864 2785 1192 2848; x_wconf 86' lang='lat' dir='ltr'><strong>Elegantiam</strong></span> <span class='ocrx_word' id='word_1_155' title='bbox 1208 2793 1264 2835; x_wconf 89' lang='lat' dir='ltr'><strong>et</strong></span> <span class='ocrx_word' id='word_1_156' title='bbox 1278 2785 1554 2836; x_wconf 63' lang='lat' dir='ltr'><strong>artificium</strong></span> 
     </span>
     <span class='ocr_line' id='line_1_32' title="bbox 486 2861 1554 2925; baseline 0.006 -16"><span class='ocrx_word' id='word_1_157' title='bbox 486 2862 716 2925; x_wconf 83' lang='lat' dir='ltr'><strong>ejusdem</strong></span> <span class='ocrx_word' id='word_1_158' title='bbox 738 2869 928 2911; x_wconf 83' lang='lat' dir='ltr'><strong>statuae</strong></span> <span class='ocrx_word' id='word_1_159' title='bbox 953 2862 1135 2911; x_wconf 88' lang='lat' dir='ltr'><strong>laudat</strong></span> <span class='ocrx_word' id='word_1_160' title='bbox 1154 2861 1348 2912; x_wconf 77' lang='lat' dir='ltr'><strong>artifex</strong></span> <span class='ocrx_word' id='word_1_161' title='bbox 1367 2864 1554 2916; x_wconf 73' lang='lat' dir='ltr'><strong>Poeta.</strong></span> 
     </span>
    </p>

    <p class='ocr_par' dir='ltr' id='par_1_11' title="bbox 473 2939 1553 4380">
     <span class='ocr_line' id='line_1_33' title="bbox 554 2939 1550 3003; baseline 0.004 -16"><span class='ocrx_word' id='word_1_162' title='bbox 554 2943 581 2988; x_wconf 88' lang='lat'>1</span> <span class='ocrx_word' id='word_1_163' title='bbox 614 2939 814 2988; x_wconf 78' lang='lat' dir='ltr'><strong>Alciden</strong></span> <span class='ocrx_word' id='word_1_164' title='bbox 831 2939 983 2999; x_wconf 87' lang='lat' dir='ltr'><strong>modo,</strong></span> <span class='ocrx_word' id='word_1_165' title='bbox 1003 2940 1111 3003; x_wconf 53' lang='grc' dir='ltr'><strong>ξφ]</strong></span> <span class='ocrx_word' id='word_1_166' title='bbox 1160 2939 1401 2990; x_wconf 89' lang='lat' dir='ltr'><strong>Herculis</strong></span> <span class='ocrx_word' id='word_1_167' title='bbox 1425 2942 1550 2991; x_wconf 85' lang='lat' dir='ltr'><strong>ima-</strong></span> 
     </span>
     <span class='ocr_line' id='line_1_34' title="bbox 486 3014 1553 3083; baseline 0.004 -19"><span class='ocrx_word' id='word_1_168' title='bbox 486 3015 681 3078; x_wconf 80' lang='lat' dir='ltr'><strong>ginem,</strong></span> <span class='ocrx_word' id='word_1_169' title='bbox 712 3014 781 3065; x_wconf 88' lang='lat' dir='ltr'><strong>de</strong></span> <span class='ocrx_word' id='word_1_170' title='bbox 815 3030 918 3080; x_wconf 89' lang='lat' dir='ltr'><strong>qua</strong></span> <span class='ocrx_word' id='word_1_171' title='bbox 958 3016 1136 3079; x_wconf 78' lang='lat' dir='ltr'><strong>Epigr.</strong></span> <span class='ocrx_word' id='word_1_172' title='bbox 1160 3017 1386 3080; x_wconf 81' lang='lat' dir='ltr'><strong>praeced.</strong></span> <span class='ocrx_word' id='word_1_173' title='bbox 1409 3019 1553 3083; x_wconf 88' lang='lat' dir='ltr'><strong>Lips.</strong></span> 
     </span>
     <span class='ocr_line' id='line_1_35' title="bbox 482 3092 1552 3162; baseline 0.008 -23"><span class='ocrx_word' id='word_1_174' title='bbox 482 3092 575 3162; x_wconf 73' lang='lat' dir='ltr'><strong>lib.</strong></span> <span class='ocrx_word' id='word_1_175' title='bbox 595 3097 643 3143; x_wconf 91' lang='lat'><strong>1.</strong></span> <span class='ocrx_word' id='word_1_176' title='bbox 668 3094 871 3147; x_wconf 74' lang='lat' dir='ltr'><strong>Quaest.</strong></span> <span class='ocrx_word' id='word_1_177' title='bbox 888 3093 1063 3157; x_wconf 89' lang='lat' dir='ltr'><strong>Epist.</strong></span> <span class='ocrx_word' id='word_1_178' title='bbox 1079 3099 1129 3144; x_wconf 84' lang='lat'><strong>5.</strong></span> <span class='ocrx_word' id='word_1_179' title='bbox 1153 3094 1303 3159; x_wconf 89' lang='lat' dir='ltr'><strong>legit,</strong></span> <span class='ocrx_word' id='word_1_180' title='bbox 1323 3096 1518 3147; x_wconf 75' lang='lat' dir='ltr'><strong>Alcides</strong></span> <span class='ocrx_word' id='word_1_181' title='bbox 1533 3114 1552 3148; x_wconf 69' lang='grc' dir='ltr'><strong><em>ε</em></strong></span> 
     </span>
     <span class='ocr_line' id='line_1_36' title="bbox 484 3169 1552 3234; baseline 0.008 -17"><span class='ocrx_word' id='word_1_182' title='bbox 484 3169 609 3234; x_wconf 87' lang='lat' dir='ltr'><strong>quia</strong></span> <span class='ocrx_word' id='word_1_183' title='bbox 642 3184 745 3218; x_wconf 90' lang='lat' dir='ltr'><strong>non</strong></span> <span class='ocrx_word' id='word_1_184' title='bbox 777 3170 947 3233; x_wconf 88' lang='lat' dir='ltr'><strong>ipsum</strong></span> <span class='ocrx_word' id='word_1_185' title='bbox 976 3172 1259 3223; x_wconf 84' lang='lat' dir='ltr'><strong>Herculem</strong></span> <span class='ocrx_word' id='word_1_186' title='bbox 1292 3174 1552 3226; x_wconf 79' lang='lat' dir='ltr'><strong>Martialis</strong></span> 
     </span>
     <span class='ocr_line' id='line_1_37' title="bbox 481 3246 1550 3316; baseline 0.008 -21"><span class='ocrx_word' id='word_1_187' title='bbox 481 3246 840 3309; x_wconf 80' lang='lat' dir='ltr'><strong>interrogabat</strong></span> <span class='ocrx_word' id='word_1_188' title='bbox 877 3246 1095 3313; x_wconf 90' lang='lat' dir='ltr'><strong>(inquit)</strong></span> <span class='ocrx_word' id='word_1_189' title='bbox 1128 3250 1223 3299; x_wconf 86' lang='lat' dir='ltr'><strong>sed</strong></span> <span class='ocrx_word' id='word_1_190' title='bbox 1254 3251 1430 3316; x_wconf 87' lang='lat' dir='ltr'><strong>alium,</strong></span> <span class='ocrx_word' id='word_1_191' title='bbox 1448 3255 1550 3304; x_wconf 63' lang='lat' dir='ltr'><strong>dcc.</strong></span> 
     </span>
     <span class='ocr_line' id='line_1_38' title="bbox 479 3323 1548 3394; baseline 0.007 -20"><span class='ocrx_word' id='word_1_192' title='bbox 479 3323 587 3374; x_wconf 84' lang='lat' dir='ltr'><strong>Sed</strong></span> <span class='ocrx_word' id='word_1_193' title='bbox 619 3330 797 3387; x_wconf 88' lang='lat' dir='ltr'><strong>posset</strong></span> <span class='ocrx_word' id='word_1_194' title='bbox 817 3338 935 3373; x_wconf 89' lang='lat' dir='ltr'><strong>esse</strong></span> <span class='ocrx_word' id='word_1_195' title='bbox 959 3326 1160 3388; x_wconf 83' lang='lat' dir='ltr'><strong>phrasis</strong></span> <span class='ocrx_word' id='word_1_196' title='bbox 1192 3328 1399 3390; x_wconf 58' lang='lat' dir='ltr'><strong>Oreos,</strong></span> <span class='ocrx_word' id='word_1_197' title='bbox 1430 3345 1548 3394; x_wconf 70' lang='lat' dir='ltr'><strong>quas</strong></span> 
     </span>
     <span class='ocr_line' id='line_1_39' title="bbox 481 3400 1549 3458; baseline 0.008 -9"><span class='ocrx_word' id='word_1_198' title='bbox 481 3400 685 3450; x_wconf 88' lang='lat' dir='ltr'><strong>Latinis</strong></span> <span class='ocrx_word' id='word_1_199' title='bbox 721 3400 879 3450; x_wconf 87' lang='lat' dir='ltr'><strong>etiam</strong></span> <span class='ocrx_word' id='word_1_200' title='bbox 911 3401 1056 3452; x_wconf 88' lang='lat' dir='ltr'><strong>trita.</strong></span> <span class='ocrx_word' id='word_1_201' title='bbox 1120 3403 1334 3455; x_wconf 83' lang='lat' dir='ltr'><strong>Terent.</strong></span> <span class='ocrx_word' id='word_1_202' title='bbox 1353 3406 1369 3433; x_wconf 90' lang='lat'>‘</span> <span class='ocrx_word' id='word_1_203' title='bbox 1394 3406 1549 3458; x_wconf 84' lang='lat' dir='ltr'><strong>Post-</strong></span> 
     </span>
     <span class='ocr_line' id='line_1_40' title="bbox 479 3475 1550 3547; baseline 0.007 -22"><span class='ocrx_word' id='word_1_204' title='bbox 479 3483 634 3541; x_wconf 85' lang='lat' dir='ltr'><strong>quam</strong></span> <span class='ocrx_word' id='word_1_205' title='bbox 658 3475 769 3540; x_wconf 91' lang='lat' dir='ltr'><strong>ejus</strong></span> <span class='ocrx_word' id='word_1_206' title='bbox 791 3476 1017 3526; x_wconf 86' lang='lat' dir='ltr'><strong>animum</strong></span> <span class='ocrx_word' id='word_1_207' title='bbox 1040 3480 1307 3542; x_wconf 84' lang='lat' dir='ltr'><strong>perspexi,</strong></span> <span class='ocrx_word' id='word_1_208' title='bbox 1338 3497 1550 3547; x_wconf 88' lang='lat' dir='ltr'><strong>quomo-</strong></span> 
     </span>
     <span class='ocr_line' id='line_1_41' title="bbox 481 3553 1552 3624; baseline 0.007 -21"><span class='ocrx_word' id='word_1_209' title='bbox 481 3554 549 3604; x_wconf 87' lang='lat' dir='ltr'><strong>do</strong></span> <span class='ocrx_word' id='word_1_210' title='bbox 588 3568 703 3604; x_wconf 87' lang='lat' dir='ltr'><strong>sese</strong></span> <span class='ocrx_word' id='word_1_211' title='bbox 759 3553 983 3603; x_wconf 84' lang='lat' dir='ltr'><strong>haberet</strong></span> <span class='ocrx_word' id='word_1_212' title='bbox 1028 3555 1094 3603; x_wconf 88' lang='lat' dir='ltr'><strong>ad</strong></span> <span class='ocrx_word' id='word_1_213' title='bbox 1142 3558 1391 3620; x_wconf 64' lang='lat' dir='ltr'><strong>nuptias!</strong></span> <span class='ocrx_word' id='word_1_214' title='bbox 1461 3562 1552 3624; x_wconf 84' lang='lat' dir='ltr'><strong>Et,</strong></span> 
     </span>
     <span class='ocr_line' id='line_1_42' title="bbox 474 3631 1549 3695; baseline 0.007 -15"><span class='ocrx_word' id='word_1_215' title='bbox 474 3632 490 3659; x_wconf 91' lang='lat'>‘</span> <span class='ocrx_word' id='word_1_216' title='bbox 512 3631 751 3682; x_wconf 84' lang='lat' dir='ltr'><strong>Fratrem</strong></span> <span class='ocrx_word' id='word_1_217' title='bbox 773 3631 907 3681; x_wconf 89' lang='lat' dir='ltr'><strong>male</strong></span> <span class='ocrx_word' id='word_1_218' title='bbox 929 3638 1128 3695; x_wconf 88' lang='lat' dir='ltr'><strong>metuo,</strong></span> <span class='ocrx_word' id='word_1_219' title='bbox 1150 3647 1217 3683; x_wconf 87' lang='lat' dir='ltr'><strong>ne</strong></span> <span class='ocrx_word' id='word_1_220' title='bbox 1246 3634 1387 3685; x_wconf 80' lang='lat' dir='ltr'><strong>intus</strong></span> <span class='ocrx_word' id='word_1_221' title='bbox 1407 3638 1549 3688; x_wconf 58' lang='lat' dir='ltr'><strong>siet!</strong></span> 
     </span>
     <span class='ocr_line' id='line_1_43' title="bbox 476 3708 1550 3775; baseline 0.007 -18"><span class='ocrx_word' id='word_1_222' title='bbox 476 3709 580 3759; x_wconf 82' lang='lat' dir='ltr'><strong>sed</strong></span> <span class='ocrx_word' id='word_1_223' title='bbox 615 3708 792 3759; x_wconf 81' lang='lat' dir='ltr'><strong>nescio</strong></span> <span class='ocrx_word' id='word_1_224' title='bbox 825 3709 1080 3773; x_wconf 88' lang='lat' dir='ltr'><strong>quomodo</strong></span> <span class='ocrx_word' id='word_1_225' title='bbox 1112 3710 1225 3760; x_wconf 79' lang='lat' dir='ltr'><strong>haee</strong></span> <span class='ocrx_word' id='word_1_226' title='bbox 1264 3713 1550 3775; x_wconf 83' lang='lat' dir='ltr'><strong>explicatio</strong></span> 
     </span>
     <span class='ocr_line' id='line_1_44' title="bbox 475 3786 1550 3854; baseline 0.005 -19"><span class='ocrx_word' id='word_1_227' title='bbox 475 3787 648 3854; x_wconf 84' lang='lat' dir='ltr'><strong>locum</strong></span> <span class='ocrx_word' id='word_1_228' title='bbox 689 3786 883 3836; x_wconf 86' lang='lat' dir='ltr'><strong>habere</strong></span> <span class='ocrx_word' id='word_1_229' title='bbox 927 3793 1087 3852; x_wconf 89' lang='lat' dir='ltr'><strong>queat</strong></span> <span class='ocrx_word' id='word_1_230' title='bbox 1103 3790 1124 3837; x_wconf 73' lang='grc' dir='ltr'><strong>ι’</strong></span> <span class='ocrx_word' id='word_1_231' title='bbox 1176 3788 1347 3838; x_wconf 84' lang='lat' dir='ltr'><strong>Addit</strong></span> <span class='ocrx_word' id='word_1_232' title='bbox 1390 3791 1550 3854; x_wconf 88' lang='lat' dir='ltr'><strong>enim,</strong></span> 
     </span>
     <span class='ocr_line' id='line_1_45' title="bbox 473 3855 1547 3928; baseline 0.005 -17"><span class='ocrx_word' id='word_1_233' title='bbox 473 3863 490 3889; x_wconf 85' lang='lat'>‘</span> <span class='ocrx_word' id='word_1_234' title='bbox 515 3855 668 3928; x_wconf 58' lang='lat' dir='ltr'><strong>Risit,</strong></span> <span class='ocrx_word' id='word_1_235' title='bbox 698 3863 820 3913; x_wconf 77' lang='lat' dir='ltr'><strong>nam&#39;</strong></span> <span class='ocrx_word' id='word_1_236' title='bbox 851 3865 986 3914; x_wconf 88' lang='lat' dir='ltr'><strong>solet</strong></span> <span class='ocrx_word' id='word_1_237' title='bbox 1022 3864 1160 3914; x_wconf 66' lang='lat' dir='ltr'><strong>hoc!</strong></span> <span class='ocrx_word' id='word_1_238' title='bbox 1226 3864 1326 3915; x_wconf 88' lang='lat' dir='ltr'><strong>His</strong></span> <span class='ocrx_word' id='word_1_239' title='bbox 1374 3867 1547 3917; x_wconf 85' lang='lat' dir='ltr'><strong>verbis</strong></span> 
     </span>
     <span class='ocr_line' id='line_1_46' title="bbox 476 3939 1544 4006; baseline 0.007 -20"><span class='ocrx_word' id='word_1_240' title='bbox 476 3939 669 3988; x_wconf 83' lang='lat' dir='ltr'><strong>clarum</strong></span> <span class='ocrx_word' id='word_1_241' title='bbox 691 3947 791 4004; x_wconf 82' lang='lat' dir='ltr'><strong>est,</strong></span> <span class='ocrx_word' id='word_1_242' title='bbox 813 3940 1037 4005; x_wconf 86' lang='lat' dir='ltr'><strong>aliquem</strong></span> <span class='ocrx_word' id='word_1_243' title='bbox 1060 3940 1326 4006; x_wconf 81' lang='lat' dir='ltr'><strong>designari</strong></span> <span class='ocrx_word' id='word_1_244' title='bbox 1348 3956 1378 4002; x_wconf 73' lang='lat' dir='ltr'><strong>a</strong></span> <span class='ocrx_word' id='word_1_245' title='bbox 1400 3944 1544 3995; x_wconf 90' lang='lat' dir='ltr'><strong>Mar-</strong></span> 
     </span>
     <span class='ocr_line' id='line_1_47' title="bbox 475 4016 944 4068; baseline 0.009 -5"><span class='ocrx_word' id='word_1_246' title='bbox 475 4016 602 4064; x_wconf 86' lang='lat' dir='ltr'><strong>tiale</strong></span> <span class='ocrx_word' id='word_1_247' title='bbox 623 4017 944 4068; x_wconf 87' lang='lat' dir='ltr'><strong>nominatim.</strong></span> 
     </span>
     <span class='ocr_line' id='line_1_48' title="bbox 489 4091 1539 4158; baseline 0.006 -15"><span class='ocrx_word' id='word_1_248' title='bbox 489 4137 498 4143; x_wconf 79' lang='grc'><strong><em>,</em></strong></span> <span class='ocrx_word' id='word_1_249' title='bbox 540 4096 570 4139; x_wconf 82' lang='grc'><strong><em>5</em></strong></span> <span class='ocrx_word' id='word_1_250' title='bbox 596 4092 838 4155; x_wconf 77' lang='lat' dir='ltr'><strong>Inscripta</strong></span> <span class='ocrx_word' id='word_1_251' title='bbox 857 4099 929 4143; x_wconf 80' lang='lat' dir='ltr'><strong>est</strong></span> <span class='ocrx_word' id='word_1_252' title='bbox 947 4091 1098 4158; x_wconf 75' lang='lat' dir='ltr'><strong>basis]</strong></span> <span class='ocrx_word' id='word_1_253' title='bbox 1133 4097 1283 4147; x_wconf 86' lang='lat' dir='ltr'><strong>Basis</strong></span> <span class='ocrx_word' id='word_1_254' title='bbox 1306 4096 1539 4149; x_wconf 81' lang='lat' dir='ltr'><strong>subster-</strong></span> 
     </span>
     <span class='ocr_line' id='line_1_49' title="bbox 474 4166 1540 4236; baseline 0.01 -21"><span class='ocrx_word' id='word_1_255' title='bbox 474 4166 701 4215; x_wconf 84' lang='lat' dir='ltr'><strong>nebatur</strong></span> <span class='ocrx_word' id='word_1_256' title='bbox 722 4167 908 4230; x_wconf 87' lang='lat' dir='ltr'><strong>statuis</strong></span> <span class='ocrx_word' id='word_1_257' title='bbox 926 4184 942 4229; x_wconf 88' lang='lat'>;</span> <span class='ocrx_word' id='word_1_258' title='bbox 960 4170 1046 4219; x_wconf 90' lang='lat' dir='ltr'><strong>cui</strong></span> <span class='ocrx_word' id='word_1_259' title='bbox 1065 4178 1156 4221; x_wconf 90' lang='lat' dir='ltr'><strong>aut</strong></span> <span class='ocrx_word' id='word_1_260' title='bbox 1178 4172 1421 4236; x_wconf 82' lang='lat' dir='ltr'><strong>artificis,</strong></span> <span class='ocrx_word' id='word_1_261' title='bbox 1446 4182 1540 4226; x_wconf 88' lang='lat' dir='ltr'><strong>aut</strong></span> 
     </span>
     <span class='ocr_line' id='line_1_50' title="bbox 477 4241 1538 4312; baseline 0.012 -23"><span class='ocrx_word' id='word_1_262' title='bbox 477 4241 810 4304; x_wconf 74' lang='lat' dir='ltr'><strong>dedicatoria,</strong></span> <span class='ocrx_word' id='word_1_263' title='bbox 830 4250 923 4292; x_wconf 89' lang='lat' dir='ltr'><strong>aut</strong></span> <span class='ocrx_word' id='word_1_264' title='bbox 944 4246 1055 4308; x_wconf 87' lang='lat' dir='ltr'><strong>ejus</strong></span> <span class='ocrx_word' id='word_1_265' title='bbox 1079 4250 1231 4312; x_wconf 89' lang='lat' dir='ltr'><strong>cujus</strong></span> <span class='ocrx_word' id='word_1_266' title='bbox 1254 4257 1398 4301; x_wconf 83' lang='lat' dir='ltr'><strong>esset</strong></span> <span class='ocrx_word' id='word_1_267' title='bbox 1433 4260 1538 4301; x_wconf 88' lang='lat' dir='ltr'><strong>sta·</strong></span> 
     </span>
     <span class='ocr_line' id='line_1_51' title="bbox 476 4320 1538 4380; baseline 0.011 -11"><span class='ocrx_word' id='word_1_268' title='bbox 476 4323 586 4379; x_wconf 85' lang='lat' dir='ltr'><strong>tua,</strong></span> <span class='ocrx_word' id='word_1_269' title='bbox 622 4326 715 4369; x_wconf 89' lang='lat' dir='ltr'><strong>aut</strong></span> <span class='ocrx_word' id='word_1_270' title='bbox 748 4320 860 4372; x_wconf 74' lang='lat' dir='ltr'><strong>lia-c</strong></span> <span class='ocrx_word' id='word_1_271' title='bbox 891 4323 1061 4374; x_wconf 87' lang='lat' dir='ltr'><strong>omnia</strong></span> <span class='ocrx_word' id='word_1_272' title='bbox 1100 4325 1253 4376; x_wconf 83' lang='lat' dir='ltr'><strong>simul</strong></span> <span class='ocrx_word' id='word_1_273' title='bbox 1289 4328 1538 4380; x_wconf 64' lang='lat' dir='ltr'><strong>inscribe⁴</strong></span> 
     </span>
    </p>
   </div>
   <div class='ocr_carea' id='block_1_5' title="bbox 1206 399 2003 453">
    <p class='ocr_par' dir='ltr' id='par_1_12' title="bbox 1206 399 2003 453">
     <span class='ocr_line' id='line_1_52' title="bbox 1206 399 2003 453; baseline 0 -5"><span class='ocrx_word' id='word_1_274' title='bbox 1206 399 1420 448; x_wconf 70' lang='lat' dir='ltr'><strong>No&#39;rAE.</strong></span> <span class='ocrx_word' id='word_1_275' title='bbox 1470 399 1870 448; x_wconf 73' lang='lat' dir='ltr'>VARIORUM</span> <span class='ocrx_word' id='word_1_276' title='bbox 1923 403 2003 453; x_wconf 77' lang='lat' dir='ltr'><strong>1N</strong></span> 
     </span>
    </p>
   </div>
   <div class='ocr_carea' id='block_1_6' title="bbox 1622 541 2711 3394">
    <p class='ocr_par' dir='ltr' id='par_1_13' title="bbox 1640 541 2702 683">
     <span class='ocr_line' id='line_1_53' title="bbox 1642 541 2702 609; baseline 0.011 -19"><span class='ocrx_word' id='word_1_277' title='bbox 1642 541 1848 606; x_wconf 84' lang='lat' dir='ltr'><strong>bantur,</strong></span> <span class='ocrx_word' id='word_1_278' title='bbox 1872 550 1929 594; x_wconf 89' lang='lat' dir='ltr'><strong>et</strong></span> <span class='ocrx_word' id='word_1_279' title='bbox 1945 559 2008 594; x_wconf 85' lang='lat' dir='ltr'><strong>ea</strong></span> <span class='ocrx_word' id='word_1_280' title='bbox 2023 544 2214 609; x_wconf 62' lang='lat' dir='ltr'><strong>saepius</strong></span> <span class='ocrx_word' id='word_1_281' title='bbox 2231 561 2260 597; x_wconf 86' lang='lat' dir='ltr'><strong>e</strong></span> <span class='ocrx_word' id='word_1_282' title='bbox 2285 560 2555 602; x_wconf 75' lang='lat' dir='ltr'><strong>marmore.</strong></span> <span class='ocrx_word' id='word_1_283' title='bbox 2590 553 2702 601; x_wconf 85' lang='lat' dir='ltr'><strong>Pli-</strong></span> 
     </span>
     <span class='ocr_line' id='line_1_54' title="bbox 1640 617 2513 683; baseline 0.01 -16"><span class='ocrx_word' id='word_1_284' title='bbox 1640 619 1753 668; x_wconf 88' lang='lat' dir='ltr'><strong>nius</strong></span> <span class='ocrx_word' id='word_1_285' title='bbox 1772 620 1936 683; x_wconf 90' lang='lat' dir='ltr'><strong>Epist.</strong></span> <span class='ocrx_word' id='word_1_286' title='bbox 1962 626 2011 670; x_wconf 94' lang='grc'><strong>6.</strong></span> <span class='ocrx_word' id='word_1_287' title='bbox 2031 617 2129 672; x_wconf 66' lang='lat' dir='ltr'><strong>lib.</strong></span> <span class='ocrx_word' id='word_1_288' title='bbox 2149 627 2196 673; x_wconf 77' lang='grc'><strong>3.</strong></span> <span class='ocrx_word' id='word_1_289' title='bbox 2232 624 2440 676; x_wconf 76' lang='lat' dir='ltr'><strong>Heratd.</strong></span> <span class='ocrx_word' id='word_1_290' title='bbox 2508 656 2513 659; x_wconf 91' lang='lat'><em>-</em></span> 
     </span>
    </p>

    <p class='ocr_par' dir='ltr' id='par_1_14' title="bbox 1633 698 2711 1455">
     <span class='ocr_line' id='line_1_55' title="bbox 1702 698 2707 768; baseline 0.013 -24"><span class='ocrx_word' id='word_1_291' title='bbox 1702 701 1735 745; x_wconf 82' lang='lat'><strong>6</strong></span> <span class='ocrx_word' id='word_1_292' title='bbox 1766 698 2007 746; x_wconf 75' lang='grc' dir='ltr'><strong>Λυσίππου</strong></span> <span class='ocrx_word' id='word_1_293' title='bbox 2058 700 2188 764; x_wconf 76' lang='lat' dir='ltr'><strong>lego]</strong></span> <span class='ocrx_word' id='word_1_294' title='bbox 2245 700 2565 768; x_wconf 75' lang='lat' dir='ltr'><strong>inscriptum</strong></span> <span class='ocrx_word' id='word_1_295' title='bbox 2624 715 2707 757; x_wconf 87' lang='lat' dir='ltr'><strong>est</strong></span> 
     </span>
     <span class='ocr_line' id='line_1_56' title="bbox 1636 771 2705 841; baseline 0.01 -20"><span class='ocrx_word' id='word_1_296' title='bbox 1636 771 1796 834; x_wconf 74' lang='grc' dir='ltr'><strong><em>βάσει,</em></strong></span> <span class='ocrx_word' id='word_1_297' title='bbox 1835 779 2161 839; x_wconf 64' lang='grc' dir='ltr'><strong>ΛΥΣΠῘΠΟΤ,</strong></span> <span class='ocrx_word' id='word_1_298' title='bbox 2193 774 2335 841; x_wconf 54' lang='grc' dir='ltr'><strong>ἔργων’</strong></span> <span class='ocrx_word' id='word_1_299' title='bbox 2377 781 2494 831; x_wconf 82' lang='lat' dir='ltr'><strong>scil.</strong></span> <span class='ocrx_word' id='word_1_300' title='bbox 2579 781 2705 832; x_wconf 79' lang='lat' dir='ltr'><strong>Non</strong></span> 
     </span>
     <span class='ocr_line' id='line_1_57' title="bbox 1638 853 2704 922; baseline 0.009 -24"><span class='ocrx_word' id='word_1_301' title='bbox 1638 859 1810 900; x_wconf 88' lang='lat' dir='ltr'><strong>autem</strong></span> <span class='ocrx_word' id='word_1_302' title='bbox 1849 853 2088 904; x_wconf 88' lang='lat' dir='ltr'><strong>omnibus</strong></span> <span class='ocrx_word' id='word_1_303' title='bbox 2127 855 2394 919; x_wconf 84' lang='lat' dir='ltr'><strong>operibus,</strong></span> <span class='ocrx_word' id='word_1_304' title='bbox 2428 857 2524 906; x_wconf 88' lang='lat' dir='ltr'><strong>sed</strong></span> <span class='ocrx_word' id='word_1_305' title='bbox 2565 872 2704 922; x_wconf 74' lang='lat' dir='ltr'><strong>pra:-</strong></span> 
     </span>
     <span class='ocr_line' id='line_1_58' title="bbox 1637 927 2707 990; baseline 0.01 -16"><span class='ocrx_word' id='word_1_306' title='bbox 1637 927 1994 990; x_wconf 84' lang='lat' dir='ltr'><strong>stantioribus,</strong></span> <span class='ocrx_word' id='word_1_307' title='bbox 2030 945 2216 980; x_wconf 89' lang='lat' dir='ltr'><strong>nomen</strong></span> <span class='ocrx_word' id='word_1_308' title='bbox 2257 947 2405 981; x_wconf 90' lang='lat' dir='ltr'><strong>suum</strong></span> <span class='ocrx_word' id='word_1_309' title='bbox 2449 933 2707 984; x_wconf 84' lang='lat' dir='ltr'><strong>inscribe-</strong></span> 
     </span>
     <span class='ocr_line' id='line_1_59' title="bbox 1636 1004 2707 1075; baseline 0.008 -23"><span class='ocrx_word' id='word_1_310' title='bbox 1636 1004 1761 1054; x_wconf 81' lang='lat' dir='ltr'><strong>bant</strong></span> <span class='ocrx_word' id='word_1_311' title='bbox 1777 1004 2033 1060; x_wconf 81' lang='lat' dir='ltr'><strong>artifices..</strong></span> <span class='ocrx_word' id='word_1_312' title='bbox 2087 1004 2279 1057; x_wconf 67' lang='lat' dir='ltr'><strong>Phidiae</strong></span> <span class='ocrx_word' id='word_1_313' title='bbox 2296 1011 2490 1074; x_wconf 73' lang='lat' dir='ltr'><strong>putavi]</strong></span> <span class='ocrx_word' id='word_1_314' title='bbox 2524 1010 2707 1075; x_wconf 85' lang='lat' dir='ltr'><strong>Itane,</strong></span> 
     </span>
     <span class='ocr_line' id='line_1_60' title="bbox 1633 1079 2708 1151; baseline 0.008 -23"><span class='ocrx_word' id='word_1_315' title='bbox 1633 1079 1802 1145; x_wconf 87' lang='lat' dir='ltr'><strong>inquit</strong></span> <span class='ocrx_word' id='word_1_316' title='bbox 1837 1081 2024 1142; x_wconf 68' lang='lat' dir='ltr'><strong>Poeta,</strong></span> <span class='ocrx_word' id='word_1_317' title='bbox 2057 1084 2273 1133; x_wconf 85' lang='lat' dir='ltr'><strong>hoccine</strong></span> <span class='ocrx_word' id='word_1_318' title='bbox 2311 1093 2393 1134; x_wconf 89' lang='lat' dir='ltr'><strong>est</strong></span> <span class='ocrx_word' id='word_1_319' title='bbox 2429 1101 2565 1150; x_wconf 83' lang='lat' dir='ltr'><strong>opus</strong></span> <span class='ocrx_word' id='word_1_320' title='bbox 2604 1089 2708 1151; x_wconf 79' lang='lat' dir='ltr'><strong>Ly·</strong></span> 
     </span>
     <span class='ocr_line' id='line_1_61' title="bbox 1634 1159 2711 1224; baseline 0.007 -18"><span class='ocrx_word' id='word_1_321' title='bbox 1634 1159 1770 1222; x_wconf 89' lang='lat' dir='ltr'><strong>sippi</strong></span> <span class='ocrx_word' id='word_1_322' title='bbox 1793 1160 1879 1224; x_wconf 87' lang='lat' dir='ltr'><strong>qui</strong></span> <span class='ocrx_word' id='word_1_323' title='bbox 1913 1159 2062 1209; x_wconf 86' lang='lat' dir='ltr'><strong>finxit</strong></span> <span class='ocrx_word' id='word_1_324' title='bbox 2088 1161 2487 1219; x_wconf 77' lang='lat' dir='ltr'><strong>Alexandrum?</strong></span> <span class='ocrx_word' id='word_1_325' title='bbox 2520 1165 2711 1214; x_wconf 86' lang='lat' dir='ltr'><strong>Credi·</strong></span> 
     </span>
     <span class='ocr_line' id='line_1_62' title="bbox 1635 1236 2706 1307; baseline 0.006 -22"><span class='ocrx_word' id='word_1_326' title='bbox 1635 1236 1811 1285; x_wconf 86' lang='lat' dir='ltr'><strong>deram</strong></span> <span class='ocrx_word' id='word_1_327' title='bbox 1833 1251 1933 1300; x_wconf 81' lang='lat' dir='ltr'><strong>ego</strong></span> <span class='ocrx_word' id='word_1_328' title='bbox 1956 1236 2111 1287; x_wconf 85' lang='lat' dir='ltr'><strong>fuisse</strong></span> <span class='ocrx_word' id='word_1_329' title='bbox 2154 1240 2354 1289; x_wconf 68' lang='lat' dir='ltr'><strong>Phidiae</strong></span> <span class='ocrx_word' id='word_1_330' title='bbox 2394 1243 2594 1304; x_wconf 87' lang='lat' dir='ltr'><strong>potius,</strong></span> <span class='ocrx_word' id='word_1_331' title='bbox 2618 1244 2706 1307; x_wconf 82' lang='lat' dir='ltr'><strong>qui</strong></span> 
     </span>
     <span class='ocr_line' id='line_1_63' title="bbox 1634 1310 2706 1376; baseline 0.008 -17"><span class='ocrx_word' id='word_1_332' title='bbox 1634 1310 1787 1360; x_wconf 80' lang='lat' dir='ltr'><strong>finxit</strong></span> <span class='ocrx_word' id='word_1_333' title='bbox 1822 1312 2028 1376; x_wconf 83' lang='lat' dir='ltr'><strong>Jovem,</strong></span> <span class='ocrx_word' id='word_1_334' title='bbox 2070 1323 2127 1364; x_wconf 89' lang='lat' dir='ltr'><strong>et</strong></span> <span class='ocrx_word' id='word_1_335' title='bbox 2158 1316 2377 1366; x_wconf 90' lang='lat' dir='ltr'><strong>nobilior</strong></span> <span class='ocrx_word' id='word_1_336' title='bbox 2414 1320 2706 1368; x_wconf 83' lang='lat' dir='ltr'><strong>statuarius</strong></span> 
     </span>
     <span class='ocr_line' id='line_1_64' title="bbox 1633 1389 2004 1455; baseline 0.003 -17"><span class='ocrx_word' id='word_1_337' title='bbox 1633 1389 1732 1439; x_wconf 86' lang='lat' dir='ltr'><strong>fuit</strong></span> <span class='ocrx_word' id='word_1_338' title='bbox 1758 1391 2004 1455; x_wconf 84' lang='lat' dir='ltr'><strong>Lysippo.</strong></span> 
     </span>
    </p>

    <p class='ocr_par' dir='ltr' id='par_1_15' title="bbox 1635 1468 2704 1675">
     <span class='ocr_line' id='line_1_65' title="bbox 1700 1468 2704 1537; baseline 0.006 -21"><span class='ocrx_word' id='word_1_339' title='bbox 1700 1468 1859 1518; x_wconf 73' lang='lat' dir='ltr'><strong>Eme.</strong></span> <span class='ocrx_word' id='word_1_340' title='bbox 1880 1481 2030 1521; x_wconf 68' lang='lat' dir='ltr'><strong>uvi.</strong></span> <span class='ocrx_word' id='word_1_341' title='bbox 2080 1468 2166 1519; x_wconf 84' lang='lat' dir='ltr'><strong>Ad</strong></span> <span class='ocrx_word' id='word_1_342' title='bbox 2202 1471 2470 1520; x_wconf 86' lang='lat' dir='ltr'><strong>Sarmatas</strong></span> <span class='ocrx_word' id='word_1_343' title='bbox 2494 1478 2553 1520; x_wconf 87' lang='lat' dir='ltr'><strong>et</strong></span> <span class='ocrx_word' id='word_1_344' title='bbox 2574 1473 2704 1537; x_wconf 81' lang='lat' dir='ltr'><strong>Scy·</strong></span> 
     </span>
     <span class='ocr_line' id='line_1_66' title="bbox 1637 1544 2703 1613; baseline 0.006 -21"><span class='ocrx_word' id='word_1_345' title='bbox 1637 1544 1751 1593; x_wconf 82' lang='lat' dir='ltr'><strong>thas</strong></span> <span class='ocrx_word' id='word_1_346' title='bbox 1773 1545 1964 1596; x_wconf 89' lang='lat' dir='ltr'><strong>iturum</strong></span> <span class='ocrx_word' id='word_1_347' title='bbox 1980 1547 2352 1598; x_wconf 78' lang='lat' dir='ltr'><strong>&#39;Marcellinum</strong></span> <span class='ocrx_word' id='word_1_348' title='bbox 2377 1547 2570 1613; x_wconf 83' lang='lat' dir='ltr'><strong>filium,</strong></span> <span class='ocrx_word' id='word_1_349' title='bbox 2614 1550 2703 1599; x_wconf 91' lang='lat' dir='ltr'><strong>ad-</strong></span> 
     </span>
     <span class='ocr_line' id='line_1_67' title="bbox 1635 1621 2402 1675; baseline 0.005 -5"><span class='ocrx_word' id='word_1_350' title='bbox 1635 1630 1811 1673; x_wconf 88' lang='lat' dir='ltr'><strong>monet</strong></span> <span class='ocrx_word' id='word_1_351' title='bbox 1834 1621 2023 1673; x_wconf 75' lang='lat' dir='ltr'><strong>fabulae</strong></span> <span class='ocrx_word' id='word_1_352' title='bbox 2050 1623 2402 1675; x_wconf 63' lang='lat' dir='ltr'><strong>Prometheae.</strong></span> 
     </span>
    </p>

    <p class='ocr_par' dir='ltr' id='par_1_16' title="bbox 1633 1699 2710 2074">
     <span class='ocr_line' id='line_1_68' title="bbox 1700 1699 2708 1767; baseline 0.005 -18"><span class='ocrx_word' id='word_1_353' title='bbox 1700 1705 1726 1749; x_wconf 92' lang='lat'>1</span> <span class='ocrx_word' id='word_1_354' title='bbox 1760 1699 1926 1762; x_wconf 76' lang='lat' dir='ltr'><strong>Miles,</strong></span> <span class='ocrx_word' id='word_1_355' title='bbox 1968 1703 2073 1766; x_wconf 53' lang='grc' dir='ltr'><strong>ξω]</strong></span> <span class='ocrx_word' id='word_1_356' title='bbox 2136 1702 2380 1764; x_wconf 80' lang='lat' dir='ltr'><strong>Quando,</strong></span> <span class='ocrx_word' id='word_1_357' title='bbox 2420 1703 2505 1750; x_wconf 87' lang='lat' dir='ltr'><strong>vel</strong></span> <span class='ocrx_word' id='word_1_358' title='bbox 2557 1711 2708 1767; x_wconf 88' lang='lat' dir='ltr'><strong>post-</strong></span> 
     </span>
     <span class='ocr_line' id='line_1_69' title="bbox 1635 1779 2706 1843; baseline 0.003 -16"><span class='ocrx_word' id='word_1_359' title='bbox 1635 1793 1786 1843; x_wconf 84' lang='lat' dir='ltr'><strong>quam</strong></span> <span class='ocrx_word' id='word_1_360' title='bbox 1830 1780 2014 1828; x_wconf 87' lang='lat' dir='ltr'><strong>tuleris</strong></span> <span class='ocrx_word' id='word_1_361' title='bbox 2061 1779 2151 1828; x_wconf 89' lang='lat' dir='ltr'><strong>diu</strong></span> <span class='ocrx_word' id='word_1_362' title='bbox 2192 1781 2376 1829; x_wconf 83' lang='lat' dir='ltr'><strong>coelum</strong></span> <span class='ocrx_word' id='word_1_363' title='bbox 2419 1780 2551 1829; x_wconf 88' lang='lat' dir='ltr'><strong>illud</strong></span> <span class='ocrx_word' id='word_1_364' title='bbox 2602 1782 2706 1830; x_wconf 88' lang='lat' dir='ltr'><strong>Bo-</strong></span> 
     </span>
     <span class='ocr_line' id='line_1_70' title="bbox 1635 1850 2710 1916; baseline 0.002 -13"><span class='ocrx_word' id='word_1_365' title='bbox 1635 1857 1793 1916; x_wconf 87' lang='lat' dir='ltr'><strong>reale,</strong></span> <span class='ocrx_word' id='word_1_366' title='bbox 1839 1854 2003 1905; x_wconf 87' lang='lat' dir='ltr'><strong>libeat</strong></span> <span class='ocrx_word' id='word_1_367' title='bbox 2041 1850 2197 1905; x_wconf 86' lang='lat' dir='ltr'><strong>etia&#39;m</strong></span> <span class='ocrx_word' id='word_1_368' title='bbox 2236 1856 2527 1906; x_wconf 83' lang='lat' dir='ltr'><strong>Caucasum</strong></span> <span class='ocrx_word' id='word_1_369' title='bbox 2574 1858 2710 1906; x_wconf 86' lang='lat' dir='ltr'><strong>invi-</strong></span> 
     </span>
     <span class='ocr_line' id='line_1_71' title="bbox 1633 1926 2709 1997; baseline 0.003 -16"><span class='ocrx_word' id='word_1_370' title='bbox 1633 1947 1770 1994; x_wconf 88' lang='lat' dir='ltr'><strong>sere,</strong></span> <span class='ocrx_word' id='word_1_371' title='bbox 1805 1935 1901 1982; x_wconf 86' lang='lat' dir='ltr'><strong>&amp;c.</strong></span> <span class='ocrx_word' id='word_1_372' title='bbox 1988 1933 2127 1982; x_wconf 89' lang='lat' dir='ltr'><strong>Vide</strong></span> <span class='ocrx_word' id='word_1_373' title='bbox 2152 1926 2346 1997; x_wconf 49' lang='lat' dir='ltr'><strong>‘Epign</strong></span> <span class='ocrx_word' id='word_1_374' title='bbox 2391 1937 2477 1982; x_wconf 82' lang='lat'><strong>2⁵.</strong></span> <span class='ocrx_word' id='word_1_375' title='bbox 2513 1933 2621 1984; x_wconf 89' lang='lat' dir='ltr'><strong>lib.·</strong></span> <span class='ocrx_word' id='word_1_376' title='bbox 2657 1939 2709 1985; x_wconf 83' lang='lat'><strong>6.</strong></span> 
     </span>
     <span class='ocr_line' id='line_1_72' title="bbox 1635 2010 2641 2074; baseline 0.003 -16"><span class='ocrx_word' id='word_1_377' title='bbox 1635 2023 1765 2058; x_wconf 81' lang='lat' dir='ltr'><strong>vers.</strong></span> <span class='ocrx_word' id='word_1_378' title='bbox 1783 2014 1833 2059; x_wconf 79' lang='lat'><strong>2.</strong></span> <span class='ocrx_word' id='word_1_379' title='bbox 1857 2023 1914 2058; x_wconf 88' lang='lat' dir='ltr'><strong>et</strong></span> <span class='ocrx_word' id='word_1_380' title='bbox 1935 2010 2117 2074; x_wconf 84' lang='lat' dir='ltr'><strong>Epigr.</strong></span> <span class='ocrx_word' id='word_1_381' title='bbox 2140 2014 2218 2059; x_wconf 91' lang='grc'><strong>11.</strong></span> <span class='ocrx_word' id='word_1_382' title='bbox 2241 2010 2331 2061; x_wconf 88' lang='lat' dir='ltr'><strong>lib.</strong></span> <span class='ocrx_word' id='word_1_383' title='bbox 2352 2015 2402 2059; x_wconf 77' lang='grc'><strong>4.</strong></span> <span class='ocrx_word' id='word_1_384' title='bbox 2427 2025 2572 2060; x_wconf 85' lang='lat' dir='ltr'><strong>vers.</strong></span> <span class='ocrx_word' id='word_1_385' title='bbox 2592 2015 2641 2061; x_wconf 75' lang='lat'><strong>3.</strong></span> 
     </span>
    </p>

    <p class='ocr_par' dir='ltr' id='par_1_17' title="bbox 1625 2084 2707 2694">
     <span class='ocr_line' id='line_1_73' title="bbox 1695 2084 2707 2150; baseline 0.002 -16"><span class='ocrx_word' id='word_1_386' title='bbox 1695 2090 1727 2134; x_wconf 87' lang='lat'>2</span> <span class='ocrx_word' id='word_1_387' title='bbox 1767 2087 1954 2150; x_wconf 76' lang='lat' dir='ltr'><strong>Getici]</strong></span> <span class='ocrx_word' id='word_1_388' title='bbox 2008 2085 2256 2150; x_wconf 66' lang='lat' dir='ltr'><strong>Scythias.</strong></span> <span class='ocrx_word' id='word_1_389' title='bbox 2336 2084 2513 2134; x_wconf 76' lang='lat' dir='ltr'><strong>Sidera</strong></span> <span class='ocrx_word' id='word_1_390' title='bbox 2558 2087 2707 2149; x_wconf 74' lang='lat' dir='ltr'><strong>pigro</strong></span> 
     </span>
     <span class='ocr_line' id='line_1_74' title="bbox 1625 2163 2706 2232; baseline 0.003 -20"><span class='ocrx_word' id='word_1_391' title='bbox 1625 2163 1746 2226; x_wconf 80' lang='lat' dir='ltr'><strong>poli]</strong></span> <span class='ocrx_word' id='word_1_392' title='bbox 1783 2166 1944 2215; x_wconf 85' lang='lat' dir='ltr'><strong>Ursas</strong></span> <span class='ocrx_word' id='word_1_393' title='bbox 1967 2167 2114 2215; x_wconf 83' lang='lat' dir='ltr'><strong>tarde</strong></span> <span class='ocrx_word' id='word_1_394' title='bbox 2137 2173 2427 2228; x_wconf 73' lang='lat' dir='ltr'><strong>moventeS,</strong></span> <span class='ocrx_word' id='word_1_395' title='bbox 2460 2166 2590 2231; x_wconf 85' lang='lat' dir='ltr'><strong>quia</strong></span> <span class='ocrx_word' id='word_1_396' title='bbox 2615 2182 2706 2232; x_wconf 89' lang='lat' dir='ltr'><strong>po-</strong></span> 
     </span>
     <span class='ocr_line' id='line_1_75' title="bbox 1629 2241 1980 2293; baseline 0.017 -4"><span class='ocrx_word' id='word_1_397' title='bbox 1629 2241 1679 2290; x_wconf 92' lang='lat' dir='ltr'><strong>lo</strong></span> <span class='ocrx_word' id='word_1_398' title='bbox 1705 2242 1915 2293; x_wconf 79' lang='lat' dir='ltr'><strong>vicinas.</strong></span> <span class='ocrx_word' id='word_1_399' title='bbox 1977 2265 1980 2268; x_wconf 49' lang='lat'><strong>⁴</strong></span> 
     </span>
     <span class='ocr_line' id='line_1_76' title="bbox 1642 2318 2702 2388; baseline 0.005 -19"><span class='ocrx_word' id='word_1_400' title='bbox 1642 2326 1647 2331; x_wconf 86' lang='grc'><em>“</em></span> <span class='ocrx_word' id='word_1_401' title='bbox 1695 2324 1726 2369; x_wconf 75' lang='grc'><strong>3</strong></span> <span class='ocrx_word' id='word_1_402' title='bbox 1765 2320 2074 2383; x_wconf 73' lang='lat' dir='ltr'><strong>Prometheoe‚</strong></span> <span class='ocrx_word' id='word_1_403' title='bbox 2113 2318 2221 2384; x_wconf 56' lang='lat' dir='ltr'><strong>qe]</strong></span> <span class='ocrx_word' id='word_1_404' title='bbox 2278 2321 2545 2371; x_wconf 80' lang='lat' dir='ltr'><strong>Caucasus</strong></span> <span class='ocrx_word' id='word_1_405' title='bbox 2571 2323 2702 2388; x_wconf 86' lang='lat' dir='ltr'><strong>Scy·</strong></span> 
     </span>
     <span class='ocr_line' id='line_1_77' title="bbox 1633 2396 2707 2463; baseline 0.005 -17"><span class='ocrx_word' id='word_1_406' title='bbox 1633 2396 1754 2446; x_wconf 82' lang='lat' dir='ltr'><strong>thiae</strong></span> <span class='ocrx_word' id='word_1_407' title='bbox 1777 2399 2037 2463; x_wconf 84' lang='lat' dir='ltr'><strong>mons‚cui</strong></span> <span class='ocrx_word' id='word_1_408' title='bbox 2060 2398 2303 2461; x_wconf 83' lang='lat' dir='ltr'><strong>alligatus</strong></span> <span class='ocrx_word' id='word_1_409' title='bbox 2327 2397 2544 2461; x_wconf 81' lang='lat' dir='ltr'><strong>fingitur</strong></span> <span class='ocrx_word' id='word_1_410' title='bbox 2575 2399 2707 2451; x_wconf 88' lang='lat' dir='ltr'><strong>Pro·</strong></span> 
     </span>
     <span class='ocr_line' id='line_1_78' title="bbox 1630 2476 2701 2543; baseline 0.006 -20"><span class='ocrx_word' id='word_1_411' title='bbox 1630 2476 1866 2525; x_wconf 71' lang='lat' dir='ltr'><strong>metuens</strong></span> <span class='ocrx_word' id='word_1_412' title='bbox 1883 2476 2122 2541; x_wconf 79' lang='lat' dir='ltr'><strong>praebere</strong></span> <span class='ocrx_word' id='word_1_413' title='bbox 2140 2476 2250 2526; x_wconf 84' lang='lat' dir='ltr'><strong>aliti</strong></span> <span class='ocrx_word' id='word_1_414' title='bbox 2263 2477 2421 2539; x_wconf 73' lang='lat' dir='ltr'><strong>Jecur</strong></span> <span class='ocrx_word' id='word_1_415' title='bbox 2444 2479 2497 2526; x_wconf 89' lang='lat' dir='ltr'><strong>in</strong></span> <span class='ocrx_word' id='word_1_416' title='bbox 2514 2494 2701 2543; x_wconf 82' lang='lat' dir='ltr'><strong>poenas</strong></span> 
     </span>
     <span class='ocr_line' id='line_1_79' title="bbox 1631 2554 2701 2617; baseline 0.005 -17"><span class='ocrx_word' id='word_1_417' title='bbox 1631 2566 1927 2616; x_wconf 88' lang='lat' dir='ltr'><strong>renascens,</strong></span> <span class='ocrx_word' id='word_1_418' title='bbox 1968 2560 2187 2617; x_wconf 87' lang='lat' dir='ltr'><strong>propter</strong></span> <span class='ocrx_word' id='word_1_419' title='bbox 2220 2554 2537 2604; x_wconf 84' lang='lat' dir='ltr'><strong>subductum</strong></span> <span class='ocrx_word' id='word_1_420' title='bbox 2574 2556 2701 2607; x_wconf 85' lang='lat' dir='ltr'><strong>Jovi</strong></span> 
     </span>
     <span class='ocr_line' id='line_1_80' title="bbox 1629 2629 2532 2694; baseline 0.007 -17"><span class='ocrx_word' id='word_1_421' title='bbox 1629 2629 1819 2692; x_wconf 86' lang='lat' dir='ltr'><strong>ignem,</strong></span> <span class='ocrx_word' id='word_1_422' title='bbox 1837 2633 1935 2680; x_wconf 74' lang='grc' dir='ltr'><strong>διο.</strong></span> <span class='ocrx_word' id='word_1_423' title='bbox 1968 2631 2146 2694; x_wconf 84' lang='lat' dir='ltr'><strong>Epigr.</strong></span> <span class='ocrx_word' id='word_1_424' title='bbox 2163 2635 2213 2681; x_wconf 84' lang='grc'><strong>7.</strong></span> <span class='ocrx_word' id='word_1_425' title='bbox 2234 2630 2323 2680; x_wconf 87' lang='lat' dir='ltr'><strong>lib.</strong></span> <span class='ocrx_word' id='word_1_426' title='bbox 2347 2633 2532 2693; x_wconf 85' lang='lat' dir='ltr'><strong>Spect.</strong></span> 
     </span>
    </p>

    <p class='ocr_par' dir='ltr' id='par_1_18' title="bbox 1626 2711 2702 3007">
     <span class='ocr_line' id='line_1_81' title="bbox 1692 2711 2699 2774; baseline 0.006 -17"><span class='ocrx_word' id='word_1_427' title='bbox 1692 2714 1723 2756; x_wconf 87' lang='grc'><strong><em>5</em></strong></span> <span class='ocrx_word' id='word_1_428' title='bbox 1761 2711 2064 2760; x_wconf 74' lang='lat' dir='ltr'><strong>Conclamata</strong></span> <span class='ocrx_word' id='word_1_429' title='bbox 2086 2711 2309 2774; x_wconf 76' lang='lat' dir='ltr'><strong>querelis]</strong></span> <span class='ocrx_word' id='word_1_430' title='bbox 2363 2712 2699 2763; x_wconf 80' lang='lat' dir='ltr'><strong>clamoribus</strong></span> 
     </span>
     <span class='ocr_line' id='line_1_82' title="bbox 1628 2785 2702 2857; baseline 0.006 -24"><span class='ocrx_word' id='word_1_431' title='bbox 1628 2785 1928 2837; x_wconf 86' lang='lat' dir='ltr'><strong>Promethei</strong></span> <span class='ocrx_word' id='word_1_432' title='bbox 1961 2789 2144 2857; x_wconf 83' lang='lat' dir='ltr'><strong>coelum</strong></span> <span class='ocrx_word' id='word_1_433' title='bbox 2181 2796 2251 2838; x_wconf 13' lang='lat' dir='ltr'><strong>et.</strong></span> <span class='ocrx_word' id='word_1_434' title='bbox 2271 2796 2466 2838; x_wconf 85' lang='lat' dir='ltr'><strong>terram</strong></span> <span class='ocrx_word' id='word_1_435' title='bbox 2491 2798 2702 2840; x_wconf 85' lang='lat' dir='ltr'><strong>contes-</strong></span> 
     </span>
     <span class='ocr_line' id='line_1_83' title="bbox 1628 2866 2701 2934; baseline 0.006 -21"><span class='ocrx_word' id='word_1_436' title='bbox 1628 2866 1786 2915; x_wconf 86' lang='lat' dir='ltr'><strong>tantis</strong></span> <span class='ocrx_word' id='word_1_437' title='bbox 1809 2867 2032 2929; x_wconf 87' lang='lat' dir='ltr'><strong>conscia,</strong></span> <span class='ocrx_word' id='word_1_438' title='bbox 2066 2882 2122 2916; x_wconf 86' lang='lat' dir='ltr'><strong>sc</strong></span> <span class='ocrx_word' id='word_1_439' title='bbox 2145 2870 2257 2932; x_wconf 84' lang='lat' dir='ltr'><strong>pati</strong></span> <span class='ocrx_word' id='word_1_440' title='bbox 2281 2867 2518 2934; x_wconf 83' lang='lat' dir='ltr'><strong>indigna.</strong></span> <span class='ocrx_word' id='word_1_441' title='bbox 2585 2870 2701 2919; x_wconf 85' lang='lat' dir='ltr'><strong>AEs-</strong></span> 
     </span>
     <span class='ocr_line' id='line_1_84' title="bbox 1626 2942 2061 3007; baseline 0.009 -17"><span class='ocrx_word' id='word_1_442' title='bbox 1626 2942 1765 3007; x_wconf 82' lang='lat' dir='ltr'><strong>chyli</strong></span> <span class='ocrx_word' id='word_1_443' title='bbox 1790 2944 2061 2996; x_wconf 82' lang='lat' dir='ltr'><strong>Prometh.</strong></span> 
     </span>
    </p>

    <p class='ocr_par' dir='ltr' id='par_1_19' title="bbox 1687 3020 2675 3087">
     <span class='ocr_line' id='line_1_85' title="bbox 1687 3020 2675 3087; baseline 0.007 -19"><span class='ocrx_word' id='word_1_444' title='bbox 1687 3023 1722 3068; x_wconf 89' lang='grc'><strong>6</strong></span> <span class='ocrx_word' id='word_1_445' title='bbox 1753 3020 1962 3084; x_wconf 73' lang='lat' dir='ltr'><strong>Durior]</strong></span> <span class='ocrx_word' id='word_1_446' title='bbox 1994 3021 2097 3071; x_wconf 82' lang='lat' dir='ltr'><strong>Qui</strong></span> <span class='ocrx_word' id='word_1_447' title='bbox 2120 3021 2241 3071; x_wconf 89' lang='lat' dir='ltr'><strong>talia</strong></span> <span class='ocrx_word' id='word_1_448' title='bbox 2263 3037 2548 3087; x_wconf 82' lang='lat' dir='ltr'><strong>perpessus</strong></span> <span class='ocrx_word' id='word_1_449' title='bbox 2570 3031 2675 3075; x_wconf 86' lang='lat' dir='ltr'><strong>est.</strong></span> 
     </span>
    </p>

    <p class='ocr_par' dir='ltr' id='par_1_20' title="bbox 1622 3098 2697 3394">
     <span class='ocr_line' id='line_1_86' title="bbox 1687 3098 2697 3164; baseline 0.006 -18"><span class='ocrx_word' id='word_1_450' title='bbox 1687 3101 1718 3146; x_wconf 82' lang='grc'><strong>7</strong></span> <span class='ocrx_word' id='word_1_451' title='bbox 1753 3098 1924 3147; x_wconf 71' lang='lat' dir='ltr'><strong>Potuit</strong></span> <span class='ocrx_word' id='word_1_452' title='bbox 1943 3098 2024 3161; x_wconf 72' lang='lat' dir='ltr'><strong>qni</strong></span> <span class='ocrx_word' id='word_1_453' title='bbox 2043 3098 2330 3164; x_wconf 70' lang='lat' dir='ltr'><strong>tulisset-re]</strong></span> <span class='ocrx_word' id='word_1_454' title='bbox 2383 3101 2697 3152; x_wconf 78' lang='lat' dir='ltr'><strong>Promethe-</strong></span> 
     </span>
     <span class='ocr_line' id='line_1_87' title="bbox 1624 3173 2694 3241; baseline 0.007 -20"><span class='ocrx_word' id='word_1_455' title='bbox 1624 3188 1684 3222; x_wconf 88' lang='lat' dir='ltr'><strong>us</strong></span> <span class='ocrx_word' id='word_1_456' title='bbox 1706 3173 1848 3224; x_wconf 85' lang='lat' dir='ltr'><strong>duris</strong></span> <span class='ocrx_word' id='word_1_457' title='bbox 1881 3174 2121 3225; x_wconf 86' lang='lat' dir='ltr'><strong>cautibus</strong></span> <span class='ocrx_word' id='word_1_458' title='bbox 2153 3174 2356 3239; x_wconf 83' lang='lat' dir='ltr'><strong>affixus,</strong></span> <span class='ocrx_word' id='word_1_459' title='bbox 2395 3177 2514 3241; x_wconf 87' lang='lat' dir='ltr'><strong>ipse</strong></span> <span class='ocrx_word' id='word_1_460' title='bbox 2552 3180 2694 3228; x_wconf 85' lang='lat' dir='ltr'><strong>saxis</strong></span> 
     </span>
     <span class='ocr_line' id='line_1_88' title="bbox 1623 3249 2694 3315; baseline 0.006 -17"><span class='ocrx_word' id='word_1_461' title='bbox 1623 3250 1802 3299; x_wconf 85' lang='lat' dir='ltr'><strong>durior</strong></span> <span class='ocrx_word' id='word_1_462' title='bbox 1858 3249 1988 3300; x_wconf 90' lang='lat' dir='ltr'><strong>dura</strong></span> <span class='ocrx_word' id='word_1_463' title='bbox 2029 3265 2327 3315; x_wconf 87' lang='lat' dir='ltr'><strong>perpessus,</strong></span> <span class='ocrx_word' id='word_1_464' title='bbox 2373 3250 2694 3305; x_wconf 86' lang='lat' dir='ltr'><strong>documenta</strong></span> 
     </span>
     <span class='ocr_line' id='line_1_89' title="bbox 1622 3327 2692 3394; baseline 0.005 -18"><span class='ocrx_word' id='word_1_465' title='bbox 1622 3327 1716 3377; x_wconf 87' lang='lat' dir='ltr'><strong>dat</strong></span> <span class='ocrx_word' id='word_1_466' title='bbox 1747 3328 1930 3377; x_wconf 87' lang='lat' dir='ltr'><strong>duram</strong></span> <span class='ocrx_word' id='word_1_467' title='bbox 1975 3342 2088 3378; x_wconf 87' lang='lat' dir='ltr'><strong>esse</strong></span> <span class='ocrx_word' id='word_1_468' title='bbox 2125 3328 2343 3378; x_wconf 82' lang='lat' dir='ltr'><strong>bominis</strong></span> <span class='ocrx_word' id='word_1_469' title='bbox 2380 3331 2692 3394; x_wconf 77' lang='lat' dir='ltr'><strong>progeniem</strong></span> 
     </span>
    </p>
   </div>
   <div class='ocr_carea' id='block_1_7' title="bbox 1622 3404 2787 3470">
    <p class='ocr_par' dir='ltr' id='par_1_21' title="bbox 1622 3404 2787 3470">
     <span class='ocr_line' id='line_1_90' title="bbox 1622 3404 2787 3470; baseline 0.003 -17"><span class='ocrx_word' id='word_1_470' title='bbox 1622 3405 1690 3454; x_wconf 88' lang='lat' dir='ltr'><strong>ab</strong></span> <span class='ocrx_word' id='word_1_471' title='bbox 1723 3404 1813 3455; x_wconf 89' lang='lat' dir='ltr'><strong>illo</strong></span> <span class='ocrx_word' id='word_1_472' title='bbox 1850 3417 2055 3470; x_wconf 87' lang='lat' dir='ltr'><strong>autore,</strong></span> <span class='ocrx_word' id='word_1_473' title='bbox 2084 3413 2243 3470; x_wconf 89' lang='lat' dir='ltr'><strong>atque</strong></span> <span class='ocrx_word' id='word_1_474' title='bbox 2264 3405 2317 3453; x_wconf 87' lang='lat' dir='ltr'><strong>iu</strong></span> <span class='ocrx_word' id='word_1_475' title='bbox 2339 3420 2603 3457; x_wconf 80' lang='lat' dir='ltr'><strong>aerumnas</strong></span> <span class='ocrx_word' id='word_1_476' title='bbox 2638 3414 2695 3457; x_wconf 89' lang='lat' dir='ltr'><strong>et</strong></span> <span class='ocrx_word' id='word_1_477' title='bbox 2782 3435 2787 3439; x_wconf 84' lang='lat'><strong>·</strong></span> 
     </span>
    </p>
   </div>
   <div class='ocr_carea' id='block_1_8' title="bbox 1618 3489 2690 4010">
    <p class='ocr_par' dir='ltr' id='par_1_22' title="bbox 1623 3489 2589 3546">
     <span class='ocr_line' id='line_1_91' title="bbox 1623 3489 2589 3546; baseline -0.001 -15"><span class='ocrx_word' id='word_1_478' title='bbox 1623 3496 1799 3546; x_wconf 83' lang='lat' dir='ltr'><strong>poenas</strong></span> <span class='ocrx_word' id='word_1_479' title='bbox 1820 3489 2013 3532; x_wconf 88' lang='lat' dir='ltr'><strong>natam.</strong></span> <span class='ocrx_word' id='word_1_480' title='bbox 2584 3526 2589 3530; x_wconf 81' lang='grc'><strong>.</strong></span> 
     </span>
    </p>

    <p class='ocr_par' dir='ltr' id='par_1_23' title="bbox 1621 3558 2690 3685">
     <span class='ocr_line' id='line_1_92' title="bbox 1686 3558 2690 3612; baseline 0.004 -4"><span class='ocrx_word' id='word_1_481' title='bbox 1686 3558 1851 3609; x_wconf 71' lang='lat' dir='ltr'><strong>Eme.</strong></span> <span class='ocrx_word' id='word_1_482' title='bbox 1874 3570 2049 3610; x_wconf 74' lang='lat' dir='ltr'><strong>nvn.</strong></span> <span class='ocrx_word' id='word_1_483' title='bbox 2083 3558 2357 3609; x_wconf 87' lang='lat' dir='ltr'><strong>Sordidum</strong></span> <span class='ocrx_word' id='word_1_484' title='bbox 2378 3565 2437 3609; x_wconf 94' lang='lat' dir='ltr'><strong>et</strong></span> <span class='ocrx_word' id='word_1_485' title='bbox 2451 3560 2690 3612; x_wconf 88' lang='lat' dir='ltr'><strong>illibera-</strong></span> 
     </span>
     <span class='ocr_line' id='line_1_93' title="bbox 1621 3634 2166 3685; baseline 0.002 -2"><span class='ocrx_word' id='word_1_486' title='bbox 1621 3635 1722 3684; x_wconf 84' lang='lat' dir='ltr'><strong>lem</strong></span> <span class='ocrx_word' id='word_1_487' title='bbox 1747 3640 1895 3684; x_wconf 82' lang='lat' dir='ltr'><strong>taxat</strong></span> <span class='ocrx_word' id='word_1_488' title='bbox 1918 3634 2166 3685; x_wconf 84' lang='lat' dir='ltr'><strong>Gellium.</strong></span> 
     </span>
    </p>

    <p class='ocr_par' dir='ltr' id='par_1_24' title="bbox 1618 3711 2689 4010">
     <span class='ocr_line' id='line_1_94' title="bbox 1690 3711 2689 3778; baseline 0.005 -17"><span class='ocrx_word' id='word_1_489' title='bbox 1690 3717 1714 3761; x_wconf 87' lang='lat'>1</span> <span class='ocrx_word' id='word_1_490' title='bbox 1752 3711 1982 3778; x_wconf 66' lang='lat' dir='ltr'><strong>AEdtjfieut</strong></span> <span class='ocrx_word' id='word_1_491' title='bbox 1993 3711 2199 3775; x_wconf 80' lang='lat' dir='ltr'><strong>semper]</strong></span> <span class='ocrx_word' id='word_1_492' title='bbox 2231 3713 2496 3763; x_wconf 84' lang='lat' dir='ltr'><strong>Minutula</strong></span> <span class='ocrx_word' id='word_1_493' title='bbox 2509 3714 2689 3766; x_wconf 80' lang='lat' dir='ltr'><strong>neseio</strong></span> 
     </span>
     <span class='ocr_line' id='line_1_95' title="bbox 1620 3788 2685 3856; baseline 0.004 -17"><span class='ocrx_word' id='word_1_494' title='bbox 1620 3804 1737 3856; x_wconf 77' lang='lat' dir='ltr'><strong>quoe</strong></span> <span class='ocrx_word' id='word_1_495' title='bbox 1781 3804 1988 3854; x_wconf 86' lang='lat' dir='ltr'><strong>semper</strong></span> <span class='ocrx_word' id='word_1_496' title='bbox 2033 3788 2221 3854; x_wconf 83' lang='lat' dir='ltr'><strong>reficit,</strong></span> <span class='ocrx_word' id='word_1_497' title='bbox 2274 3797 2333 3839; x_wconf 90' lang='lat' dir='ltr'><strong>ut</strong></span> <span class='ocrx_word' id='word_1_498' title='bbox 2388 3791 2685 3843; x_wconf 71' lang='lat' dir='ltr'><strong>aedificandi</strong></span> 
     </span>
     <span class='ocr_line' id='line_1_96' title="bbox 1621 3867 2688 3933; baseline 0.005 -17"><span class='ocrx_word' id='word_1_499' title='bbox 1621 3875 1884 3932; x_wconf 77' lang='lat' dir='ltr'><strong>praetextu</strong></span> <span class='ocrx_word' id='word_1_500' title='bbox 1923 3867 2229 3917; x_wconf 84' lang='lat' dir='ltr'><strong>illiberalem</strong></span> <span class='ocrx_word' id='word_1_501' title='bbox 2263 3874 2412 3933; x_wconf 77' lang='lat' dir='ltr'><strong>tegat</strong></span> <span class='ocrx_word' id='word_1_502' title='bbox 2434 3872 2688 3933; x_wconf 87' lang='lat' dir='ltr'><strong>animum,</strong></span> 
     </span>
     <span class='ocr_line' id='line_1_97' title="bbox 1618 3944 2342 4010; baseline 0.003 -17"><span class='ocrx_word' id='word_1_503' title='bbox 1618 3959 1687 3995; x_wconf 86' lang='lat' dir='ltr'><strong>ne</strong></span> <span class='ocrx_word' id='word_1_504' title='bbox 1710 3944 1833 4010; x_wconf 88' lang='lat' dir='ltr'><strong>quid</strong></span> <span class='ocrx_word' id='word_1_505' title='bbox 1855 3945 1909 3993; x_wconf 89' lang='lat' dir='ltr'><strong>in</strong></span> <span class='ocrx_word' id='word_1_506' title='bbox 1933 3946 2128 3995; x_wconf 91' lang='lat' dir='ltr'><strong>amicos</strong></span> <span class='ocrx_word' id='word_1_507' title='bbox 2148 3952 2342 4009; x_wconf 73' lang='lat' dir='ltr'><strong>eroget.</strong></span> 
     </span>
    </p>
   </div>
   <div class='ocr_carea' id='block_1_9' title="bbox 1614 4017 2775 4162">
    <p class='ocr_par' dir='ltr' id='par_1_25' title="bbox 1614 4017 2775 4162">
     <span class='ocr_line' id='line_1_98' title="bbox 1680 4017 2769 4088; baseline 0.005 -18"><span class='ocrx_word' id='word_1_508' title='bbox 1680 4022 1842 4072; x_wconf 74' lang='lat' dir='ltr'><strong>Eme.</strong></span> <span class='ocrx_word' id='word_1_509' title='bbox 1881 4033 2074 4071; x_wconf 77' lang='lat' dir='ltr'><strong>nvm.</strong></span> <span class='ocrx_word' id='word_1_510' title='bbox 2146 4026 2174 4071; x_wconf 91' lang='lat'><strong>1</strong></span> <span class='ocrx_word' id='word_1_511' title='bbox 2220 4023 2539 4087; x_wconf 75' lang='lat' dir='ltr'><strong>Democritos,</strong></span> <span class='ocrx_word' id='word_1_512' title='bbox 2577 4024 2685 4088; x_wconf 55' lang='grc' dir='ltr'><strong>ζα]</strong></span> <span class='ocrx_word' id='word_1_513' title='bbox 2764 4017 2769 4034; x_wconf 66' lang='grc'><strong>”</strong></span> 
     </span>
     <span class='ocr_line' id='line_1_99' title="bbox 1614 4097 2775 4162; baseline 0.001 -14"><span class='ocrx_word' id='word_1_514' title='bbox 1614 4098 1812 4162; x_wconf 84' lang='lat' dir='ltr'><strong>Crepat</strong></span> <span class='ocrx_word' id='word_1_515' title='bbox 1834 4113 1998 4162; x_wconf 88' lang='lat' dir='ltr'><strong>usque</strong></span> <span class='ocrx_word' id='word_1_516' title='bbox 2035 4097 2232 4148; x_wconf 90' lang='lat' dir='ltr'><strong>Stoicos</strong></span> <span class='ocrx_word' id='word_1_517' title='bbox 2253 4106 2310 4148; x_wconf 91' lang='lat' dir='ltr'><strong>et</strong></span> <span class='ocrx_word' id='word_1_518' title='bbox 2331 4098 2682 4150; x_wconf 84' lang='lat' dir='ltr'><strong>Academicos</strong></span> <span class='ocrx_word' id='word_1_519' title='bbox 2764 4127 2775 4138; x_wconf 91' lang='lat'><strong>·</strong></span> 
     </span>
    </p>
   </div>
   <div class='ocr_carea' id='block_1_10' title="bbox 1612 4174 2682 4396">
    <p class='ocr_par' dir='ltr' id='par_1_26' title="bbox 1612 4174 2682 4396">
     <span class='ocr_line' id='line_1_100' title="bbox 1612 4174 2682 4241; baseline 0.001 -16"><span class='ocrx_word' id='word_1_520' title='bbox 1612 4174 1979 4225; x_wconf 84' lang='lat' dir='ltr'><strong>reconditioris</strong></span> <span class='ocrx_word' id='word_1_521' title='bbox 2044 4174 2278 4225; x_wconf 64' lang='lat' dir='ltr'><strong>scientias</strong></span> <span class='ocrx_word' id='word_1_522' title='bbox 2332 4176 2682 4241; x_wconf 76' lang='lat' dir='ltr'><strong>philosophos,</strong></span> 
     </span>
     <span class='ocr_line' id='line_1_101' title="bbox 1614 4251 2678 4317; baseline 0.002 -16"><span class='ocrx_word' id='word_1_523' title='bbox 1614 4266 1833 4317; x_wconf 88' lang='lat' dir='ltr'><strong>quorum</strong></span> <span class='ocrx_word' id='word_1_524' title='bbox 1855 4251 2109 4315; x_wconf 78' lang='lat' dir='ltr'><strong>imagines</strong></span> <span class='ocrx_word' id='word_1_525' title='bbox 2132 4252 2370 4302; x_wconf 85' lang='lat' dir='ltr'><strong>visuntur</strong></span> <span class='ocrx_word' id='word_1_526' title='bbox 2391 4254 2607 4303; x_wconf 76' lang='lat' dir='ltr'><strong>hirsutoe</strong></span> <span class='ocrx_word' id='word_1_527' title='bbox 2625 4260 2678 4302; x_wconf 82' lang='lat' dir='ltr'><strong>et</strong></span> 
     </span>
     <span class='ocr_line' id='line_1_102' title="bbox 1613 4327 2675 4396; baseline 0 -15"><span class='ocrx_word' id='word_1_528' title='bbox 1613 4330 1854 4395; x_wconf 59' lang='lat' dir='ltr'><strong>incultae,</strong></span> <span class='ocrx_word' id='word_1_529' title='bbox 1883 4327 2000 4393; x_wconf 87' lang='lat' dir='ltr'><strong>ipse</strong></span> <span class='ocrx_word' id='word_1_530' title='bbox 2033 4328 2267 4393; x_wconf 81' lang='lat' dir='ltr'><strong>hispidus</strong></span> <span class='ocrx_word' id='word_1_531' title='bbox 2288 4335 2345 4380; x_wconf 85' lang='lat' dir='ltr'><strong>et</strong></span> <span class='ocrx_word' id='word_1_532' title='bbox 2376 4329 2533 4384; x_wconf 78' lang='lat' dir='ltr'><strong>barba</strong></span> <span class='ocrx_word' id='word_1_533' title='bbox 2553 4344 2675 4396; x_wconf 78' lang='lat' dir='ltr'><strong>pra-</strong></span> 
     </span>
    </p>
   </div>
  </div>
 </body>
</html>
