2985 4937
452 370 626 438 1108

520 531 585 577 18
637 524 847 588 Natum]
902 522 1142 576 Acumen
1176 530 1232 576 et
1268 526 1524 590 argutiam

444 603 557 668 joel
589 609 647 653 et
678 602 970 664 derisionin‚
998 602 1083 652 cui
1115 601 1323 654 dicatur
1346 617 1524 664 nasus,

451 696 614 746 snpra
630 681 799 745 epigr.
818 684 869 730 4.
895 695 1028 730 vers.
1049 684 1100 731 6.

521 764 586 810 1⁹
616 759 767 809 Ludit
808 759 889 823 qui
921 758 1111 820 stolida,
1151 755 1258 821 &ml
1308 756 1526 822 Singula

452 837 614 888 verba
641 835 964 887 advertenda
995 841 1118 885 sunt
1147 841 1205 885 et
1224 835 1525 899 expenden-

453 915 539 966 da.
602 914 757 966 Quod
793 913 999 981 Graecix
1029 909 1336 977 εὐτραπελίαν
1381 911 1527 961 dixe·

452 997 595 1055 runt,
616 992 671 1042 id
692 990 876 1055 ipsum.
896 988 1071 1041 Latini
1107 992 1123 1018 ‘
1143 989 1489 1040 urbanitatem
1509 986 1524 1009 '

452 1069 818 1135 appellarunt:
855 1074 913 1117 ut
934 1074 992 1117 et
1023 1064 1434 1116 ‘dicacitatem’
1469 1069 1527 1115 et

449 1147 467 1175 ⁴
483 1144 866 1195 cavillationem
885 1142 919 1194 ι’
953 1158 1071 1208 quar
1107 1141 1363 1207 quomodo
1386 1141 1527 1191 inter

452 1236 513 1273 se
556 1219 808 1272 differant
837 1220 998 1271 docet
1017 1220 1221 1270 Tullius
1255 1217 1348 1268 lib.
1370 1222 1424 1277 2.
1457 1218 1526 1267 de

453 1298 702 1350 Oratore.
766 1297 1012 1348 ‘Etenim
1049 1312 1167 1346 cum
1204 1296 1306 1346 duo
1329 1308 1526 1360 genera

452 1375 557 1425 sint
579 1375 909 1437 facetiarum,
941 1376 1161 1424 alterum
1195 1373 1526 1440 aequabiliter

446 1450 505 1501 in
526 1452 668 1502 omui
683 1465 921 1503 sermone
942 1451 1134 1514 fusum,
1159 1429 1382 1502 altertfln
1406 1465 1526 1514 per·

450 1534 658 1577 acutum
712 1535 769 1579 et
822 1527 1004 1591 breve,
1046 1528 1138 1577 illa
1180 1543 1212 1577 a
1256 1525 1525 1578 veteribus

453 1603 693 1668 superior
728 1605 1012 1667 cavillatio,
1046 1604 1161 1654 haec
1193 1605 1362 1654 altera
1383 1603 1528 1654 dica·

410 1683 588 1734 ‘citas
643 1685 913 1749 appellata
960 1683 1091 1735 ests
1167 1684 1293 1734 Non
1338 1690 1525 1733 autem

451 1762 785 1813 temerarium
817 1767 903 1811 est
931 1760 1069 1826 quod
1089 1759 1527 1832 additur-,epithe-

452 1845 595 1891 tum:
629 1851 753 1889 nam
791 1842 808 1868 ‘
829 1838 1073 1889 stolidam
1118 1834 1526 1902 procacitatem’

449 1916 687 1982 appellat
738 1915 1020 1976 Martialis,
1071 1914 1422 1978 importunam
1466 1918 1527 1962 et

447 1993 695 2044 insulsam
720 1993 1068 2056 dicacitatem,
1102 1991 1268 2056 qualis
1300 2000 1527 2054 esse‘poe

450 2075 562 2120 test
615 2069 834 2120 bominis
879 2067 1057 2118 stolidi
1092 2075 1150 2117 et
1203 2066 1404 2130 insulsi,
1445 2063 1527 2115 καὶ

444 2142 722 2211 δυσχεροῦς.
759 2145 963 2198 Hemld.

452 2260 457 2263 Α
512 2227 579 2272 20
612 2223 726 2273 Non
758 2228 851 2286 eet,
886 2223 994 2289 ilfa]
1033 2224 1158 2274 Non
1192 2228 1276 2273 est
1306 2222 1520 2272 Sextius
1547 2260 1549 2269 ,

449 2295 723 2362 Gaballus,
776 2299 871 2348 sed
925 2300 1176 2363 caballus,
1196 2290 1201 2299 ’
1220 2297 1520 2363 quadrupes

448 2376 668 2428 bellua:
705 2378 872 2443 epigr.
917 2383 963 2429 9.
1030 2379 1123 2428 lib.
1167 2382 1247 2429 10.
1310 2376 1521 2428 Dividit

445 2467 574 2520 ergo
597 2470 716 2521 qum
750 2456 1031 2521 conjuncta
1063 2453 1406 2514 videbantur3
1441 2459 1520 2503 at·

447 2545 552 2596 qne
573 2533 730 2596 jocus
769 2539 861 2584 est,
887 2548 955 2582 ex
992 2530 1241 2597 eo,'qnod
1265 2545 1332 2581 ex
1364 2529 1520 2595 parte

449 2610 719 2673 tribuitur,
741 2625 808 2668 ex
831 2618 981 2676 parte
1001 2615 1241 2673 negatur.
1306 2608 1403 2659 Ait
1423 2609 1519 2675 igi·

447 2691 536 2735 tur
557 2686 814 2736 bominem
855 2694 964 2737 tam
1002 2694 1249 2751 proterve
1271 2686 1517 2740 stolidum

445 2776 551 2812 non
573 2777 688 2813 esse
719 2763 969 2824 Sestium,
1006 2763 1101 2812 aed
1137 2762 1432 2822 Cabaliam,
1463 2762 1519 2812 id

445 2848 530 2891 est
548 2841 941 2905 quadrupedem
957 2846 1013 2891 et
1030 2839 1245 2890 bestiam
1259 2840 1520 2890 insulsam.

446 2917 655 2967 Hemld.

488 2996 676 3047 ‘Enim
699 3007 862 3044 xtrrr.
883 2998 911 3044 1
934 2991 1520 3056 emungi-mdiamsaeq

448 3068 684 3119 Historia
733 3076 861 3119 nota
897 3083 964 3119 ex
1013 3069 1290 3118 Plutarchi
1328 3069 1518 3120 Bruto.

446 3147 628 3197 Valer.
660 3147 807 3197 Max.
847 3146 884 3197 l.
906 3150 957 3197 8.
994 3161 1041 3197 c.
1064 3151 1112 3196 2.
1151 3153 1209 3197 et
1242 3148 1279 3195 l.
1302 3149 1352 3196 4.
1385 3161 1434 3196 c.
1468 3151 1519 3198 6.

446 3224 623 3275 Dione
637 3229 722 3275 47.
765 3225 1011 3289 Appiano
1031 3224 1171 3276 civil.
1199 3226 1320 3276 bell.
1338 3230 1391 3275 4.
1411 3229 1515 3278 διο.

510 3304 543 3350 3
578 3302 692 3358 Non
718 3316 854 3365 posse
872 3301 1065 3366 negari]
1100 3301 1223 3352 Non
1247 3307 1398 3367 posse
1423 3304 1518 3353 im-

446 3377 621 3443 pediri
637 3395 659 3430 2'
689 3379 847 3446 idque
880 3381 1069 3445 probat
1088 3381 1330 3446 exemplo
1352 3384 1515 3447 patris

445 3470 547 3505 sun.

509 3537 542 3582 4
576 3529 822 3596 Sutiahoc,
841 3532 950 3599 ξω]
981 3532 1089 3584 Alii
1120 3533 1273 3586 ‘fatis
1303 3537 1403 3587 hoc
1425 3538 1515 3587 do-

442 3611 613 3660 cuisse
630 3618 836 3675 patrem
853 3608 888 3661 :'
908 3611 963 3660 id
982 3618 1085 3675 est,
1101 3622 1270 3665 morte
1283 3629 1385 3664 nou
1407 3615 1516 3665 vul-

442 3689 573 3749 gari.
603 3686 664 3736 τὸ
683 3688 866 3752 τραῦμα
885 3688 964 3737 καὶ
983 3688 1074 3750 τὴν
1092 3689 1306 3756 γαστέρα
1319 3690 1518 3757 εὐρύνων

443 3764 583 3825 ὄνυξι,
635 3763 713 3814 καὶ
766 3763 1013 3816 δακτύλοις
1065 3768 1274 3832 ἐρευνῶν,
1324 3767 1405 3818 καὶ
1452 3768 1518 3819 τὸ

444 3840 713 3904 σπλάγχνα
740 3841 1028 3906 διαρρίπτων.
1067 3843 1297 3909 Appian.
1334 3845 1424 3897 lib.
1460 3851 1514 3898 2.

442 3918 544 3972 civ.
606 3918 709 3968 bel.
764 3919 985 3983 Patrem]
1039 3920 1311 3980 Catonem,
1366 3923 1513 3986 cnjus

441 3994 679 4043 morituri
697 3993 788 4044 illa
810 4009 944 4045 vox:
980 3995 1097 4045 ‘An
1128 3998 1298 4048 nescis
1323 4001 1515 4062 paulis-

442 4082 541 4132 per
582 4070 770 4135 spiritu
808 4087 1071 4137 represso,
1108 4082 1198 4124 aut
1236 4078 1410 4136 capite
1443 4077 1511 4129 ad

445 4146 700 4209 parietem
746 4148 881 4197 illiso
921 4151 1088 4199 emori
1134 4151 1292 4203 licere
1309 4152 1345 4201 Ρ
1393 4154 1513 4205 vide

443 4237 599 4287 supra
619 4224 785 4289 epigr.
807 4229 855 4273 ⁹.
884 4240 1016 4276 vers.
1045 4232 1090 4277 1.
1336 4217 1337 4220 ¹

1163 388 1384 437 No'rAE
1434 389 1842 440 vammum
1892 393 1973 441 m

1662 532 1694 577 5
1730 528 1875 579 Bibit
1912 545 2011 593 ore,
2035 530 2143 596 ξω]
2183 531 2415 587 Haustus
2435 549 2561 587 sane
2582 551 2667 591 ea.-

1595 603 1751 667 lidus,
1775 605 1868 655 sed
1891 607 2067 670 gloriae
2090 609 2276 673 plenus
2298 617 2356 662 et·
2377 610 2493 675 plus
2515 627 2667 678 quum

1594 679 1889 732 foemineus.

1661 762 1694 811 6
1727 758 1762 807 I
1778 774 1920 822 nune,
1954 764 2003 809 et
2026 759 2241 826 semm]
2264 762 2577 815 Insultantis
2614 772 2673 817 et

1596 833 1866 885 irridentis
1893 837 2096 887 Porciae
2122 839 2352 890 victricis
2371 855 2490 890 vox.

1665 913 1826 963 Erro.
1848 927 1997 965 κων.
2019 920 2046 966 1
2083 916 2179 966 Bis
2199 916 2293 966 tibi
2323 917 2520 982 triceni]
2541 918 2669 970 Sex·
2734 923 2737 927 ’

1602 989 1756 1052 ageni
1788 991 2024 1041 convivae
2049 1007 2081 1041 a
2100 993 2349 1043 Mancino
2371 996 2572 1058 vocati,
2597 996 2675 1046 in·

1600 1072 1683 1116 ter
1715 1081 1841 1131 quos
1863 1067 2143 1130 Martialis,
2165 1083 2351 1134 aprum
2374 1071 2672 1135 appositum

1597 1149 1900 1205 spectantes
1921 1158 2023 1194 nou
2047 1150 2345 1210 gustavere.
2409 1145 2674 1197 Ludifica-

1602 1226 1686 1270 tns
1710 1219 1867 1283 poeta
1898 1226 1957 1271 et
1990 1221 2153 1271 iratus
2185 1221 2506 1286 imprecatur
2521 1224 2677 1275 Man·

1598 1295 1717 1344 cino
1740 1309 1941 1361 aprum,
1975 1312 2079 1347 non
2102 1312 2255 1363 quem
2276 1298 2392 1363 ipse
2413 1299 2677 1366 absumat,

1597 1370 1690 1420 sed
1709 1385 1739 1421 a
1764 1387 1867 1436 quo
1890 1373 2002 1437 ipse
2025 1373 2347 1426 absumatur.
2384 1375 2627 1429 anderu.

1662 1452 1695 1497 2
1729 1449 1884 1513 Here,
1923 1452 2032 1516 elsa]
2065 1450 2297 1517 Antiqua
2340 1467 2440 1518 pro
2487 1453 2676 1506 ‘beri.'

1598 1523 1807 1590 Aprum]
1840 1525 2075 1592 ‘Aprum
2095 1528 2163 1578 ad
2194 1529 2437 1579 convivia
2456 1531 2679 1583 natum.’

1599 1603 1767 1655 Quem
1821 1605 2082 1670 integrum
2133 1606 2326 1658 mensis
2372 1600 2678 1660 inferebant

1598 1679 1834 1730 Romani.
1857 1682 1999 1733 Plin.
2022 1684 2060 1733 l.
2079 1687 2129 1735 8.
2147 1699 2196 1734 c.
2216 1687 2298 1734 ⁵1.

1662 1761 1693 1806 8
1731 1759 1841 1807 Non
1861 1775 1986 1823 φη,
2003 1759 2109 1823 ξω]
2134 1760 2253 1810 Non
2276 1759 2425 1811 nobis
2444 1774 2678 1826 appone·

1597 1830 1790 1884 bantur
1811 1852 1927 1887 uvae
1950 1838 2236 1900 duracinae,
2268 1852 2391 1900 nou,
2423 1841 2528 1889 διο.
2555 1840 2678 1890 vide

1598 1910 1632 1960 l.
1658 1915 1737 1964 18.
1758 1913 1924 1977 epigr.
1944 1919 2027 1973 22.
2049 1915 2317 1981 Melimela]
2339 1916 2509 1965 Poma
2533 1929 2679 1981 quae-

1598 1986 1719 2039 dam
1739 1998 1944 2041 mustea
1963 1991 2296 2056 dicebantur,
2330 1993 2470 2059 qnod
2494 1993 2682 2044 celeri-

1600 2071 1683 2114 ter
1736 2067 2073 2118 mitescerent
2093 2085 2109 2132 ς
2143 2069 2325 2119 eadem
2381 2070 2679 2120 novissimis

1597 2145 1921 2205 temporibus
1942 2144 2086 2215 diota
2117 2153 2241 2196 sunt
2275 2148 2291 2176 ‘
2310 2145 2615 2211 melimela,'
2648 2163 2680 2197 a

1594 2216 1763 2267 mellis
1778 2233 1983 2283 sapore.
2018 2222 2262 2274 Calda-in.
2661 2288 2668 2293 q

1660 2300 1690 2344 ὅ
1712 2295 1826 2346 Non
1840 2312 1984 2362 pyra,
2000 2298 2106 2363 qva]
2130 2300 2253 2351 Non
2270 2315 2403 2365 pyra
2420 2302 2682 2367 serotina,

1596 2385 1714 2435 quae
1737 2373 1804 2422 ad
1827 2376 2186 2427 maturitatem
2217 2376 2459 2441 pendent
2489 2379 2561 2430 ab
2598 2393 2679 2429 ar·

1594 2446 1725 2499 bore
1759 2451 1841 2502 vel
1874 2452 1926 2502 in
1948 2467 1977 2503 c
2031 2453 2103 2517 la,
2134 2454 2341 2505 vinculo
2378 2456 2617 2520 religata
2649 2471 2681 2508 e

1596 2525 1803 2591 genista
1824 2530 1987 2582 lenta.
2060 2532 2235 2597 misto]
2252 2534 2562 2598 virgultum
2582 2542 2684 2599 est,

1596 2604 1735 2655 unde
1757 2609 1987 2669 pendent
2008 2601 2250 2674 subpensi
2271 2610 2482 2661 fructus
2500 2630 2516 2663 z
2548 2611 2683 2663 frac-

1595 2686 1652 2729 tu
1681 2689 1980 2748 contumax,
2010 2693 2066 2735 et
2088 2686 2141 2736 iu
2176 2687 2456 2752 alligandis
2484 2689 2683 2754 vitibus

1596 2757 1789 2808 vinculi
1810 2771 1955 2812 usum
1972 2769 2214 2826 proestat.

1660 2840 1696 2885 6
1730 2837 1933 2888 Imitaea
1969 2838 2144 2904 breves,
2176 2841 2287 2906 εμπ]
2320 2841 2457 2894 Quae
2498 2847 2687 2901 βαλαν-

1597 2914 1749 2976 στίου,
1787 2914 1840 2963 id
1865 2923 1963 2979 est,
1998 2915 2141 2968 floris
2179 2919 2355 2971 colore
2402 2921 2685 2975 imitantur

1599 3006 1759 3055 rosas,
1797 2992 1950 3046 flores
1974 2995 2148 3049 brevis
2186 2999 2321 3048 aevi:
2363 2998 2506 3064 aliis,
2538 3002 2684 3067 quod

1595 3069 1707 3132 ipsa
1746 3071 1903 3121 arbor
1943 3072 2115 3123 brevis
2153 3074 2254 3124 aevi
2298 3075 2391 3140 sit,
2442 3086 2681 3130 testante

1595 3146 1788 3210 Plinio,
1809 3148 1846 3198 1.
1870 3153 1951 3200 16.
1973 3164 2023 3200 c.
2038 3154 2126 3201 44.
2193 3151 2438 3203 Raderns
2452 3156 2682 3207 arbitra-

1596 3229 1683 3272 tur
1696 3225 1884 3274 malum
1901 3235 2169 3290 granatum
2183 3243 2319 3294 esse,
2330 3237 2388 3282 et
2397 3247 2507 3284 non
2524 3236 2684 3284 aliam

1593 3301 1663 3350 ob
1686 3316 1891 3351 causam
1913 3302 2110 3355 dictum
2133 3306 2329 3357 imitari
2364 3308 2560 3360 breves
2596 3313 2679 3362 r'o·

1592 3375 1862 3442 sas‚'quam
1879 3381 2020 3445 qnod
2047 3383 2216 3441 malus
2239 3386 2436 3448 punica
2457 3388 2532 3440 sit
2558 3389 2677 3452 bre·

1592 3456 1669 3504 vis
1705 3457 1805 3506 aevi
1836 3457 1890 3507 in
1926 3474 2120 3523 genere
2158 3461 2427 3529 arborum,
2464 3474 2528 3517 nt
2555 3472 2688 3519 rosa

1588 3531 1796 3586 florum.

1601 3628 1606 3633 ’
1656 3613 1688 3659 7
1711 3610 1933 3673 Rustica,
1952 3611 2057 3677 θα]
2084 3612 2200 3662 Nec
2231 3614 2447 3666 calatho
2472 3619 2682 3671 rustico

1590 3687 1753 3738 allato
1777 3691 2137 3752 apponebatur
2156 3693 2307 3743 nobis
2329 3704 2478 3748 meta
2502 3698 2682 3765 lactis,

1591 3764 1645 3815 id
1693 3772 1794 3825 est,
1837 3767 1921 3818 lac
1964 3769 2290 3833 coagulatum
2339 3772 2395 3822 in
2448 3774 2680 3828 formam

1593 3848 1749 3894 metae
1774 3843 2054 3902 circensis,
2071 3846 2126 3895 id
2156 3852 2258 3909 est,
2281 3846 2484 3900 inversi
2509 3853 2679 3903 turbi-

1591 3920 1672 3970 nis
1712 3935 1811 3972 ceu
1863 3923 2145 3987 pyramidis
2186 3934 2450 3979 coactum.
2519 3929 2678 3996 Angl-

1590 4001 1708 4048 σπι-ἀ
1746 4015 1804 4049 or
1826 4000 1971 4061 fresh
2006 4003 2179 4054 chem.
2221 4004 2513 4071 Laetantes]
2552 4011 2602 4060 N
2605 4026 2682 4068 on.

1589 4076 1832 4138 incuntes,
1848 4085 1908 4127 ut
1929 4078 2017 4128 alil
2039 4080 2237 4143 legunt.
2275 4080 2509 4135 Lactens
2530 4085 2672 4137 enim

1590 4162 1688 4217 est,
1708 4155 1797 4220 qui
1815 4155 1957 4220 sugit
1971 4155 2053 4207 lac
2071 4173 2086 4218 ;
2108 4158 2316 4210 lactans
2330 4161 2421 4224 qui
2436 4164 2683 4215 continet

1590 4234 1645 4282 in
1675 4250 1729 4283 se
1768 4234 1995 4284 lacteum
2018 4235 2315 4287 humorem:
2341 4245 2546 4291 matres
2570 4241 2680 4292 lac-
