2985 4937
446 402 620 473 1082

514 552 541 597 1
583 545 742 597 narba
793 543 981 608 masis,
1023 542 1132 607 δἀ]
1207 544 1513 606 Delatores,

452 621 854 674 calumniatores
885 618 1108 684 fiscales,
1138 619 1247 684 qai,
1276 618 1373 670 sub
1406 620 1513 670 Ne·

449 709 577 748 rone
598 698 822 750 divitum
839 698 1024 762 opibus
1039 697 1289 759 insidiati,
1304 711 1392 747 eos
1408 708 1513 762 quo

431 816 437 822 .
438 775 582 839 jure,
592 788 698 841 qua
711 775 784 840 inj
791 774 904 824 uria
919 771 1341 825 accusationibus
1357 786 1513 825 vexas

447 857 585 903 rant.

509 929 542 976 2
575 926 786 976 Miseros
812 924 1098 976 sollieitabat
1121 925 1258 990 opes]
1276 968 1279 971 .
1297 926 1436 977 Plin.
1458 926 1513 977 in

448 1003 709 1067 Panegyr.
729 1002 796 1053 de
828 1002 909 1051 his
932 1001 1256 1053 delatoribus
1274 1018 1291 1052 a
1327 1005 1343 1031 ‘
1367 1002 1516 1052 vidi*

446 1094 564 1129 mus
597 1079 888 1129 delatorum
924 1078 1172 1130 indicium
1201 1078 1345 1144 quasi
1371 1093 1514 1143 gras·

444 1165 691 1218 satorum,
716 1156 863 1220 quasi
895 1156 1176 1208 latronum.
1241 1156 1367 1206 Nou
1387 1156 1511 1207 soli-

406 1278 409 1279 .
450 1232 684 1293 tudinem
709 1231 806 1294 illi,
825 1245 929 1282 non
961 1231 1083 1295 iter,
1114 1231 1210 1282 sed
1240 1233 1517 1296 templum,

448 1309 543 1359 sed
589 1306 760 1358 forum
809 1308 1131 1358 insederant.
1214 1309 1374 1359 Nulla
1397 1309 1516 1373 jam

450 1391 769 1436 testamenta
790 1396 996 1446 secura,
1013 1385 1186 1435 nullus
1210 1391 1380 1435 status
1402 1399 1517 1436 oer-

447 1466 555 1523 tus,
583 1474 689 1510 non
726 1461 947 1521 orbitas,
984 1474 1090 1511 non
1124 1460 1282 1511 liberi
1327 1460 1517 1524 prode-

447 1543 586 1587 rant.
637 1535 875 1587 Auxerat
893 1536 993 1586 boc
1011 1536 1203 1588 malum
1215 1536 1516 1602 principun

452 1611 705 1664 avaritia?

515 1694 546 1739 8
588 1690 792 1740 Tradita
827 1689 1042 1754 Getulis]
1074 1689 1329 1754 Relegata
1358 1689 1517 1740 estin

446 1783 668 1820 arenosa
686 1776 745 1819 et
769 1767 980 1818 deserta
1015 1766 1210 1818 Africae
1251 1768 1371 1818 loca
1390 1785 1406 1818 ε
1442 1769 1518 1818 le·

453 1855 584 1910 gunt
605 1847 695 1897 alii
731 1847 972 1897 Traducta
992 1849 1065 1895 est
1093 1845 1295 1909 Gyaris,
1321 1845 1442 1909 quia
1463 1845 1517 1895 in

449 1921 691 1986 Gyarum
745 1922 967 1971 insulam
1015 1921 1319 1986 plerumque
1375 1922 1519 1972 cives

449 1998 672 2051 Romani
713 1997 1119 2062 relegabanturz
1164 1997 1256 2047 alii
1304 1997 1515 2061 Cybin’s.

451 2074 658 2141 Lipsius
699 2088 815 2138 cap.
863 2077 944 2125 11.
987 2072 1083 2123 lib.
1123 2077 1176 2123 2.
1216 2072 1286 2122 de
1342 2074 1517 2124 Cruce

447 2151 598 2216 legit,
624 2150 866 2200 Traducta
896 2153 967 2199 est
1009 2149 1187 2200 walis
1203 2166 1222 2200 .-
1254 2163 1350 2212 pro
1371 2163 1518 2199 more

449 2226 723 2278 noxiorum
759 2225 1065 2277 traducendi
1091 2240 1188 2289 per
1224 2224 1397 2275 forum
1425 2241 1518 2277 seu

451 2303 684 2368 Ampbit.
717 2302 964 2367 appensis
997 2302 1134 2352 collo
1159 2302 1327 2353 titulis
1353 2309 1408 2353 et
1440 2304 1518 2353 iu-

448 2379 822 2444 scriptienibus
846 2379 1154 2447 criminum:
1189 2386 1250 2429 et
1297 2379 1516 2431 Sueton.

450 2471 501 2510 c.
522 2461 573 2507 8.
594 2456 699 2508 Titi
724 2474 739 2508 z
769 2462 784 2486 ‘
806 2457 1087 2507 Delatores
1106 2455 1315 2508 assidue
1337 2456 1388 2507 in
1403 2456 1518 2508 foro

449 2531 674 2592 fustibus
696 2542 751 2583 et
772 2531 992 2599 flagellis
1019 2547 1203 2595 caesos,
1238 2533 1519 2584 novissime

449 2612 724 2666 traductos
763 2625 860 2674 per
879 2609 1264 2675 Amphitheatri
1291 2624 1521 2673 arenam,

451 2689 642 2753 partim
666 2687 854 2753 subjici
878 2688 933 2738 in
971 2702 1153 2738 servos
1186 2695 1278 2737 aut
1301 2689 1522 2751 vaenire,

454 2766 711 2828 partimin
725 2763 1040 2829 asperrimas
1061 2763 1347 2813 insularum
1367 2763 1521 2813 avebi

455 2839 771 2905 imperavit.'
824 2838 1034 2889 Traditi
1078 2845 1203 2889 sunt
1253 2837 1520 2890 delatores

456 2918 691 2982 Getulis,
713 2919 977 2982 magistris
998 2918 1203 2969 scilicet
1220 2919 1443 2981 leonum,
1461 2925 1521 2969 nt

454 3010 544 3047 eos
558 2997 658 3068 ipsi
677 2997 783 3047 suis
799 2996 1034 3047 leonibus
1044 2996 1310 3047 laniandos
1323 2997 1522 3061 objice·

454 3079 605 3126 reat:
640 3086 769 3137 quos
807 3079 984 3123 tamen
1028 3088 1184 3138 quum
1223 3088 1384 3123 arena
1415 3087 1521 3124 non

452 3157 686 3213 caperet,
727 3149 863 3213 pulsi
901 3156 1023 3200 suut
1064 3148 1270 3214 quidam
1316 3149 1368 3198 in
1411 3150 1523 3199 exi-

452 3226 596 3276 lium.
631 3225 815 3287 Set-lig.
838 3229 886 3274 et
909 3224 1066 3276 Sede.
1122 3225 1227 3276 Nec
1247 3225 1394 3289 cepit,
1411 3225 1521 3288 ξω]

454 3302 660 3353 Tantus
703 3309 790 3352 est
834 3301 1125 3353 delatorum
1169 3316 1428 3362 numerus,
1463 3308 1522 3352 ut

453 3378 544 3428 vix
564 3379 743 3443 capiat
781 3393 871 3428 eos
895 3378 1159 3442 Amphitru.
1182 3378 1283 3428 imo
1324 3378 1412 3426 vix
1446 3377 1524 3430 iu·

456 3456 603 3506 suloe.
672 3455 874 3505 Plinius
917 3456 969 3505 in
1017 3455 1355 3520 Panegyrico
1388 3454 1523 3506 Tra·

447 3532 582 3596 jani.
653 3532 840 3596 Arena]
913 3533 1021 3582 Pro
1046 3534 1162 3595 ipso
1186 3532 1524 3595 Amphithea-

456 3617 558 3660 tro.
622 3609 762 3673 Lege
801 3609 948 3672 Lips.
970 3609 1037 3659 de
1060 3608 1297 3672 Amphit.
1318 3622 1369 3659 c.
1389 3612 1441 3659 8.

476 3693 481 3698 ’
516 3688 553 3738 4
585 3685 766 3749 Habet,
777 3685 885 3750 ξω]
921 3685 967 3735 E
985 3685 1197 3736 talionis
1216 3698 1525 3751 poena,un

457 3761 730 3811 veteribus
754 3761 975 3826 placuit.

518 3842 549 3886 6
583 3837 798 3890 Ausonia
831 3836 971 3900 urbe]
1023 3837 1193 3886 Roma
1226 3835 1378 3899 urbe,
1406 3849 1524 3902 quae

453 3919 615 3978 caput
636 3913 883 3964 Aesonias
898 3927 991 3962 seu
1013 3913 1204 3977 Italiae,
1225 3912 1291 3963 ab
1310 3912 1524 3974 Ausone

456 3989 665 4056 Ulyssis
692 3998 751 4041 et
774 3991 1032 4054 Calypsus
1053 3988 1180 4042 filio.

518 4073 553 4117 6
586 4067 839 4131 Impensis,
856 4066 966 4129 dm]
1023 4067 1199 4131 Curis,
1234 4066 1523 4132 beneficiis,

458 4143 774 4194 muneribus.
843 4141 1035 4205 Vitam]
1100 4142 1279 4193 Vitam
1321 4145 1525 4195 scilicet

461 4227 606 4276 tuam
629 4223 904 4282 acceptam
937 4216 1141 4269 referas
1168 4218 1437 4270 beneficiis
1469 4226 1526 4269 et

457 4292 760 4345 muneribus
792 4293 1035 4355 Caesaris,
1071 4295 1160 4360 qui
1196 4302 1392 4362 prater
1425 4297 1525 4349 alia

1154 410 1370 467 80³1·AE
1413 411 1821 466 vaunnam!
1865 413 1948 466 m

1586 555 1803 595 munera
1840 543 1936 595 tibl
1973 541 2099 592 data
2118 539 2385 607 editaque,
2405 539 2550 592 dedit
2581 546 2638 595 et

1587 621 1767 685 vitam,
1782 632 1938 687 quum
1962 618 2193 685 perdidit
2211 617 2494 669 delatores.
2539 619 2640 669 Vel

1592 684 1960 747 ‘annumeres'
2013 710 2106 746 seu
2149 694 2348 745 tribuas
2405 695 2420 723 ‘
2447 693 2636 745 vitam’

1588 773 1685 824 tibi
1731 780 2012 833 servatam,
2052 771 2191 824 curis
2230 771 2471 832 Caesaris,
2515 784 2640 835 quas

1586 851 1843 915 impendit
1866 850 2022 901 saluti
2044 855 2171 911 tuae,
2192 863 2347 913 quum
2379 847 2638 907 delatores

1587 929 1938 993 deprehendit
1955 935 2010 981 et
2031 928 2253 992 punivit.
2287 928 2524 977 Rudas-as.

1588 1006 1749 1057 Erro.
1772 1017 1829 1056 v.
1887 1005 2037 1055 Inter
2077 1004 2179 1054 alia
2214 1003 2516 1067 spectacula
2554 1015 2641 1051 ex·

1652 1083 1834 1135 bibitae
1871 1087 1993 1132 suut
2024 1087 2083 1132 et
2119 1080 2306 1144 priscae
2342 1076 2553 1140 fabulae,
2587 1078 2641 1127 in

1652 1172 1812 1211 arena
1840 1166 2008 1210 acto:
2041 1156 2126 1207 hic
2158 1163 2332 1206 autem
2354 1152 2642 1219 Pasiphaes

1654 1235 1903 1287 nefandus
1945 1249 2063 1286 cum
2119 1241 2267 1283 tauro
2319 1224 2648 1292 concubitus,

1654 1314 1685 1344 '⁶
1705 1314 1856 1379 quale
1887 1313 2028 1365 iuter
2068 1308 2440 1375 Pyrrhicamm
2490 1320 2644 1370 argu-2

1653 1396 1831 1441 menta
1893 1391 2303 1450 repraesentarat
2365 1383 2531 1444 Nero,
2585 1387 2646 1431 ut

1652 1464 1802 1514 multi
1815 1462 2164 1527 spectantium
2184 1459 2478 1519 crederent.
2508 1457 2648 1507 Vide

1653 1543 1801 1592 Suet.
1824 1541 2089 1591 Neronem
2121 1552 2216 1588 seu
2235 1536 2328 1586 lib.
2347 1540 2400 1606 6.
2423 1550 2544 1600 cap.
2563 1538 2647 1586 12.

1654 1625 1713 1669 et
1731 1616 1943 1682 Apuleii
1960 1612 2307 1677 Metamorph.
2332 1615 2411 1661 10.

1655 1695 1686 1725 ”
1711 1695 1861 1751 Quale
1880 1694 2028 1752 inter,
2041 1689 2149 1756 ξω]
2179 1689 2332 1739 Idem
2347 1686 2509 1737 fuisse
2526 1699 2650 1737 cen·

1591 1778 1675 1823 set
1690 1770 1744 1822 J.
1769 1771 2015 1834 Rutgers.
2034 1769 2161 1817 Var.
2184 1766 2334 1816 Lect.
2357 1765 2396 1814 l.
2417 1769 2471 1813 5.
2493 1777 2541 1812 c.
2568 1766 2653 1813 15.

1592 1846 1810 1916 proinde
1829 1862 1931 1899 nou
1948 1843 2203 1895 Martialis
2219 1856 2337 1893 esse
2357 1841 2459 1891 hoc
2480 1838 2650 1905 epigr.

1658 1930 1687 1975 1
1721 1922 1983 1988 Pasiphae]
2038 1918 2174 1971 Filia
2210 1917 2359 1971 Jovis
2406 1924 2467 1968 et
2519 1928 2653 1967 uxor

1592 2004 1785 2055 Minois
1808 2002 1947 2066 regis
1971 2001 2147 2052 Cretae
2188 1998 2321 2065 tauri
2358 2009 2535 2047 amore
2573 1993 2651 2044 iu·

1592 2079 1767 2131 sauiit.
1806 2076 2234 2140 Dietoes,‘creds‘te‚
2246 2072 2358 2137 &cd
2391 2069 2657 2133 Cretensi,

1594 2174 1628 2211 a
1642 2158 1825 2220 Dicte,
1846 2161 2022 2206 monte
2044 2154 2240 2204 Cretae.

1656 2238 1690 2284 2
1722 2232 1920 2297 Accepit
1928 2229 2106 2297 fidem]
2139 2229 2282 2278 Vera
2300 2225 2563 2277 ereditur.

1657 2316 1688 2361 8
1725 2311 1829 2362 Noe
1846 2325 1898 2362 se
1916 2306 2251 2370 miretur-‚85⁶3
2286 2305 2401 2355 Nec
2420 2302 2522 2353 sibi
2538 2309 2655 2352 tan·

1593 2392 1703 2438 tu'm
1722 2385 2044 2452 applaudant
2074 2389 2301 2442 veteres,
2318 2379 2459 2445 quod
2480 2376 2654 2442 hujus-

1593 2463 1733 2514 modi
1754 2461 1968 2522 fabulas
1983 2459 2248 2525 ingeniose
2266 2455 2514 2507 finxerint
2529 2472 2542 2502 ε
2559 2465 2654 2502 nos

1595 2541 1730 2592 enim
1754 2555 1844 2590 eas
1875 2537 2154 2598 artificiose
2184 2541 2331 2585 actas
2362 2534 2417 2584 in
2439 2525 2656 2596 Amphi·

1594 2617 1800 2667 theatro
1830 2614 2071 2665 vidimus.

1657 2697 1691 2743 4
1722 2690 1910 2755 Areae]
1961 2691 2070 2740 Pro
2118 2686 2543 2753 Amphitheatro,
2596 2684 2659 2730 ut

1592 2775 1734 2818 ante.

1593 2843 1758 2895 Eme.
1793 2856 1872 2895 vr.
1919 2841 2091 2892 Prisci
2141 2838 2393 2904 temporis
2426 2832 2661 2887 venatio·

1660 2920 1814 2971 nibus
1842 2921 1995 2968 hasce
2026 2912 2573 2980 Caesaris-anteponit,
2589 2922 2657 2957 eo

1607 3052 1612 3056 ,
1661 2998 1896 3057 nomine,
1918 2994 2058 3060 quod
2094 2994 2174 3042 vel
2202 2987 2412 3042 foemina
2442 2989 2498 3038 in
2531 2985 2659 3036 Am-

1666 3074 1959 3138 phitheatro
2027 3071 2233 3120 leonem
2309 3059 2661 3119 interfecerit,

1663 3164 1816 3216 quem
1841 3147 2233 3198 labereminter
2264 3156 2491 3194 summas
2528 3138 2664 3187 Her-

1661 3225 1791 3276 culis
1814 3225 1999 3275 laudes
2026 3223 2339 3273 decantarat
2361 3213 2665 3294 antiquitas:

1665 3306 1694 3352 l
1728 3301 1954 3364 lanistis,
1973 3299 2081 3365 ξω]
2113 3298 2179 3347 Iu
2201 3296 2391 3362 quibus
2424 3289 2527 3356 ipsi
2562 3285 2662 3335 vir!

1597 3393 1700 3430 nou
1726 3377 1875 3442 victi,
1895 3377 1988 3427 sed
2020 3376 2245 3425 victores
2279 3376 2411 3423 sunt
2432 3367 2662 3418 virorum

1596 3462 1653 3505 et
1674 3454 1955 3505 bestiarum
1978 3450 2283 3517 quibuscum
2321 3440 2661 3497 committun-

1597 3536 1701 3579 tur.
1753 3530 1897 3579 Mars
1938 3527 2045 3588 tibi,
2068 3524 2196 3589 tra]
2241 3521 2428 3573 Virilis
2469 3523 2660 3566 sexusz

1596 3605 1783 3656 alludit
1804 3611 1974 3654 autem
1998 3602 2062 3651 ad
2096 3614 2288 3650 morem
2311 3593 2659 3673 gladiatorum

1598 3687 2027 3744 venator-umque,
2065 3677 2245 3728 habitu
2290 3673 2393 3725 Dei
2436 3667 2657 3725 aliqu¹¹⁸

1599 3758 1976 3821 pugnantium:
2010 3769 2108 3804 nec
2132 3767 2232 3803 uon
2276 3750 2345 3802 ad
2386 3735 2661 3805 Amphith-

1598 3834 1762 3884 Marti
1804 3833 2125 3901 dedicatum,
2172 3837 2233 3881 ut
2284 3834 2342 3878 et
2399 3822 2661 3873 theatrum

1596 3909 1809 3959 Veneri.

1605 4045 1610 4048 ,
1661 3990 1694 4035 2
1733 3983 1915 4048 Venus]
1946 3982 2221 4035 Muliebris
2260 3987 2454 4031 sexus:
2486 3958 2663 4019 ἀντιτί·

1593 4066 1725 4114 flerat
1747 4063 1913 4114 Marti
1935 4061 2188 4112 bellicoso
2211 4055 2379 4110 monis
2402 4055 2460 4102 et
2479 4039 2665 4122 imbel-

1596 4138 1659 4188 lis
1683 4137 1807 4189 dea:
1845 4135 1980 4187 infra
2004 4151 2138 4186 vers.
2161 4140 2211 4187 6.
2620 4188 2633 4201 ‚

1659 4221 1690 4267 3
1716 4218 2018 4267 prostratum
2038 4214 2253 4273 Nemees,
2274 4203 2383 4272 ξω]
2415 4189 2661 4251 Hereum

1598 4292 1816 4358 primum
1843 4306 1971 4357 opus
1993 4304 2053 4339 ac
2071 4288 2239 4352 labor,
2260 4287 2346 4360 leo
2370 4279 2416 4331 N
2422 4280 2666 4330 emeaeffi»
