2985 4937
657 419 736 466 M.
782 418 957 467 vAt..

266 576 434 614 nnsan
470 557 973 651 Appulus,‘anceps;
1008 562 1304 612 Venusinus

263 641 361 691 scil.
381 639 628 692 calabriae
662 640 879 701 vicinus,
915 639 1037 689 Sat.
1050 643 1098 688 1.
1120 639 1208 690 lib.
1230 637 1305 702 2.)

265 718 310 767 iu
341 716 560 774 carmine
584 716 771 782 lyrico,
805 730 958 814 quam
978 716 1220 780 Sophocli
1250 716 1303 764 in

263 795 462 860 tragico.
909 831 917 835 -

318 877 345 922 8
380 874 524 937 Opus,
544 870 656 935 ξω]
688 871 836 921 Seria
853 879 941 923 tua
962 877 1018 920 et
1040 869 1304 927 severiora

260 949 414 1000 studia
429 965 521 1014 per
542 951 699 1000 hosce
722 949 834 999 dies
851 963 1064 1014 sepone.
1146 948 1303 1000 Scene

264 1027 449 1090 Gabali]
503 1027 699 1078 Catulli
741 1027 1163 1092 Epigrammaton
1197 1026 1304 1075 ele·

261 1109 419 1171 gantis
451 1115 507 1157 et
521 1111 784 1164 venustas,
810 1119 925 1169 quoe
949 1119 1116 1153 sceuoe
1136 1094 1303 1153 omnis

250 1186 564 1250 ,voluptatem
580 1188 812 1247 superat.
851 1182 1010 1232 Forte
1029 1181 1206 1232 mimos
1229 1181 1306 1231 in·

256 1262 430 1327 telligit
451 1276 482 1312 a
503 1261 713 1312 Catullo
757 1258 1111 1324 mimographo
1143 1259 1303 1323 scrip-

258 1347 359 1402 tos;
390 1340 456 1392 de
474 1341 622 1405 cujus
656 1339 936 1390 Phasmate
969 1338 1158 1390 Juven.
1192 1338 1304 1389 Sat.

256 1421 296 1467 8.
321 1431 448 1469 vers.
468 1422 586 1469 186.
662 1418 946 1482 Utriusque
980 1423 1173 1480 potest·
1197 1428 1305 1465 me-

254 1495 468 1561 minisse,
490 1511 611 1547 cum
636 1495 801 1546 addat
846 1497 862 1526 ⁴
881 1491 1141 1558 elegiam!

271 1612 279 1619 .
308 1579 338 1623 4
372 1574 526 1624 crati·
543 1572 712 1636 comis]
745 1572 955 1622 Cultum
991 1568 1198 1635 proprie
1223 1583 1304 1619 re·

252 1650 394 1715 quirit
429 1650 636 1715 Elegia,
660 1648 796 1714 'quia
818 1655 1000 1701 tenera
1029 1653 1089 1696 et
1114 1645 1306 1708 teneris

253 1725 394 1777 rebus
405 1734 562 1792 apta:
599 1726 721 1775 hinc
744 1727 763 1754 ⁴
784 1725 955 1775 cultus
979 1720 1258 1773 Tibullus.’

270 1832 274 1837 ·
307 1809 336 1853 ⁵
370 1803 597 1867 Famoso]
655 1803 810 1854 Calet
836 1802 975 1852 enim
1012 1800 1095 1850 hic
1116 1799 1307 1851 mensis

250 1877 383 1939 foco;
418 1881 543 1931 hinc
585 1880 773 1929 fumus.
864 1877 979 1928 Non
1014 1880 1308 1941 asper-nanda

256 1957 489 2025 Carmina,
517 1955 628 2022 ξω]
673 1957 799 2006 Mea
834 1955 967 2026 llaec.
1032 1954 1309 2019 Decembri]

252 2031 384 2084 Laeto
415 2033 777 2085 Saturnalibus
822 2040 878 2082 et
913 2033 1161 2084 libertate
1200 2033 1310 2082 De·

252 2112 462 2165 cembri:
503 2113 726 2179 proinde
735 2112 873 2177 jocis
894 2112 974 2162 his
993 2110 1122 2161 meis
1164 2118 1308 2175 apto.

272 2222 275 2227 -
309 2194 337 2239 7
373 2191 697 2252 Commodias,
725 2188 838 2254 ξω]
875 2189 992 2240 Nisi
1022 2187 1170 2244 ‚sorte
1201 2203 1308 2239 ma-

250 2264 305 2315 lis
343 2268 419 2317 his
461 2267 832 2319 Saturnalibus
876 2266 1056 2316 ludere
1098 2266 1217 2317 talis
1252 2272 1309 2316 et

250 2343 455 2404 perdere
474 2358 658 2406 nuces,
677 2359 828 2409 quam
846 2358 965 2394 mea
983 2344 1096 2394 brec
1113 2344 1311 2407 legere,

252 2432 355 2481 quse
377 2420 613 2485 ipsorum
650 2429 731 2471 est
769 2420 991 2486 ineptia.
1058 2419 1306 2471 Modeste

252 2495 342 2547 hoc
374 2497 440 2548 de
475 2497 609 2549 suis.
668 2533 671 2534 ν

308 2576 464 2627 Eme.
518 2589 693 2626 xxxi.
748 2574 1052 2628 Jucnndum
1093 2582 1309 2641 specta-

250 2652 407 2703 culum
430 2653 571 2703 inter
590 2666 784 2716 pueros
806 2659 862 2701 et
887 2659 1080 2704 tauros.

306 2733 331 2777 1
366 2729 604 2793 Placidi-s,
624 2728 732 2792 ξω]
766 2728 935 2780 Quam
968 2728 1233 2792 intrepide
1255 2727 1310 2777 in

249 2807 553 2869 spectaculis
598 2806 749 2870 pueri
773 2805 1062 2856 desultoria
1084 2806 1310 2872 quadam

249 2891 353 2934 arte
390 2885 691 2935 discurrant
746 2877 1172 2947 inambulentque
1216 2895 1315 2945 per

251 2963 388 3025 terga
409 2961 568 3011 boum
605 2958 880 3009 ludibundi
928 2964 983 3008 et
1018 2958 1314 3008 velitantes.

251 3047 476 3113 placidis]
518 3048 643 3099 Vox
664 3049 681 3077 ‘
700 3045 947 3112 placidis'
987 3062 1091 3097 non
1137 3053 1314 3111 potest

250 3124 336 3175 nisi
353 3126 417 3176 ad
430 3133 733 3199 mansuetos
748 3123 955 3176 referri.
974 3126 1153 3191 Urba]
1175 3125 1313 3175 Pne-

247 3216 425 3256 rorum.

308 3284 338 3330 2
371 3283 440 3332 Et
462 3281 578 3346 sua]
635 3283 707 3333 Et
729 3283 852 3332 hinc
877 3286 1026 3346 patet
1053 3280 1314 3332 cicuratas

252 3352 417 3407 fuisse.
482 3359 726 3420 Pondere,
767 3358 876 3422 lfa]
909 3358 979 3408 Et
1025 3372 1177 3423 quiam
1225 3370 1317 3421 pa-

254 3433 435 3485 tienter
471 3436 799 3487 submittantx
813 3451 869 3486 se
891 3436 1316 3499 percurrentibus

250 3511 411 3570 pueris
435 3511 620 3563 boves.
658 3512 908 3576 Pondera]
955 3514 1264 3563 Puerorum.

307 3591 336 3635 4
368 3588 427 3637 In
453 3593 582 3652 toto,
605 3590 718 3653 fisca]
750 3591 875 3640 Tela
911 3589 1102 3654 vibrat,
1128 3590 1317 3655 batuit,

252 3662 506 3727 praeludit,
528 3665 593 3713 ab
617 3665 754 3713 omni
780 3673 934 3729 parte
964 3674 1251 3716 taurorum.

311 3744 338 3789 5
372 3741 569 3792 Fer-itas
611 3741 828 3804 immota,
869 3742 975 3806 ξι]
1009 3742 1187 3804 Tauri,
1222 3741 1318 3792 du·

255 3811 370 3865 dum
389 3816 611 3880 feroces,
634 3824 780 3872 stant
801 3819 1022 3882 immoti,
1046 3827 1099 3869 et
1144 3820 1316 3883 pueris

257 3889 337 3940 ubi
381 3896 603 3958 vestigia
644 3895 848 3958 sistant,
891 3895 1030 3946 unde
1072 3895 1319 3959 batuant,

261 3966 489 4027 praebent
511 3979 658 4035 terga
679 3986 772 4021 sua
794 3971 1149 4036 pavimentum
1167 3986 1317 4038 seque

259 4041 449 4097 firmum
473 4062 537 4097 ac
558 4049 778 4099 solidum
797 4056 956 4116 atque
974 4051 1182 4117 planam
1204 4065 1316 4101 are·

261 4134 390 4175 nam.

316 4201 347 4247 7
383 4200 484 4251 Nec
507 4204 748 4268 trepidant
766 4204 1103 4271 pessuma]
1135 4206 1218 4257 Ne
1241 4206 1317 4256 in-

262 4276 554 4329 terturbent
591 4292 887 4342 puerorum.
905 4282 1078 4348 ludos,
1097 4282 1318 4349 impedi-

268 4360 415 4404 antve
435 4354 722 4408 victoriam.
792 4397 797 4400 .

1003 419 1425 469 MAR'mAtAs
1471 420 1720 471 nmen.
1771 419 1912 470 LIB.
1963 423 2027 472 V·

2271 404 2447 475 1235

1442 562 1606 617 Eme.
1654 576 1840 614 xxxii.
1899 569 1925 614 1
1973 565 2162 616 Tabulis
2197 566 2448 632 supremis]

1376 640 1704 693 Testamenti
1724 642 1991 694 codicillis.

1441 722 1472 767 2
1508 718 1639 783 Sibi]
1687 720 1873 770 Ventri
1907 735 2033 771 suo:
2069 720 2181 784 ipse
2205 722 2343 771 enim
2368 723 2442 771 vi-

1377 809 1471 843 vus
1491 796 1661 845 omnia
1699 796 2004 859 decoxerat,
2041 811 2139 848 nec
2164 798 2440 862 quicquam

1375 873 1599 923 moriens
1630 873 1834 936 habuit,
1861 873 1997 939 quod
2017 875 2163 924 uxori
2180 875 2442 940 relinque-

1375 956 1477 999 ret.
1541 950 1623 998 De
1643 950 2002 1016 Hermocrate,
2023 952 2112 1017 qui
2133 953 2357 1003 moriens
2381 966 2438 1003 se
2463 984 2468 989 -

1377 1026 1473 1079 sibi
1529 1027 1774 1078 heredem
1834 1037 2149 1081 testamento
2215 1031 2443 1095 scripsit,

1376 1103 1498 1154 vide
1542 1105 1707 1170 Epist.
1746 1106 1954 1171 Lucilii,
1995 1108 2087 1158 lib.
2122 1111 2173 1158 2.
2222 1106 2439 1159 Anthol.

1378 1194 1497 1244 cap.
1515 1188 1598 1232 60.

1442 1258 1604 1308 Eme.
1622 1272 1827 1311 xxxiv.
1860 1260 2085 1327 Utrique
2110 1262 2314 1325 parenti
2330 1261 2445 1326 jam

1378 1333 1630 1386 defuncto
1653 1338 1981 1390 couunendat
2004 1353 2281 1389 sexennem
2298 1340 2444 1403 puel-

1376 1412 1477 1462 lam
1503 1412 1742 1479 Erotion,
1761 1413 2046 1477 vernulam,
2063 1417 2342 1469 immaturo
2366 1416 2442 1467 fa-

1375 1496 1430 1540 to
1468 1490 1759 1541 extinctam
1771 1509 1792 1555 3
1845 1500 1903 1543 ut
1926 1494 2181 1544 insontem
2201 1495 2313 1559 ejus
2332 1495 2440 1545 ani-

1377 1583 1516 1618 mam
1547 1569 1685 1633 apud
1730 1571 1917 1621 Manes
1955 1572 2244 1636 excipiant,
2282 1578 2337 1621 et
2379 1585 2446 1621 ne

1380 1646 1536 1695 tellus
1580 1648 1888 1710 corpusculo
1941 1648 2113 1709 gravis
2164 1647 2251 1697 sit.
2318 1648 2451 1698 Rati.

1380 1724 1525 1773 Male
1572 1723 1810 1774 Raderus
1845 1725 2055 1789 utrique
2106 1725 2317 1790 parenti
2370 1724 2449 1773 ait

1381 1801 1733 1852 commendari
1753 1803 2006 1855 Erotium.
2071 1802 2240 1852 Immo
2280 1807 2449 1850 mater

1379 1886 1648 1942 superstes
1686 1877 1934 1929 defuncto
1959 1876 2267 1942 jamdudum
2307 1876 2447 1941 patri

1381 1967 1551 2017 nuper
1571 1952 1872 2006 defunctam
1907 1955 2068 2012 filiam
2098 1953 2447 2011 commendat.

1383 2029 1546 2080 Error
1566 2046 1630 2082 ex
1655 2046 1815 2096 pravo
1836 2033 2099 2095 lemmate,
2131 2030 2268 2097 quod
2291 2030 2341 2079 in
2362 2044 2450 2080 co-

1383 2109 1503 2163 dice
1522 2110 1763 2163 Leidensi
1790 2119 1990 2162 tantum
2015 2117 2117 2171 est,
2146 2112 2227 2163 Aa
2249 2111 2453 2160 Fronto-

1380 2205 1506 2253 aem,
1522 2198 1580 2241 et
1606 2199 1729 2255 post
1747 2191 1969 2255 primum
2003 2190 2257 2240 distichon
2281 2206 2296 2240 z
2327 2190 2450 2253 Epi.

1381 2268 1599 2332 taphium
1644 2269 1918 2319 Erotiom's:
1983 2267 2103 2329 (sed
2150 2266 2448 2318 faciendum

1381 2354 1498 2395 est:
1537 2346 1849 2409 Epitaphium
1877 2345 2041 2397 Erotis
2081 2345 2145 2394 ad
2165 2345 2453 2395 Frontonem

1378 2419 1611 2487 patr-eun)
1625 2422 1816 2473 deinde
1838 2436 1903 2471 ex
1928 2421 2351 2486 interpunctione
2376 2421 2450 2471 in·

1383 2508 1466 2550 ter
1499 2503 1515 2530 ‘
1533 2500 1778 2550 Flacilla'
1798 2507 1854 2551 et
1885 2502 1902 2528 ‘
1921 2499 2182 2566 puellam‚'
2214 2514 2336 2564 ,quae
2359 2499 2454 2549 tol·

1381 2581 1537 2630 lenda
1579 2588 1680 2633 est.
1746 2581 1904 2642 Nam,
1942 2581 2170 2646 genitrix
2209 2581 2454 2632 Flaccilla

1384 2659 1693 2708 commendo
1715 2660 1962 2723 puellam,
1998 2658 2179 2709 oscula
2212 2658 2450 2708 delicias-

1383 2750 1484 2802 que
1507 2750 1668 2800 meas,
1689 2735 1806 2797 tibi,
1829 2743 1988 2800 pater.
2007 2736 2232 2796 Fronto;
2266 2742 2350 2783 est
2372 2749 2452 2783 er-

1386 2830 1452 2880 go
1484 2814 1710 2879 genitrix
1749 2814 2032 2864 Flaccilla:
2057 2827 2199 2863 .nam
2224 2813 2336 2876 ipsa
2360 2811 2453 2861 fin·

1385 2895 1526 2960 gitur
1546 2895 1782 2959 loquens.
1816 2893 2025 2943 Gronov.

1454 2976 1480 3021 1
1521 2973 1664 3021 Hauc
1683 2970 1792 3032 tibi,
1835 2971 1942 3036 ξω]
1980 2970 2196 3021 Erotion
2227 2968 2451 3033 puellam

1388 3064 1669 3100 sexennem
1697 3050 1973 3099 immaturo
1992 3049 2302 3100 ‘extinctam
2327 3045 2458 3106 fato,

1387 3127 1547 3177 filiam
1568 3134 1810 3189 vestram,
1832 3142 1863 3176 o
1883 3128 2080 3177 Fronto
2105 3133 2166 3176 et
2189 3124 2453 3180 Flaccilla,

1388 3203 1544 3265 servi,
1569 3203 1691 3252 dum
1731 3198 1998 3267 viveretis,
2041 3202 2163 3266 mei,
2186 3202 2453 3251 vernulam

1389 3288 1445 3330 et
1483 3279 1698 3329 delicias
1718 3294 1862 3329 meas
1880 3278 2027 3328 vobis
2042 3276 2366 3337 commendo,
2396 3283 2456 3323 ut

1389 3355 1668 3420 excipiatis
1690 3354 1964 3405 animulam
1997 3353 2047 3418 ej
2058 3367 2135 3416 us,
2154 3352 2456 3401 deductam·

1390 3447 1491 3497 que
1512 3431 1808 3481 defendatis
1827 3446 1861 3480 a
1881 3431 2040 3481 larvis
2063 3429 2180 3494 illis,
2194 3427 2434 3479 monstris
2442 3460 2456 3488 ‚

1391 3509 1778 3574 terroribusque
1801 3509 2015 3572 Stygiis.

1456 3591 1486 3636 8
1525 3586 1736 3647 Pallida,
1777 3584 1885 3650 δῖα]
1923 3585 2003 3634 Al.
2047 3584 2296 3633 Parvula.-
2330 3580 2459 3641 aliis,

1391 3664 1619 3715 Paulula.
1686 3665 1817 3715 Nam
1851 3663 2089 3726 exiguam
2134 3660 2291 3709 fuisse
2331 3658 2459 3707 Eio-

1393 3742 1526 3804 tion,
1567 3741 1762 3791 nullum
1802 3747 1883 3790 est
1927 3738 2172 3788 dubium:
2231 3733 2457 3784 noudum

1392 3819 1532 3868 enim
1553 3817 1937 3868 eratsexenuis.
1976 3813 2112 3862 Vide
2128 3810 2457 3862 Scriverium.
2497 3803 2507 3815 “

1394 3894 1474 3943 Ne
1510 3892 1703 3956 nigras]
1760 3892 1835 3940 Ut
1861 3906 1892 3939 a
1915 3888 2060 3937 vobis
2089 3886 2228 3949 apud
2261 3883 2454 3932 inferos

1392 3978 1620 4035 excepta
1642 3984 1742 4021 non
1786 3968 1971 4018 timeat
2002 3970 2232 4026 monstra
2269 3962 2458 4010 larvas-

1390 4064 1490 4113 que
1506 4047 1732 4111 Stygias.

1419 4166 1423 4170 .
1455 4128 1487 4173 4
1528 4122 1748 4177 Tartarei
1769 4119 1923 4183 cauis]
1949 4118 2166 4170 Cerberi
2193 4113 2450 4167 trifaucis.

1458 4208 1488 4251 5
1525 4202 1789 4265 Impletura
1818 4198 1946 4261 fuit,
1976 4197 2081 4262 qva]
2131 4197 2249 4248 Quo
2284 4195 2455 4243 minus

1392 4287 1598 4328 sextum
1638 4275 1813 4332 aetatis
1858 4289 2046 4324 annum
2080 4273 2343 4336 expleret,
2369 4267 2462 4318 de·

1320 4411 1325 4416 ,
1394 4356 1541 4410 fuere
1573 4357 1645 4408 illi
1670 4369 1760 4406 sex
1780 4354 1910 4405 dies.
