2985 4937
684 380 761 429 M.
809 380 981 429 VM..
1034 378 1453 430 MAR'I'IALIS
1502 378 1752 433 EPIGR.
1800 383 1949 432 1213.
1997 384 2160 433 vul.

335 552 340 553 ff
380 529 407 574 1
448 523 714 591 Cor-cyrei,
772 509 912 590 ξω]
948 524 1174 590 Alcinoi,
1240 525 1382 590 regis

215 600 218 605 ’
314 601 615 663 Pbaeacum.
684 603 915 666 Corcyra
948 602 1085 652 enim
1106 603 1275 653 Maris
1296 602 1383 652 Io·

313 678 384 727 nii
423 679 617 743 insula,
656 679 746 730 ubi
789 678 1167 731 laudatissimus
1207 681 1382 730 hortos

313 754 472 806 coluit
519 755 789 807 Alcinous.
864 754 1001 807 Vide
1056 757 1379 821 Epigramm-

308 832 502 884 alib.
525 839 579 884 4.
606 848 739 883 vers.
762 837 845 885 29.
1355 886 1359 890 .

371 910 404 958 2
437 910 566 974 Rus,
589 910 796 973 Entelle,
811 907 920 983 ξω]
948 907 1211 959 Praeferat
1233 914 1380 959 tuum

309 986 516 1039 bortum
540 987 680 1036 illius
702 989 871 1050 horto.

323 1110 326 1115 ,
368 1067 401 1113 8
441 1065 572 1114 Uret
604 1079 666 1114 ae
710 1051 895 1127 mma,
932 1062 1042 1127 ξω]
1097 1062 1377 1114 Mordeat:

307 1154 466 1205 supra
488 1141 673 1206 Epigr.
696 1145 928 1192 14.vers.
946 1145 997 1191 2.
1049 1140 1066 1169 ‘
1084 1140 1268 1190 Boreae
1294 1154 1381 1204 pe-

306 1219 563 1270 netrabile
586 1218 751 1285 frigus
774 1217 988 1270 adurit.'
1021 1218 1213 1282 Virgil.
1249 1217 1381 1267 Καίει

304 1295 361 1344 τὸ
385 1295 572 1361 ψυχρὸν
606 1295 683 1346 διὰ
719 1295 779 1346 τὸ
812 1294 1051 1361 συνάγειν,
1090 1294 1122 1356 ἤ
1147 1295 1379 1361 &umpa-

302 1371 490 1423 ἲστάναι
512 1374 571 1423 τὸ
592 1371 776 1438 θερμὸν,
794 1373 960 1423 Arist.

363 1453 397 1500 4
432 1451 642 1515 Bacchi,
661 1450 768 1515 ξω]
808 1451 978 1501 Vites.

362 1534 393 1576 5
432 1530 649 1579 Condita
686 1528 961 1592 perspicua,
996 1526 1104 1590 ξω]
1175 1526 1378 1590 Lapide

303 1606 570 1668 speculari
594 1605 797 1668 tegitur
819 1604 888 1655 ab
926 1604 1115 1669 injuria
1152 1602 1379 1668 frigoris.

304 1681 487 1746 Epigr.
515 1686 599 1732 14.
625 1695 785 1746 supra
807 1695 945 1735 vers.
968 1684 1020 1732 3.
1241 1738 1244 1742 ⁴

319 1796 322 1799 >
361 1762 396 1808 6
431 1757 605 1821 Felix]
641 1758 780 1810 Quia
804 1763 1041 1823 tempore
1070 1755 1231 1810 etiam
1253 1756 1379 1806 alie-

300 1847 366 1884 no
387 1832 587 1896 ferax3
622 1844 715 1883 aut
748 1834 872 1899 quia
906 1841 1049 1884 tecta
1087 1840 1147 1883 et
1179 1833 1379 1883 munita

302 1919 490 1961 eontra
511 1912 744 1975 hyemes.

359 1993 394 2038 ‘1
427 1988 735 2052 Bombycina
783 1987 973 2052 corpus]
1037 1985 1293 2049 Multitia,
1344 2000 1375 2036 e

265 2101 269 2114 2
299 2063 557 2132 bombyce
581 2066 665 2114 vel
682 2065 852 2115 serico
876 2065 1101 2127 intexta,
1117 2063 1297 2114 tenuia
1319 2070 1375 2115 et

261 2206 264 2207 γ
301 2141 570 2205 pellucido,
592 2158 606 2191 z
638 2142 828 2192 Senec.
851 2139 1039 2190 Benef.
1067 2139 1159 2190 lib.
1181 2144 1231 2191 ⁷.
1254 2155 1373 2204 cap.

300 2222 350 2269 9.
373 2227 428 2268 et
465 2219 715 2270 Juvenal.
744 2219 859 2268 Sat.
894 2222 944 2268 2.
973 2231 1110 2268 vers.
1132 2221 1217 2267 66.
1262 2217 1375 2266 Hu-

292 2294 528 2358 jusmodi
551 2301 727 2344 vestes
752 2294 954 2355 vitreae,
975 2293 1177 2343 nebulae
1200 2292 1375 2356 lineae,

299 2373 414 2422 vela
436 2371 631 2434 serica,
654 2370 885 2429 carbasei
908 2370 1073 2434 venti,
1095 2376 1244 2420 texta
1266 2370 1375 2434 pel·

300 2448 478 2500 lueida
496 2448 748 2500 matronis
757 2448 1009 2499 Romanis
1023 2448 1078 2498 in
1093 2462 1189 2498 usu
1205 2454 1374 2512 erant,

302 2534 362 2577 ut
381 2528 579 2579 nostris
602 2527 757 2578 bodie
792 2526 1013 2575 dominis
1034 2527 1159 2575 lawa
1176 2528 1271 2574 and
1287 2525 1372 2586 tif-

291 2604 440 2671 scay.

362 2688 397 2735 8
430 2683 517 2734 Sic
560 2688 837 2734 numeratur
879 2681 1028 2748 aqua]
1066 2681 1155 2731 Ita
1183 2681 1374 2746 ‚perlu-

300 2769 427 2812 cent
448 2768 506 2812 et
524 2768 784 2826 apparent
798 2761 1007 2820 calculi,
1030 2766 1091 2810 ut
1110 2760 1372 2811 numerari

302 2839 524 2903 possint.

321 2942 327 2948 ·
360 2922 398 2968 9
432 2917 567 2974 Quid
586 2931 698 2979 non,
717 2917 827 2981 ξω]
864 2914 1075 2966 Claudit
1098 2916 1369 2980 Epigram-

301 3008 385 3045 ma
417 3009 536 3046 cum
581 2989 967 3045 exclamatione
1004 3007 1101 3055 per
1147 2994 1369 3043 admira·

300 3072 496 3122 tionem
528 3072 770 3122 humanas.
806 3069 1079 3120 industriae
1118 3078 1174 3121 et
1209 3071 1367 3120 soler-

302 3149 391 3199 tiae
418 3148 636 3213 ingenii,
657 3148 795 3213 quod
818 3147 892 3197 nil
928 3161 1032 3197 non
1065 3148 1232 3212 possit
1254 3155 1368 3199 arte

301 3223 529 3276 efficere.

366 3305 430 3352 10
463 3303 778 3364 Autnmnum,
794 3301 909 3365 ξω]
938 3300 1024 3350 Ita
1040 3301 1228 3350 muniti
1250 3316 1369 3366 spe·

300 3377 585 3440 sularibus,
626 3377 766 3428 horti
801 3378 918 3441 ipsa
951 3376 1136 3427 btuuia
1168 3375 1369 3428 fructus

298 3454 497 3519 ferunt,
518 3453 739 3519 perinde
762 3468 825 3503 ac
848 3453 905 3503 in
924 3462 1186 3504 autumno.

362 3535 529 3585 Eme.
552 3546 708 3583 uix.
741 3532 981 3582 Mortuos
1018 3540 1220 3583 tautum
1257 3533 1369 3584 lau-

299 3611 458 3662 dabat
479 3610 663 3676 poetas
685 3610 934 3659 Vacerra.
1000 3595 1258 3661 Martialis
1288 3625 1370 3662 ar·

303 3696 461 3754 gute=
500 3689 623 3739 Nou
664 3688 801 3737 tanti
835 3684 973 3736 facio
1016 3694 1132 3738 tuas
1172 3687 1371 3752 laudes,

302 3773 359 3816 ut
383 3772 476 3815 tua
498 3778 685 3814 caussa
705 3762 861 3812 velim
892 3769 1015 3811 ante
1046 3763 1185 3813 diem
1221 3765 1372 3829 mori,

301 3857 401 3908 quo
424 3842 517 3892 abs
541 3848 595 3891 te
616 3839 818 3890 laudari
843 3840 1056 3903 possim.

333 3949 338 3954 -
366 3923 395 3968 1
430 3917 639 3968 Miraris
674 3921 874 3979 veteres,
905 3916 1018 3980 ξω]
1059 3916 1199 3966 Vide
1241 3916 1367 3983 Epi-

300 4011 512 4061 gramm.
529 4000 618 4046 x10.
640 3996 730 4045 lib.
754 4001 804 4046 5.
826 4010 961 4046 vers.
981 4000 1033 4046 4.

364 4078 395 4123 8
421 4072 600 4136 Tanti]
630 4073 706 4122 Ut
729 4079 822 4121 tua
836 4071 960 4121 mihi
975 4077 1098 4136 post
1119 4069 1229 4120 fata
1242 4085 1367 4120 con·

302 4149 468 4214 tingat
503 4150 634 4211 laus,
656 4162 758 4197 non
788 4161 1019 4213 propero
1041 4148 1205 4198 mori:
1242 4148 1369 4200 dict.

305 4227 481 4291 Epigr.
504 4240 641 4277 vers.
663 4229 714 4276 9.

373 4304 528 4355 Eme.
553 4315 682 4353 Lxx.
706 4300 916 4354 Laudat·
932 4302 1161 4352 Nervam
1196 4302 1369 4366 Impe-

2354 370 2525 437 1319

1457 532 1680 577 ratorern
1704 527 1772 577 ab
1788 526 1998 593 ingenio
2013 529 2243 596 poetico,
2259 531 2346 596 qui
2365 531 2522 582 etiam

1458 620 1608 670 puer,
1639 620 1670 655 a
1690 606 1936 656 carminis
1970 607 2266 673 dulcedine,
2287 609 2524 659 Tibullus
2564 638 2581 649 -

1457 683 1840 747 appellabatur.

1523 766 1550 811 1
1591 761 1786 817 Quanta
1816 762 1965 825 quies,-
1984 760 2091 826 ξω]
2148 761 2310 827 AEq'ue
2339 760 2525 813 facun-

1457 837 1556 886 dus
1581 844 1638 888 et
1668 840 1898 888 carmine
1922 837 2087 887 dulcis
2122 844 2206 888 est
2241 839 2438 900 Nerva,
2460 854 2523 889 ac
2557 879 2559 881 .

1456 915 1600 964 mitis
1641 923 1696 965 et
1730 914 1877 964 leuis.
1946 916 2030 964 De
2065 914 2283 964 lenitate
2309 914 2524 978 Nervae,

1452 988 1637 1041 Aurel.
1683 991 1889 1052 Victor,
1926 989 2049 1052 Dio,
2084 989 2398 1054 Eutropiust
2454 990 2523 1039 de

1439 1067 1603 1132 *poesi
1628 1069 1826 1119 Noster
1856 1067 2037 1131 Epigr.
2067 1071 2150 1116 27.
2183 1065 2272 1115 lib.
2296 1070 2346 1116 9.
2381 1064 2524 1116 Plin.

1452 1143 1576 1196 Jun.
1600 1144 1689 1195 lib.
1714 1149 1763 1193 5.
1782 1143 1951 1207 Epist.
1976 1147 2024 1192 3.
2054 1142 2272 1207 Gyrald.
2309 1141 2453 1192 Dial.
2474 1148 2524 1192 5.

1456 1222 1625 1284 Nero,
1660 1221 1749 1286 qui
1782 1221 2012 1271 Nervam
2051 1219 2340 1283 appellavit
2377 1233 2525 1269 suum

1454 1297 1721 1347 Tibullum
1744 1312 1758 1346 ε
1796 1297 1898 1359 Ep.
1921 1299 2004 1346 27.
2027 1295 2115 1346 lib.
2135 1299 2185 1345 9.
2208 1298 2394 1345 vers.9

1517 1379 1550 1424 2
1584 1375 1684 1424 Sed
1717 1374 1915 1436 cohibet,
1944 1372 2053 1436 ξω]
2084 1371 2323 1435 Modum,
2358 1372 2522 1436 pudo-

1452 1466 1588 1513 rem,
1624 1458 1680 1500 et
1717 1450 1961 1500 decorum
1997 1449 2216 1500 adhibet
2253 1451 2306 1500 in
2348 1450 2527 1515 ροὲεἰς

1450 1543 1555 1579 non
1594 1528 1792 1593 proluit
1832 1543 1888 1577 se
1927 1526 2073 1576 fonte
2112 1527 2402 1591 caballino,
2437 1529 2526 1577 cui

1453 1606 1535 1654 vel
1561 1603 1913 1654 exhauriendo
1933 1601 2222 1665 sufficeret3
2256 1617 2358 1653 non
2381 1604 2528 1653 laxas

1452 1682 1664 1748 ingenio
1709 1681 1934 1731 habenas
1979 1681 2247 1744 indulget3
2293 1680 2391 1730 sed.
2427 1681 2525 1730 sibi

1453 1765 1738 1824 temperat,
1785 1765 1842 1809 et
1888 1756 2095 1807 modice
2135 1755 2272 1806 bibit
2320 1754 2523 1806 fontem

1452 1837 1724 1886 Musarum
1801 1833 2170 1896 Permessida3
2237 1832 2524 1882 advertens

1452 1913 1578 1979 quid
1600 1912 1790 1963 deceat
1813 1911 1981 1961 virum
2001 1923 2262 1974 magnum,
2281 1916 2335 1958 et
2359 1907 2522 1957 miuo-

1451 2005 1566 2040 rum
1609 1989 1898 2040 studiorum
1931 1986 2147 2051 gloriam
2184 1984 2250 2034 ad
2273 1984 2410 2035 viros
2448 1984 2526 2035 in·

1449 2066 1657 2118 ferioris
1678 2066 1834 2117 sortis
1853 2066 2106 2129 relegans.
2518 2080 2527 2081 ff

1516 2151 1546 2195 5
1583 2142 1825 2207 Pieriam]
1868 2141 2158 2192 Poeticam.
2219 2137 2520 2199 Tenuisron-

1448 2228 1546 2273 tem
1586 2222 1829 2284 redimire,
1868 2219 1976 2283 ξω]
2031 2217 2362 2280 Hederacea,
2404 2231 2520 2280 quae

1449 2298 1852 2364 elegiographiis
1871 2302 1927 2346 et
1942 2295 2406 2360 epigrammatariis
2429 2293 2520 2343 da·-
2606 2356 2609 2361 Ι

1451 2384 1555 2435 tur,
1597 2388 1715 2425 cum
1759 2379 1941 2439 posset
1985 2373 2222 2422 heroicus
2269 2385 2519 2436 quernam

1448 2465 1750 2580 nnssegmoe
1771 2544 1857 2580 nec
1877 2528 1978 2578 vela
1991 2525 2141 2587 dare]
2166 2525 2288 2575 Non
2309 2524 2523 2587 collige-

1427 2620 1506 2657 re
1539 2621 1765 2670 omnem,
1786 2621 1940 2673 quam
1982 2603 2167 2669 possit,
2189 2601 2406 2652 nominis
2439 2614 2525 2649 ce-

1445 2683 1763 2734 lebritatem.

1513 2765 1545 2811 7
1579 2760 1674 2810 Sed
1719 2764 1877 2809 tamen
1915 2757 2055 2821 hunc,
2083 2754 2188 2819 ξω]
2237 2754 2315 2805 Ut
2347 2767 2525 2818 supra,

1446 2855 1582 2890 vers.
1608 2842 1658 2887 1.

1471 2968 1474 2974 Δ
1511 2919 1679 2967 Eme.
1706 2928 1862 2966 Lxxt.
1900 2911 2269 2963 Postumianus
2309 2912 2525 2973 quotan-

1443 2994 1526 3044 nis
1556 2994 1621 3044 ad
1658 2990 1952 3043 Saturnalia
1990 2987 2212 3038 Poetam
2249 2985 2398 3035 donis
2436 2997 2524 3033 co·

1441 3075 1578 3136 luit;
1613 3073 1687 3123 sic
1730 3080 1831 3135 ut‚·
1853 3086 1981 3136 quo-
2013 3067 2174 3131 magis
2216 3068 2524 3116 crescerent

1444 3150 1586 3214 anni,
1607 3164 1670 3199 eo
1686 3149 1854 3199 minus
1877 3147 2132 3206 donaret3
2161 3145 2375 3209 jamque
2398 3145 2523 3205 post

1443 3228 1706 3279 decimum
1731 3240 1918 3275 aunum
1953 3222 2085 3284 adeo
2118 3221 2379 3269 minuerat
2409 3232 2523 3267 mu·

1444 3324 1590 3359 nera.
1638 3308 1827 3356 Monet
1849 3318 1973 3367 ergo
1989 3302 2127 3351 hunc
2159 3296 2443 3357 Martialis,
2459 3300 2522 3345 ut

1441 3385 1661 3450 incipiat
1682 3399 1712 3433 a
1737 3382 1904 3448 primo
1929 3393 2101 3430 rursus
2123 3390 2278 3438 anno,
2294 3388 2521 3424 rursum·
2543 3444 2547 3447 ι

1446 3480 1547 3530 que
1590 3464 1770 3513 mittat
1814 3466 2039 3527 quatuor
2093 3455 2300 3520 argenti
2340 3452 2524 3516 libras,

1444 3549 1604 3607 atque
1630 3541 1705 3592 ita
1728 3540 1974 3602 deinceps
2000 3543 2201 3601 pergat.
2268 3533 2397 3581 Rad.

1515 3624 1541 3671 1
1581 3620 1811 3681 Tempore
1827 3612 2028 3676 brumoe]
2059 3608 2442 3669 Saturnalibus,
2465 3605 2520 3655 in

1445 3711 1629 3746 mense
1653 3692 1958 3745 Decembri.
2212 3745 2217 3750 .

1512 3778 1543 3823 8
1580 3774 1885 3833 Num-stare,
1908 3767 2017 3834 ξω]
2059 3767 2074 3795 ‘
2100 3761 2369 3815 Beneficia
2403 3760 2523 3810 sub-

1449 3848 1614 3900 vertis
1647 3846 1958 3911 antiquiora,
1979 3841 2080 3891 nisi
2112 3841 2202 3890 illa
2220 3836 2524 3903 posteriori·

1450 3925 1550 3974 bus
1575 3923 1807 3973 cumules
1830 3921 1864 3970 ε’
1895 3918 2066 3983 Epist.
2098 3919 2148 3966 4.
2173 3913 2265 3964 lib.
2287 3916 2336 3965 3.
2356 3920 2415 3962 et
2435 3912 2523 3962 Se·

1446 4015 1580 4051 neca
1620 4005 1670 4049 2.
1712 3999 1778 4048 de
1815 3994 1995 4047 Benef.
2042 4007 2160 4057 cap.
2180 3990 2298 4041 11.‘
2321 3989 2518 4039 Parum

1447 4084 1532 4129 est
1555 4077 1761 4127 dedisse
1784 4092 1800 4137 3
1828 4072 2055 4125 fovenda
2068 4076 2196 4122 *sunt
2230 4064 2522 4128 beneficia,’

1447 4157 1550 4204 &m

1512 4234 1546 4278 6
1580 4227 1730 4277 Libra
1754 4226 1861 4288 fuit
1906 4224 2085 4290 quinto>
2102 4220 2381 4287 Septiciana
2412 4218 2522 4284 qui·

1459 4305 1595 4368 dem]
1629 4305 1693 4355 ld
1718 4312 1817 4367 est,
1840 4302 1973 4356 libra
1987 4299 2190 4366 argenti
2212 4295 2525 4361 Septiciani,
