2985 4937
691 445 768 493 M.
814 442 985 494 VAL.
1032 443 1449 494 MAR'rlams
1502 444 1748 494 EPIGR.
1800 446 1939 493 LIB.
1987 448 2059 494 V·

290 595 294 601 ’
350 591 498 641 Eam.
532 602 703 641 cxxv.
739 596 763 641 1
799 590 1328 654 Legiscaussanapsit‚

290 670 386 732 ξω]
413 669 545 724 Quat,
566 667 679 732 lege
717 674 775 717 et
805 668 928 731 jure
965 667 1159 731 nupsit.
1226 665 1326 716 Sed

289 744 409 793 ludit
432 744 599 793 Poeta
621 757 738 793 cum
771 759 809 792 a·
838 744 1106 793 notatione
1136 742 1327 808 ‘legis'

286 826 337 868 et
374 817 685 883 ‘legitimae,'
734 827 842 869 tum
886 819 954 869 ab
999 820 1329 883 homonymia

284 897 361 944 τοῦ
391 896 699 960 ‘legitimam
719 896 753 946 ε’
787 899 930 963 quasi
953 897 1128 947 dicat:
1166 897 1328 947 Adul-

285 980 387 1023 tera
410 975 572 1025 Laelia
606 977 786 1040 nupsit
821 977 1053 1029 Quincto
1094 975 1326 1025 moecho:

284 1049 492 1114 ideoque
514 1058 655 1101 metu
669 1052 799 1115 legis
811 1053 967 1104 Juliae
992 1053 1044 1100 in
1064 1051 1328 1102 adulteros

280 1123 389 1174 latae
411 1134 465 1175 et
484 1140 515 1175 a
536 1126 834 1178 Domitiano
851 1136 1127 1179 revocatae.
1190 1126 1327 1177 Vide

281 1200 447 1264 Epigr.
468 1207 514 1251 7.
534 1203 624 1254 111).
655 1208 704 1254 6.
738 1205 880 1267 Lege
901 1212 954 1253 et
979 1207 1061 1253 88.
1096 1202 1328 1253 Ausonii.

280 1276 413 1327 Uxor
447 1280 677 1343 legitima
713 1291 829 1332 erat
866 1281 1068 1343 νόμμος,
1102 1296 1218 1346 quae
1249 1294 1328 1330 se-

279 1354 489 1405 cundum
524 1359 668 1423 leges
692 1358 746 1408 in
768 1374 975 1408 manum
1003 1360 1175 1409 mariti
1205 1360 1327 1408 con·'

278 1441 479 1485 venerat
515 1435 641 1486 κατὰ
674 1433 866 1498 νόμιμον
907 1434 1120 1498 σύνοδον,
1156 1441 1213 1485 ut
1258 1436 1330 1484 lo-

277 1509 443 1575 quitur
482 1512 640 1563 Philo
683 1514 915 1576 alicubi,
943 1521 998 1563 et
1042 1502 1328 1577 opponitur

273 1590 485 1653 παλλακῇ
532 1595 590 1638 et
633 1589 956 1640 concubinae.
1044 1590 1151 1639 Hic
1197 1603 1324 1652 ergo

195 1700 198 1702 ·
275 1677 395 1714 uxor
414 1665 669 1731 legitima,
705 1683 819 1733 quae
839 1666 998 1718 Juliae
1031 1665 1162 1730 legis
1185 1670 1327 1714 metu

275 1742 459 1806 nupsit.
495 1743 706 1794 Her-ald.

332 1820 485 1871 Erro.
522 1833 721 1871 Lxxvr.
798 1820 957 1872 Jocus
1006 1819 1058 1869 in
1108 1818 1328 1870 Cinnam

276 1908 569 1963 pauperem,
591 1914 623 1961 a
638 1898 1030 1962 comparatione
1053 1896 1331 1947 Mithrida-

278 1970 355 2035 tis,
385 1988 586 2024 veneno
608 1974 829 2036 adsueti,
852 1981 908 2024 et
928 1974 1133 2038 Cinnae,
1155 1972 1299 2023 fami.

333 2056 359 2100 1
393 2052 610 2114 Profecit
621 2060 751 2117 poto,
764 2053 876 2118 ξω]
896 2053 1036 2102 Vide
1051 2053 1189 2102 Plin.
1205 2052 1333 2104 Nat.

275 2124 407 2178 nist.
444 2130 538 2192 lib,
564 2135 650 2183 25.
685 2146 803 2195 cap.
829 2134 879 2181 2.
912 2128 1057 2180 etA.
1082 2130 1219 2181 Gen.
1242 2130 1333 2181 lib.

277 2206 349 2254 17.
371 2219 489 2271 cap.
511 2211 595 2257 16.

328 2282 487 2334 Erro.
512 2297 735 2335 nxxvu.
781 2288 813 2333 2
850 2283 1001 2333 Ferre
1027 2281 1200 2345 oleum]
1237 2283 1332 2331 As·-

273 2361 610 2411 tentationem
624 2368 677 2411 et
688 2360 966 2411 blanditias
977 2360 1332 2424 potentiorum

273 2437 471 2504 auribus
486 2438 761 2489 instillare.
809 2437 945 2488 Vide
958 2438 1110 2502 adag·
1142 2437 1331 2486 ‘Ferre

273 2530 353 2566 ore
372 2517 583 2568 oleum.'
649 2516 952 2580 Auriculam]
982 2518 1067 2567 Al.
1086 2516 1328 2565 auricula.-

271 2592 323 2646 id
377 2603 476 2659 est,
528 2604 585 2644 te
640 2609 755 2644 esse
812 2593 939 2645 aure
988 2595 1188 2658 supina,
1242 2593 1331 2657 qui

274 2671 394 2740 alios
466 2672 652 2724 audire
730 2671 1057 2721 adverseris:
1125 2671 1334 2720 inverso

272 2746 471 2812 adagio,
506 2754 523 2778 ⁴
546 2749 735 2798 Oleum
775 2763 865 2798 ore
905 2754 1114 2812 gestare
1131 2747 1164 2797 :’
1196 2745 1334 2810 quod

274 2820 336 2873 de
357 2839 418 2874 eo
441 2825 639 2878 dicitur
661 2826 753 2889 qui
783 2825 919 2889 loqui
957 2830 1129 2880 cavet.
1201 2820 1335 2871 Yi'de

274 2899 530 2966 Epigram.
566 2906 646 2952 42.
670 2902 759 2951 111).
794 2905 846 2951 6.
909 2901 1011 2950 Vel
1047 2898 1217 2949 Poeta
1250 2899 1334 2963 hic

272 2977 499 3031 habitum
519 2980 714 3044 capitis
734 2979 788 3029 in
810 2978 1247 3029 Marullosirridet
1276 2990 1335 3027 ac

272 3063 435 3119 notat,
449 3066 505 3106 ut
528 3058 617 3122 qui
636 3056 853 3121 perinde
874 3056 1083 3106 incedat
1102 3065 1156 3105 et
1176 3063 1337 3118 caput

272 3129 321 3179 in
354 3132 599 3182 dextrum
638 3142 731 3183 aut
768 3134 1043 3184 sinistrum.
1067 3133 1336 3182 humerum

272 3206 496 3274 inclinet,
528 3225 593 3260 ac
618 3212 661 3260 si
683 3211 854 3262 oleum
878 3212 930 3260 iu
952 3211 1039 3261 illa
1059 3209 1243 3274 ferret,
1274 3226 1336 3260 ac

272 3285 515 3337 sollicitus
541 3295 703 3350 esset,
735 3303 802 3338 ne
835 3286 1132 3338 effunderet
1159 3305 1175 3349 3
1210 3303 1338 3354 quos

272 3359 731 3415 incurvicervicum
814 3379 974 3429 pecus
1053 3367 1337 3418 nominant.

336 3516 497 3568 Euo.
532 3531 776 3569 nxxvru.
809 3520 1230 3571 Turaniinomen
1248 3535 1337 3570 ve-

275 3604 380 3642 rum
405 3601 515 3658 est,
527 3594 594 3646 ad
619 3611 774 3662 quem
798 3598 1043 3661 Epistola
1072 3599 1336 3650 Martialis

271 3665 399 3721 libro
421 3670 1336 3738 9.‘Ave‚m1Turani&c.Sin-

275 3748 461 3807 gularis
498 3749 603 3800 fuit
627 3751 823 3815 poetae
839 3753 1055 3819 amicus,
1091 3769 1243 3821 quem
1280 3763 1338 3805 et

277 3820 491 3876 fratrem
516 3828 768 3892 appellat.
1080 3865 1083 3868 -
1334 3853 1337 3858 ·

210 3967 217 3976 Ι
336 3906 363 3950 1
397 3903 458 3952 Si
478 3905 634 3968 tristi,
660 3905 768 3969 8505]
803 3907 887 3957 Ne
924 3907 1095 3958 tristis
1124 3913 1180 3957 et
1199 3907 1337 3958 solus

275 3974 408 4028 domi
430 3994 624 4047 coenes,
640 3983 837 4045 poteris
855 3982 995 4047 apud
1015 3998 1097 4033 me
1115 3998 1339 4046 coenare,

276 4051 459 4121 frugali
489 4065 547 4109 et
571 4060 798 4123 parabili
821 4076 1004 4111 mensa
1041 4066 1338 4113 contentus.

275 4128 357 4181 Ad
375 4132 628 4195 ejusmodi
644 4150 845 4186 coenam
865 4135 1053 4198 invitat
1064 4136 1338 4186 Persicum

276 4208 540 4264 Juvenalis
579 4216 757 4281 Satyr.
794 4222 921 4268 1.·1
947 4224 1005 4268 et
1056 4217 1338 4282 Septitium

279 4274 496 4355 Plinium,
527 4292 697 4358 Epist.
726 4299 805 4346 15.
834 4294 927 4343 111).
962 4298 1013 4345 1.
1082 4293 1235 4344 Tristi
1254 4296 1338 4343 do·

278 4367 521 4430 nicenio]
522 4369 649 4418 Nou
670 4370 807 4434 quod
825 4372 1084 4422 Tul-anius
1107 4386 1336 4437 pauper·
1322 4405 1338 4432 ,

335 4445 571 4512 Detpme
600 4450 717 4502 Ver.
739 4451 871 4501 Clas.

1277 4452 1503 4502 Martiul.

2293 428 2469 498 1249

1403 588 1494 637 scd
1512 589 1648 652 quod
1664 589 1821 651 domi,
1833 590 1943 639 sine
1957 588 2289 641 familiarium
2308 588 2469 641 affatu

1399 678 1456 719 et
1473 685 1588 733 usu,
1609 671 1808 728 tristius
1826 686 1977 736 quam
1993 672 2129 721 inter
2144 671 2348 721 sodales
2366 686 2469 721 coe-

1403 754 1622 797 naturus
1645 756 1799 798 esset.

1467 829 1497 873 3
1532 824 1591 874 Si
1630 826 1749 875 soles
1780 824 2038 890 προπίνειν]
2111 825 2463 888 Apponentur

1404 900 1500 951 tibi
1522 904 1574 950 iri
1601 901 1920 964 libationem,
1956 901 2342 965 promulsidem,
2374 914 2464 949 an·

1403 979 1700 1042 tecoenium‚
1735 980 2083 1043 gustationem
2118 994 2207 1027 seu
2243 982 2469 1042 gustum,

1402 1056 1468 1106 de
1490 1052 1594 1122 quo
1615 1056 1704 1107 lib.
1730 1061 1808 1106 10.
1834 1056 2016 1121 Epigr.
2040 1060 2123 1106 81.
2148 1069 2281 1104 vers.
2303 1058 2355 1105 4.
2377 1053 2471 1104 lib.

1404 1138 1482 1184 11.
1507 1135 1686 1198 Epigr.
1712 1138 1791 1183 32.
1813 1148 1942 1183 vers.
1960 1139 2011 1184 4.
2032 1140 2088 1182 et
2108 1132 2206 1196 Ep.
2229 1136 2312 1182 53.
2334 1145 2468 1181 vers.

1407 1217 1483 1263 12.
1564 1211 1808 1277 Προπίνειν
1840 1225 1963 1275 ergo
2003 1217 2103 1272 est,
2144 1216 2467 1273 praegustare

1402 1298 1527 1339 ante
1567 1305 1784 1340 conam.
1852 1288 2084 1354 Verbum
2129 1287 2262 1336 euim
2306 1289 2321 1314 ‘
2348 1290 2474 1349 pro-'

1402 1366 1556 1431 pino’
1596 1366 1734 1430 apud
1770 1365 1984 1415 Latinos
2015 1378 2118 1413 nou
2158 1363 2478 1425 depotione*

1402 1450 1625 1503 tantum,
1642 1442 1733 1493 sed
1760 1443 1824 1491 de
1842 1441 1960 1490 cibo
1983 1440 2141 1489 etiam
2166 1446 2467 1502 usurpatum

1401 1521 1629 1583 reperio.
1668 1518 1776 1569 Jul.
1800 1517 2082 1581 Capitolia.
2118 1516 2169 1564 iu
2201 1516 2280 1565 Μ.
2306 1515 2469 1564 Anto·

1401 1596 1548 1645 nino:
1579 1595 1918 1644 ‘Venenatam
1939 1599 2138 1656 partem
2150 1590 2471 1642 fratrieden-

1403 1670 1520 1721 dam
1539 1669 1856 1735 propinans.'
1888 1670 2105 1717 T.erent
2122 1668 2173 1716 iu
2192 1667 2467 1717 Eunucho.

1402 1747 1593 1797 ‘Hunc
1615 1760 1712 1810 ego
1737 1745 1883 1795 vobis
1904 1743 2284 1794 comedendum
2307 1749 2361 1793 et
2376 1743 2469 1792 de·-
2507 1750 2510 1751 ’

1405 1824 1678 1876 ridendum
1699 1823 1957 1889 propino!
2025 1825 2095 1877 Et
2112 1824 2365 1873 translate
2380 1822 2472 1872 ali-

1405 1917 1558 1969 quem
1583 1900 1855 1952 ridendum
1874 1901 1990 1950 aliis
2013 1900 2311 1965 propinare.
2350 1899 2470 1949 Pla-

1405 1986 1492 2029 cet
1536 1978 1745 2031 Radero
1783 1978 1922 2043 quod
1962 1977 2194 2028 Bisciola
2231 1977 2468 2028 notavit:

1406 2057 1538 2108 dicit
1551 2058 1688 2111 enim
1703 2057 2002 2107 Martialem
2024 2057 2244 2109 voluisse
2262 2056 2437 2107 dicere
2454 2073 2468 2103 z

1408 2134 1523 2184 Non
1543 2136 1738 2184 deerunt
1759 2134 1871 2194 tibi,
1904 2134 1948 2184 si
1968 2135 2092 2184 noles
2109 2133 2363 2199 προπίνειν,
2387 2133 2471 2183 Va·-

1406 2214 1473 2261 les
1495 2214 1647 2275 Capp.
1675 2215 1772 2276 &cs
1810 2213 1982 2264 -Quasi
2006 2212 2169 2276 dicat,
2198 2227 2300 2263 non
2324 2210 2477 2261 defu·

1408 2295 1526 2338 tura
1547 2289 1620 2338 1111
1643 2303 1837 2353 genera
1854 2290 2086 2340 ciborum
2103 2304 2118 2349 3
2156 2304 2290 2354 quse,
2304 2288 2348 2337 si
2368 2289 2474 2336 vel·

1406 2366 1486 2414 let
1503 2365 1666 2414 libare
1702 2366 1973 2428 Toranius,
2008 2365 2319 2416 desiderium
2354 2379 2473 2428 pos·

1407 2449 1525 2493 seut
1569 2443 1803 2493 excitare
1849 2442 2080 2495 bibendi.
2169 2442 2471 2507 Hodieque,

1408 2536 1524 2570 cum
1551 2519 1613 2568 ad
1644 2519 1917 2568 bibendum
1950 2521 2249 2580 invitamus,
2274 2521 2323 2568 1ι1
2348 2520 2474 2568 faci-

1407 2612 1541 2659 mm,
1562 2596 1735 2659 olivis,
1758 2598 2055 2659 porris,&c.
2123 2596 2327 2646 Merula
2348 2610 2473 2646 vero

1408 2674 1686 2739 legendum
1710 2682 1890 2724 censet
1911 2691 1923 2723 ε
1956 2673 2154 2728 Sessiles
2179 2673 2474 2737 propinque,

1409 2751 1462 2800 id
1503 2757 1601 2813 est,
1635 2751 1861 2800 lactucae
1901 2751 2139 2813 vulgares
2173 2752 2224 2798 in
2262 2747 2473 2797 urbanis

1411 2828 1575 2877 hortis
1619 2842 1780 2892 usque
1821 2827 2004 2878 obviae.
2091 2828 2245 2890 Nam,
2286 2826 2476 2890 inquit,

1408 2906 1424 2931 ‘
1444 2902 1754 2968 propinare'
1779 2919 1882 2952 non
1903 2904 1972 2956 ,de
1995 2903 2115 2953 cibo
2138 2903 2348 2963 dicitur,
2381 2900 2471 2950 sed

1411 2984 1478 3033 de
1521 2992 1668 3046 potu.
1737 2982 2026 3044 Praeterea,
2063 2981 2179 3046 quis
2219 2980 2348 3030 vidit
2381 2993 2476 3029 un-

1411 3075 1561 3125 quam
1585 3059 1769 3108 herbas
1805 3057 2091 3178 propinari,
2131 3057 2259 3109 etin
2283 3055 2479 3163 princi·

1411 3139 1500 3202 pio
1523 3136 1724 3186 coenae?

1490 3220 1523 3265 4
1565 3216 1691 3265 Viles
1715 3213 2031 3277 Cappadocae]
2072 3213 2317 3262 Lactucoe
2341 3211 2476 3275 Cap-

1411 3294 1676 3358 padocae:
1699 3292 1789 3341 111).
1813 3296 1893 3341 13.
1915 3292 2095 3354 Epigr.
2119 3293 2199 3340 14.
2267 3287 2476 3351 Graves]

1411 3372 1687 3422 Odorene.
1676 3370 1695 3405 ²
1743 3369 1826 3418 An
1850 3382 2035 3434 graves
2072 3366 2361 3429 stomacho,
2389 3381 2476 3416 ca-

1411 3445 1530 3513 piti,
1553 3445 1749 3496 oculis?
2517 3499 2520 3510 .

1475 3532 1506 3575 5
1544 3525 1748 3590 cybium
1770 3524 1936 3573 latebit
1971 3521 2097 3586 ovis]
2141 3520 2313 3571 Piscis
2331 3535 2362 3571 e
2385 3534 2482 3583 pe·

1410 3601 1656 3652 lamidum
1693 3614 1885 3665 genere
1920 3595 2124 3649 concisi
2151 3596 2337 3660 frusta,
2367 3596 2478 3645 ovis

1410 3679 1579 3743 ruptis
1616 3677 1755 3728 frixa
1790 3682 1849 3727 et
1884 3681 2045 3725 tecta.
2094 3674 2232 3724 Plin.
2260 3672 2354 3722 lib.
2395 3675 2480 3721 32.

1412 3771 1532 3820 cap.
1558 3759 1636 3805 11.
1671 3761 1729 3805 et
1750 3750 2033 3802 Athenaeus
2053 3749 2146 3800 lib.
2169 3754 2219 3799 3.
2241 3762 2359 3811 cap.
2377 3752 2461 3797 52.

1474 3837 1509 3882 6
1548 3830 1739 3894 Unctis]
1772 3830 2005 3894 Propter
2024 3827 2194 3875 oleum
2211 3822 2480 3873 cauliculis

1412 3910 1725 3976 superfundi
1760 3908 1986 3959 solitum.
2033 3905 2179 3968 Lips.
2217 3909 2267 3952 5.
2308 3902 2481 3966 Epist.
2546 3935 2558 3948 .«

1413 3990 1617 4041 Quaest.
1643 3993 1690 4037 1.
1708 3986 1799 4037 lib.
1849 3985 2109 4036 Gruterus
2134 3980 2324 4031 retinet
2341 3980 2481 4042 ustis,

1412 4065 1633 4131 propter
1654 4062 1886 4112 ἀντίθεσιν
1904 4060 1992 4109 τοῦ
2021 4060 2036 4087 ‘
2052 4057 2274 4122 algentis
2307 4057 2481 4122 horti:

1413 4140 1551 4210 quod
1574 4154 1684 4206 seq.

1418 4253 1423 4256 -
1479 4223 1510 4268 7
1549 4214 1843 4278 Canalicum]
1889 4165 2149 4263 Coliculus
2187 4227 2279 4263 seu
2322 4213 2483 4262 cauli·

1413 4296 1581 4356 culus,
1600 4293 1880 4345 acaulibus
1899 4291 2100 4351 dictus;
2135 4289 2383 4341 brassicae
2399 4296 2482 4339 est

1412 4371 1635 4421 interior
1659 4385 1792 4436 pars,
1816 4375 2020 4420 resecta
2039 4383 2068 4418 a
2097 4367 2279 4417 caule:
2318 4367 2391 4415 ita
2428 4372 2484 4414 nt

2237 4451 2268 4496 4
2303 4447 2358 4496 Κ
