2985 4937
426 392 598 459 1088

425 552 755 616 scopulisque
777 549 1103 600 latitantibus
1125 550 1484 600 movebantur.

489 632 523 678 4
557 629 754 690 Nemus,
777 626 880 691 ἔγω]
934 626 1090 676 Horti
1110 626 1279 676 aureis
1301 626 1485 690 pomis,

425 706 479 756 id
503 714 603 769 est,
621 706 792 755 citriis
826 707 909 769 <ut
934 703 1099 754 refert
1120 719 1150 753 e
1171 703 1326 755 anae
1344 717 1485 754 com-

424 784 690 834 mentariis
700 783 1002 833 AEmilianus
1022 782 1159 847 apud
1176 782 1483 831 Athenaeum

426 850 517 911 lib.
538 865 588 910 8.
609 875 721 925 cap.
753 858 827 925 6.)
850 859 1098 923 insignes,
1129 872 1256 924 quos
1292 858 1483 909 habue-

423 945 547 988 runt
568 938 620 988 iu
636 942 870 988 extrema
889 935 1161 1000 AEthiopioe
1186 941 1339 999 parte
1360 933 1482 984 filias

422 1016 656 1080 Hesperi
687 1014 861 1065 fratris
899 1014 1149 1065 Atlantia.
1192 1014 1318 1076 Leg.
1340 1012 1482 1063 Plin.

425 1093 464 1146 1.
485 1096 563 1141 19.
584 1107 632 1140 c.
649 1096 698 1142 4.
716 1092 831 1141 etl.
854 1095 937 1141 8⁷.
963 1106 1010 1141 c.
1030 1095 1082 1140 2.

432 1180 437 1187 ¹
489 1174 519 1220 5
554 1170 816 1229 Pecuniam,
849 1167 959 1232 ξω]
1012 1169 1100 1217 Al.
1135 1167 1335 1217 Pecort':
1373 1166 1482 1226 alii,

419 1247 650 1311 pecudum
700 1259 852 1307 genus
909 1249 1050 1307 atque
1080 1245 1328 1304 sermm.-

425 1325 643 1375 acutiori
684 1337 837 1372 sensu
874 1323 1163 1372 retineatur
1194 1328 1346 1370 vetus
1378 1319 1483 1369 lec-

424 1402 533 1450 tio:
586 1412 757 1464 neque
798 1399 931 1448 euim
967 1397 1194 1461 pecudes
1228 1394 1484 1446 'domesti-

324 1480 327 1483 ’
422 1491 518 1540 coe,
557 1475 650 1524 sed
703 1473 835 1524 ferae
892 1473 1159 1537 Orpheum
1215 1472 1484 1534 insecutae‘,

419 1567 572 1618 quas,
611 1566 741 1601 voce
770 1550 911 1619 illius
949 1549 1138 1600 blanda
1161 1549 1481 1614 citharoeque

421 1644 548 1681 sono
569 1628 831 1686 delinitas,
855 1628 1096 1678 crederes
1121 1626 1366 1691 pecudes.

484 1711 519 1756 6
551 1707 714 1767 Multa
731 1705 953 1769 pependit
972 1705 1099 1768 uuis]
1132 1704 1245 1755 Filo
1268 1704 1352 1753 vel
1377 1701 1479 1751 reti

419 1781 665 1833 coercitae
719 1782 1018 1833 tenuissimo
1067 1794 1136 1830 ue
1190 1780 1479 1840 avolarent,

420 1873 542 1908 aves
563 1859 758 1909 multae.
824 1859 912 1908 Sic
934 1857 1091 1908 ovid.
1121 1852 1143 1884 ‘⁷
1160 1857 1284 1906 Tale
1301 1869 1480 1905 nemus

422 1943 565 1987 vates
582 1941 895 1998 attraxerat,
910 1935 1069 2001 inque
1092 1932 1322 1983 ferarum
1345 1933 1481 1982 Con-

419 2015 541 2063 cilio
577 2012 775 2062 medius
814 2011 968 2062 turba
1001 2012 1377 2074 volucrumque
1401 2023 1479 2060 se·

420 2089 613 2141 debat!

482 2170 513 2214 7
549 2165 770 2228 Ingrato,
805 2163 914 2227 mu]
960 2165 1104 2214 Male
1149 2163 1285 2213 vatis
1322 2163 1480 2213 musi·

358 2242 367 2247 “
418 2255 532 2291 cam
562 2241 948 2304 compensanti;
982 2241 1065 2291 vel
1098 2240 1274 2302 surdo,
1297 2240 1384 2304 qui
1412 2239 1479 2288 ad

415 2317 597 2368 modos
621 2316 824 2382 Orphei
844 2317 1270 2384 nou-attenderit,
1290 2316 1479 2382 alioqui

416 2392 722 2443 flectendus.

480 2476 513 2521 8
548 2471 690 2533 Ηιεσ,
710 2471 814 2535 &ct-J
864 2472 1034 2535 Supra
1068 2464 1235 2535 epigr.
1267 2475 1317 2521 7.
1343 2485 1476 2521 vers.

417 2551 498 2597 11.
532 2546 801 2612 ‘Accepit
838 2547 1016 2598 fabula
1054 2549 1226 2613 prisca
1268 2547 1461 2609 fidem
1445 2547 1478 2578 ·'

304 2628 309 2632 ’
417 2632 491 2686 et,
521 2624 538 2653 ⁶
554 2623 619 2673 In
636 2639 758 2689 quo,
781 2640 899 2689 quae
915 2624 1087 2675 fuerat
1108 2623 1302 2691 fabula,
1320 2640 1476 2689 poena
1542 2641 1550 2654 ·

413 2700 552 2750 fuit!
726 2731 731 2736 -

481 2778 646 2827 Erm-
672 2791 819 2829 xxu.
853 2783 881 2827 1
909 2778 1209 2843 Sollicitavit]
1225 2781 1385 2829 Feras
1407 2778 1476 2828 ad

416 2857 643 2917 pugnam
703 2854 911 2904 irritare
952 2856 1193 2904 solebant
1236 2855 1474 2916 stimulis,

413 2930 560 2995 igne,
591 2930 832 2995 flagellis,
876 2931 1014 2995 pilis,
1055 2932 1278 2994 mappis,
1320 2929 1475 2980 modo

413 3007 580 3071 epigr.
604 3012 686 3057 19.
709 3022 844 3058 vers.
877 3012 925 3057 1.
979 3008 1173 3068 Pavidi,
1201 3006 1306 3070 qma]
1370 3006 1473 3056 Ve-

416 3090 592 3133 rentes
624 3098 692 3135 ne
730 3085 783 3134 in
823 3100 880 3134 se
918 3084 1139 3134 bestiam
1166 3090 1481 3147 moverent3‘

414 3164 499 3211 vel
521 3175 605 3225 ne,
627 3162 670 3212 si
707 3177 807 3211 non
831 3167 1128 3211 moveretur
1148 3160 1202 3209 in
1227 3175 1473 3223 pugnam,
1482 3183 1483 3188 =

414 3241 608 3304 populo
631 3239 984 3303 displicerent,
1006 3238 1095 3303 qui
1111 3238 1277 3287 lentas
1291 3238 1476 3288 oderat

414 3331 633 3381 pugnas,
671 3323 729 3367 ut
758 3317 943 3367 ultimo
990 3316 1258 3382 sequentis
1303 3318 1473 3381 epigr.

413 3407 589 3442 versu.

478 3474 511 3518 2
545 3469 694 3533 Seque
719 3470 806 3518 diu
836 3469 1045 3533 magnoe]
1092 3468 1248 3533 AEgre
1275 3468 1472 3519 irritari

413 3545 637 3596 belluam
679 3546 838 3597 etiam
877 3561 1034 3610 supra
1053 3546 1288 3596 ostendit
1306 3546 1470 3595 Mart.

415 3622 598 3687 Epigr.
622 3628 671 3673 9.

477 3703 513 3748 4
545 3700 644 3750 Sed
665 3705 822 3749 danaen
844 3700 889 3749 is
907 3699 1077 3763 rediit]
1117 3698 1173 3748 Is
1196 3695 1362 3756 furor,
1384 3696 1470 3761 qui

415 3782 540 3826 ante
561 3777 744 3841 Epigr.
765 3780 817 3825 9.
848 3776 1088 3841 cognitus
1118 3773 1464 3824 describitur:

413 3855 429 3881 ⁴
458 3853 507 3902 Ο
532 3868 686 3919 quam
705 3853 950 3903 terribilis
980 3852 1179 3903 exarsit
1202 3863 1394 3914 pronus
1416 3849 1469 3898 in

412 3929 553 3981 iras!
602 3929 690 3979 Ita
711 3939 771 3997 ut
791 3930 850 3979 τὸ
883 3932 946 3994 is,
978 3943 1083 3979 nou
1119 3927 1471 3976 πλεοναστικῶς

412 4004 630 4068 dictum,
650 3997 744 4056 sed
760 4007 963 4070 signate
986 4011 1042 4055 et
1063 4001 1405 4053 ἂποδεικτυεῦς.

476 4087 505 4131 5
544 4083 768 4146 Gravest»,
788 4084 891 4147 ξω]
945 4082 1166 4132 Gemino
1198 4093 1360 4131 cornu
1392 4081 1483 4131 in-⁴

412 4155 602 4209 festum
650 4174 805 4208 umm-
884 4157 970 4206 Ita
990 4157 1286 4221 legendum
1342 4157 1468 4206 divi-

412 4236 572 4287 nabat
591 4239 647 4290 J.
674 4238 879 4296 Dousa,
899 4235 1119 4284 assensit
1144 4233 1256 4285 Jos.
1279 4235 1469 4298 Scalig.

414 4315 628 4379 exponit
671 4315 794 4364 Pet.
833 4314 1001 4363 Scriv.
1052 4326 1153 4363 nou
1209 4318 1267 4362 ut
1312 4314 1481 4377 'vulgo-

1389 1241 1481 1291 sed
1492 1284 1494 1287 .

1126 407 1342 457 No'rAE
1393 400 1794 457 vAlu'oRUM
1848 404 1927 455 IN

1558 563 1737 600 ursuni.
1802 549 1938 600 Vide
1969 548 2132 613 epigr.
2175 553 2225 598 9.
2264 561 2400 598 vers.
2432 551 2483 598 4.
2521 546 2618 596 ’δίε

1558 627 1755 691 extulit]
1791 627 2104 677 Rhinoceros
2124 625 2372 686 bicornis,
2394 639 2486 674 suo
2505 638 2619 674 cor·

1557 716 1628 753 uu
1651 703 1875 767 gemino,
1890 718 1992 753 nou
2010 717 2158 754 secus
2174 716 2349 752 ursum
2371 701 2426 750 in
2442 701 2617 751 aerem

1556 785 1640 829 est
1677 780 1989 845 ejaculutus,
2020 786 2181 845 atque
2224 786 2398 829 taurus
2435 778 2615 842 pilam.

1543 850 1658 908 'Sed
1680 871 1775 921 pro
1789 871 1971 920 ursum,
1989 858 2077 906 alii
2094 859 2275 920 legunt
2290 870 2442 905 urum.
2476 853 2617 908 Quid

1557 936 1690 986 euim
1715 935 1989 986 mirificum
2011 936 2215 986 diceret
2238 932 2415 997 poeta,
2448 931 2492 982 si
2530 946 2616 981 ur-

1557 1026 1671 1062 sum
1708 1012 2032 1063 Rhinoceros
2067 1010 2281 1062 evertit.
2325 1009 2615 1059 -Nam‘uou

1556 1089 1829 1152 probabile
1873 1101 2048 1139 ursum
2099 1103 2218 1138 cum
2266 1086 2615 1137 Rhinocerote

1556 1167 1901 1229 commissum,
1944 1165 2098 1229 plane
2139 1163 2327 1226 impari
2379 1162 2617 1227 commis·

1558 1242 1732 1291 sione:
1769 1247 2077 1304 tum‘turpe,
2098 1239 2345 1289 inducere
2383 1239 2487 1288 tale
2518 1252 2617 1302 par

1553 1317 1803 1380 ferarum,
1820 1333 1937 1369 cum
1960 1330 2083 1367 urso
2102 1316 2292 1365 nonsit
2314 1331 2435 1380 spes
2451 1315 2617 1365 victo·

1558 1395 1668 1447 riae.
1736 1395 2009 1444 Praeterea
2048 1407 2243 1456 gravem
2276 1398 2435 1442 vocat
2467 1392 2616 1441 Mar-

1556 1473 1715 1537 tialis,
1730 1473 1867 1538 qnod
1889 1472 2177 1537 Epitheton
2195 1486 2289 1522 uro
2308 1471 2474 1534 magis
2491 1485 2618 1521 con-

1556 1551 1735 1601 veniat
1758 1565 1910 1616 quam
1925 1563 2240 1614 urso‚-quum
2258 1548 2480 1612 quilibet
2503 1554 2620 1598 tau-

1458 1638 1465 1647 “
1556 1644 1643 1678 rus
1665 1643 1786 1678 urso
1808 1628 2016 1692 gravior
2053 1627 2140 1677 sit.
2220 1626 2335 1675 Nec
2363 1640 2494 1674 >vero
2529 1631 2616 1675 est

1554 1704 1798 1768 ἀδύνατον,
1818 1720 1966 1755 urum
1997 1719 2028 1754 a
2049 1703 2400 1753 Rhinocerote
2425 1701 2537 1750 tolli
2560 1702 2614 1749 in

1556 1782 1739 1844 altum,
1762 1781 1843 1831 cui
1868 1780 1973 1846 pila
1995 1787 2176 1830 taurus
2198 1782 2329 1827 erat.
2383 1776 2495 1826 Vel
2516 1776 2613 1826 bu·

1555 1858 1729 1907 balnm
1754 1856 1929 1921 potuit
1952 1855 2155 1905 nomine
2177 1854 2259 1903 uri
2279 1852 2440 1916 po'eta
2461 1853 2614 1902 intel·

1541 1933 1761 1997 luisse.
1811 1933 1991 1982 Βατία.
2046 1928 2340 1980 Politianus.
2368 1928 2503 1978 huuc
2537 1929 2613 1978 lo-

1555 2024 1672 2060 cum
1688 2009 1949 2059 Martialis
1982 2008 2055 2058 sic
2078 2006 2326 2071 exponit:
2360 2012 2421 2055 ut
2443 2019 2617 2054 ursum.

1450 2104 1452 2107 ·
1552 2085 1803 2136 videlicet
1845 2099 1878 2133 a
1918 2083 2277 2133 Rhinocerote
2301 2094 2476 2131 ‘cornu
2521 2079 2614 2130 illo

1553 2162 1707 2212 unico
1746 2163 1943 2211 elatum
1978 2160 2368 2224 ejectatumque
2401 2157 2615 2222 sentiat,

1554 2252 1765 2302 gravem
1798 2239 2216 2302 gemino-cornu,
2236 2236 2334 2285 hoc
2366 2241 2463 2298 est,
2495 2249 2613 2298 gra·

1555 2330 1671 2366 vem
1694 2323 1846 2366 tauro
1865 2314 2113 2377 futurum,
2134 2314 2219 2364 cui
2256 2320 2384 2363 sunt.
2416 2328 2614 2365 cornua

1552 2392 1789 2456 gemina3
1824 2400 1884 2441 ut
1916 2391 2141 2441 ‘cornu'
2180 2391 2249 2441 sit
2284 2389 2611 2454 dativi,‚non

1552 2471 1771 2520 ablativi
1794 2484 1964 2520 casus.

1616 2553 1650 2604 6
1683 2547 1841 2611 Pilas]
1875 2549 2045 2612 Supra
2061 2547 2229 2611 epigr.
2249 2550 2333 2598 19.
2354 2560 2489 2596 vers.
2514 2551 2563 2596 1.

1618 2624 1784 2675 Erro.
1807 2637 1976 2674 xxm.
2013 2624 2094 2673 De
2118 2622 2441 2735 Carpophoro-1
2474 2622 2612 2673 Vide

1552 2702 1734 2766 Epigr.
1757 2705 1838 2751 15.
1863 2715 2039 2765 supra.

1569 2785 1645 2832 1
1681 2780 1881 2843 Dorica,
1910 2778 2020 2843 ξω]
2069 2778 2281 2837 (ἔωσε,
2324 2774 2391 2823 ab
2428 2775 2608 2825 inven-

1551 2860 1667 2906 tore
1689 2856 1896 2905 Graeco.
1931 2854 2070 2904 Plin.
2110 2869 2159 2904 c.
2193 2856 2275 2903 86.
2296 2852 2333 2901 l.
2358 2855 2409 2900 8.
2468 2850 2607 2902 «Aliis

1551 2932 1831 2983 Laconica.
1886 2932 2117 2980 Lacones
2163 2928 2302 2979 enim
2336 2934 2609 2978 venatores

1549 3010 1765 3071 strenui,
1777 3008 1936 3057 iidem
1947 3005 2131 3055 Dorici
2150 3003 2355 3067 generis
2372 3002 2609 3065 fuerunt3

1551 3086 1636 3134 vel
1672 3101 1705 3135 a
1741 3083 1961 3144 Doride,
1998 3084 2051 3132 iu
2083 3080 2409 3148 quarinum
2445 3095 2611 3145 mons,

1551 3160 1762 3224 optimae
1804 3158 2035 3208 materias
2086 3157 2153 3207 ad
2193 3158 2403 3207 hastilia
2437 3156 2609 3216 ferax.

1549 3238 1685 3288 Vide
1705 3236 1933 3287 Turnebi
1955 3235 2091 3286 Adv
2113 3236 2250 3285 1.17.
2269 3250 2317 3286 c.
2338 3239 2388 3284 2.
2411 3236 2609 3299 legitur

1547 3320 1604 3363 et
1623 3313 1948 3378 Norica‚quae
1967 3313 2110 3376 regio
2128 3326 2385 3400 armorum
2402 3309 2608 3363 fabrica

1547 3390 1785 3440 illustris.

1609 3472 1642 3516 2
1678 3467 1839 3517 Fortis
1854 3468 2005 3517 adhuc
2021 3466 2224 3530 teneri]
2232 3465 2607 3517 Admirationis

1546 3551 1647 3607 est,
1672 3545 1738 3594 ab
1772 3546 2105 3595 adolescente
2140 3553 2323 3596 tenero
2351 3544 2606 3607 simulque

1468 3641 1473 3647 ·
1545 3619 1694 3685 forti,
1715 3628 1893 3672 tantas
1907 3620 2042 3671 feras
2058 3620 2250 3672 confici
2271 3637 2286 3669 ε
2321 3626 2480 3683 anget
2495 3620 2613 3669 lau-¹

1547 3698 1664 3785 dem
1682 3713 1713 3797 a
1731 3698 2182 3763 repugnantibus„
2199 3700 2215 3725 ‘
2231 3695 2406 3764 fortis’·
2418 3702 2476 3746 et
2494 3698 2510 3724 ⁴
2524 3703 2603 3745 te-

1545 3789 1765 3900 nea-'fik
1778 3851 1911 3913 nait,
1930 3850 2038 3914 ξω]
2070 3849 2219 3899 Idem
2236 3847 2604 3912 carpophorus

1542 3926 1688 3977 facili
1742 3926 1959 3978 cervicis
2010 3924 2323 3989 deflexione,
2376 3925 2604 3990 agilique

1476 4029 1483 4034 ,
1543 4005 1776 4068 corporis
1817 4004 2165 4054 declinatione
2223 4002 2433 4065 excepit
2474 4000 2605 4051 duos

1544 4087 1740 4143 taurus,
1798 4095 1993 4147 eosque
2047 4079 2313 4145 prehensis
2357 4077 2603 4128 cornibus

1540 4156 1901 4209 humi-afflixit.
1966 4157 2072 4208 Alii
2094 4157 2275 4207 volunt
2294 4154 2378 4204 hic
2399 4155 2603 4218 specia-

1545 4236 1637 4284 tim
1669 4235 1829 4285 robur
1859 4233 2185 4298 Carpophori
2217 4231 2439 4292 ostendi,
2455 4230 2597 4295 quod

1544 4310 1725 4363 ‘-facili
1748 4310 1991 4375 cervice‚’
2017 4310 2072 4360 id
2105 4315 2208 4374 est,
2239 4308 2382 4359 nullo
2406 4309 2599 4370 labore,
