<?xml version="1.0" encoding="UTF-8"?>
<!DOCTYPE html PUBLIC "-//W3C//DTD XHTML 1.0 Transitional//EN"
    "http://www.w3.org/TR/xhtml1/DTD/xhtml1-transitional.dtd">
<html xmlns="http://www.w3.org/1999/xhtml" xml:lang="en" lang="en">
 <head>
  <title>
</title>
<meta http-equiv="Content-Type" content="text/html;charset=utf-8" />
  <meta name='ocr-system' content='tesseract 3.04.00' />
  <meta name='ocr-capabilities' content='ocr_page ocr_carea ocr_par ocr_line ocrx_word'/>
</head>
<body>
  <div class='ocr_page' id='page_1' title='image "./marcivaleriimar09martgoog_0404.png"; bbox 0 0 2985 4937; ppageno 0'>
   <div class='ocr_carea' id='block_1_1' title="bbox 469 436 2002 501">
    <p class='ocr_par' dir='ltr' id='par_1_1' title="bbox 469 436 2002 501">
     <span class='ocr_line' id='line_1_1' title="bbox 469 436 2002 501; baseline -0.003 0"><span class='ocrx_word' id='word_1_1' title='bbox 469 436 640 501; x_wconf 74' lang='lat'><strong>1470</strong></span> <span class='ocrx_word' id='word_1_2' title='bbox 1132 448 1275 500; x_wconf 73' lang='lat' dir='ltr'><strong>nnc</strong></span> <span class='ocrx_word' id='word_1_3' title='bbox 1291 446 1527 498; x_wconf 68' lang='lat' dir='ltr'><strong>ansus</strong></span> <span class='ocrx_word' id='word_1_4' title='bbox 1579 447 2002 499; x_wconf 58' lang='lat' dir='ltr'><strong>univi-nomm</strong></span> 
     </span>
    </p>
   </div>
   <div class='ocr_carea' id='block_1_2' title="bbox 459 601 2664 2042">
    <p class='ocr_par' dir='ltr' id='par_1_2' title="bbox 553 601 1299 675">
     <span class='ocr_line' id='line_1_2' title="bbox 553 601 1299 675; baseline -0.008 -9"><span class='ocrx_word' id='word_1_5' title='bbox 553 605 706 675; x_wconf 84' lang='grc'>1673</span> <span class='ocrx_word' id='word_1_6' title='bbox 748 601 992 675; x_wconf 80' lang='lat' dir='ltr'><strong>Eadem,</strong></span> <span class='ocrx_word' id='word_1_7' title='bbox 1020 601 1168 662; x_wconf 84' lang='lat' dir='ltr'><strong>ibid.</strong></span> <span class='ocrx_word' id='word_1_8' title='bbox 1206 612 1299 666; x_wconf 77' lang='grc'><strong>12.</strong></span> 
     </span>
    </p>

    <p class='ocr_par' dir='ltr' id='par_1_3' title="bbox 467 697 2658 875">
     <span class='ocr_line' id='line_1_3' title="bbox 555 697 2658 782; baseline -0.001 -20"><span class='ocrx_word' id='word_1_9' title='bbox 555 700 709 763; x_wconf 85' lang='grc'><strong>1680</strong></span> <span class='ocrx_word' id='word_1_10' title='bbox 745 700 1004 761; x_wconf 83' lang='lat' dir='ltr'><strong>Tolosae.</strong></span> <span class='ocrx_word' id='word_1_11' title='bbox 1035 708 1092 765; x_wconf 82' lang='lat'><strong>8.</strong></span> <span class='ocrx_word' id='word_1_12' title='bbox 1120 697 1325 759; x_wconf 80' lang='lat' dir='ltr'><strong>Petrus</strong></span> <span class='ocrx_word' id='word_1_13' title='bbox 1360 698 1687 760; x_wconf 83' lang='lat' dir='ltr'><strong>Rondellus</strong></span> <span class='ocrx_word' id='word_1_14' title='bbox 1716 700 1892 761; x_wconf 89' lang='lat' dir='ltr'><strong>libros</strong></span> <span class='ocrx_word' id='word_1_15' title='bbox 1942 699 2202 779; x_wconf 86' lang='lat' dir='ltr'><strong>quinque</strong></span> <span class='ocrx_word' id='word_1_16' title='bbox 2254 700 2658 782; x_wconf 60' lang='lat' dir='ltr'><strong>Epigramma«</strong></span> 
     </span>
     <span class='ocr_line' id='line_1_4' title="bbox 467 796 2132 875; baseline -0.001 -15"><span class='ocrx_word' id='word_1_17' title='bbox 467 808 591 860; x_wconf 88' lang='lat' dir='ltr'><strong>tum</strong></span> <span class='ocrx_word' id='word_1_18' title='bbox 620 815 654 859; x_wconf 88' lang='lat' dir='ltr'><strong>e</strong></span> <span class='ocrx_word' id='word_1_19' title='bbox 687 796 954 858; x_wconf 79' lang='lat' dir='ltr'><strong>Martiale</strong></span> <span class='ocrx_word' id='word_1_20' title='bbox 981 796 1329 857; x_wconf 88' lang='lat' dir='ltr'><strong>selectorum</strong></span> <span class='ocrx_word' id='word_1_21' title='bbox 1358 816 1494 857; x_wconf 85' lang='lat' dir='ltr'><strong>cum</strong></span> <span class='ocrx_word' id='word_1_22' title='bbox 1525 796 1678 858; x_wconf 86' lang='lat' dir='ltr'><strong>notis</strong></span> <span class='ocrx_word' id='word_1_23' title='bbox 1706 797 1824 858; x_wconf 81' lang='lat' dir='ltr'><strong>suis</strong></span> <span class='ocrx_word' id='word_1_24' title='bbox 1850 797 2132 875; x_wconf 75' lang='lat' dir='ltr'><strong>vulgavit.</strong></span> 
     </span>
    </p>

    <p class='ocr_par' dir='ltr' id='par_1_4' title="bbox 462 892 2664 1367">
     <span class='ocr_line' id='line_1_5' title="bbox 545 892 2652 974; baseline -0.001 -18"><span class='ocrx_word' id='word_1_25' title='bbox 545 925 627 942; x_wconf 89' lang='lat'><strong>—-</strong></span> <span class='ocrx_word' id='word_1_26' title='bbox 657 895 840 956; x_wconf 87' lang='lat' dir='ltr'><strong>Paris.</strong></span> <span class='ocrx_word' id='word_1_27' title='bbox 870 903 930 956; x_wconf 79' lang='lat'><strong>4.</strong></span> <span class='ocrx_word' id='word_1_28' title='bbox 956 912 1052 974; x_wconf 87' lang='lat' dir='ltr'><strong>ap.</strong></span> <span class='ocrx_word' id='word_1_29' title='bbox 1083 892 1401 956; x_wconf 84' lang='lat' dir='ltr'><strong>Antonium</strong></span> <span class='ocrx_word' id='word_1_30' title='bbox 1427 893 1655 964; x_wconf 88' lang='lat' dir='ltr'><strong>Cellier‚</strong></span> <span class='ocrx_word' id='word_1_31' title='bbox 1674 893 1766 955; x_wconf 87' lang='lat' dir='ltr'><strong>via</strong></span> <span class='ocrx_word' id='word_1_32' title='bbox 1785 894 2097 956; x_wconf 75' lang='lat' dir='ltr'><strong>Citharaea.</strong></span> <span class='ocrx_word' id='word_1_33' title='bbox 2130 894 2217 956; x_wconf 88' lang='lat' dir='ltr'><strong>M.</strong></span> <span class='ocrx_word' id='word_1_34' title='bbox 2249 894 2382 955; x_wconf 90' lang='lat' dir='ltr'><strong>Val.</strong></span> <span class='ocrx_word' id='word_1_35' title='bbox 2416 893 2652 960; x_wconf 81' lang='lat' dir='ltr'><strong>Martia·</strong></span> 
     </span>
     <span class='ocr_line' id='line_1_6' title="bbox 462 989 2664 1073; baseline -0.002 -19"><span class='ocrx_word' id='word_1_36' title='bbox 462 993 538 1054; x_wconf 71' lang='lat' dir='ltr'><strong>lis</strong></span> <span class='ocrx_word' id='word_1_37' title='bbox 574 992 1074 1073; x_wconf 81' lang='lat' dir='ltr'><strong>Epigrammatum</strong></span> <span class='ocrx_word' id='word_1_38' title='bbox 1118 989 1299 1051; x_wconf 79' lang='lat' dir='ltr'><strong>libros</strong></span> <span class='ocrx_word' id='word_1_39' title='bbox 1342 1005 1462 1050; x_wconf 72' lang='grc' dir='ltr'><strong>κν.</strong></span> <span class='ocrx_word' id='word_1_40' title='bbox 1507 990 1985 1070; x_wconf 78' lang='lat' dir='ltr'>interpretatione</span> <span class='ocrx_word' id='word_1_41' title='bbox 2031 1002 2095 1053; x_wconf 89' lang='lat' dir='ltr'><strong>et</strong></span> <span class='ocrx_word' id='word_1_42' title='bbox 2151 993 2307 1052; x_wconf 87' lang='lat' dir='ltr'><strong>notis</strong></span> <span class='ocrx_word' id='word_1_43' title='bbox 2354 990 2664 1051; x_wconf 66' lang='lat' dir='ltr'><strong>illustravit</strong></span> 
     </span>
     <span class='ocr_line' id='line_1_7' title="bbox 463 1184 2658 1267; baseline -0.002 -17"><span class='ocrx_word' id='word_1_44' title='bbox 463 1188 753 1250; x_wconf 85' lang='lat' dir='ltr'><strong>renissimi</strong></span> <span class='ocrx_word' id='word_1_45' title='bbox 783 1184 1080 1267; x_wconf 80' lang='lat' dir='ltr'>Delphini.</span> <span class='ocrx_word' id='word_1_46' title='bbox 1163 1186 1361 1248; x_wconf 83' lang='lat' dir='ltr'><strong>Editio</strong></span> <span class='ocrx_word' id='word_1_47' title='bbox 1389 1187 1679 1258; x_wconf 78' lang='lat' dir='ltr'><strong>mutilata,</strong></span> <span class='ocrx_word' id='word_1_48' title='bbox 1702 1186 1806 1247; x_wconf 82' lang='lat' dir='ltr'><strong>sed</strong></span> <span class='ocrx_word' id='word_1_49' title='bbox 1838 1186 2157 1265; x_wconf 81' lang='lat' dir='ltr'><strong>(nescimus</strong></span> <span class='ocrx_word' id='word_1_50' title='bbox 2176 1188 2236 1246; x_wconf 90' lang='lat' dir='ltr'><strong>in</strong></span> <span class='ocrx_word' id='word_1_51' title='bbox 2262 1207 2439 1265; x_wconf 77' lang='lat' dir='ltr'><strong>quem</strong></span> <span class='ocrx_word' id='word_1_52' title='bbox 2461 1187 2658 1260; x_wconf 81' lang='lat' dir='ltr'><strong>usum)</strong></span> 
     </span>
     <span class='ocr_line' id='line_1_8' title="bbox 465 1283 1938 1367; baseline -0.001 -22"><span class='ocrx_word' id='word_1_53' title='bbox 465 1284 898 1367; x_wconf 70' lang='lat' dir='ltr'><strong>Epigrammata</strong></span> <span class='ocrx_word' id='word_1_54' title='bbox 926 1284 1212 1345; x_wconf 85' lang='lat' dir='ltr'><strong>obseoena</strong></span> <span class='ocrx_word' id='word_1_55' title='bbox 1237 1283 1296 1344; x_wconf 91' lang='lat' dir='ltr'><strong>in</strong></span> <span class='ocrx_word' id='word_1_56' title='bbox 1324 1284 1488 1345; x_wconf 81' lang='lat' dir='ltr'><strong>calce</strong></span> <span class='ocrx_word' id='word_1_57' title='bbox 1516 1283 1753 1362; x_wconf 85' lang='lat' dir='ltr'><strong>adjecta</strong></span> <span class='ocrx_word' id='word_1_58' title='bbox 1781 1293 1938 1344; x_wconf 85' lang='lat' dir='ltr'><strong>sunt.</strong></span> 
     </span>
    </p>

    <p class='ocr_par' dir='ltr' id='par_1_5' title="bbox 549 1380 2044 1461">
     <span class='ocr_line' id='line_1_9' title="bbox 549 1380 2044 1461; baseline -0.004 -14"><span class='ocrx_word' id='word_1_59' title='bbox 549 1392 697 1456; x_wconf 85' lang='grc'>1701</span> <span class='ocrx_word' id='word_1_60' title='bbox 747 1382 941 1443; x_wconf 89' lang='lat' dir='ltr'><strong>Lond.</strong></span> <span class='ocrx_word' id='word_1_61' title='bbox 969 1388 1027 1442; x_wconf 97' lang='grc'><strong>8.</strong></span> <span class='ocrx_word' id='word_1_62' title='bbox 1055 1382 1268 1461; x_wconf 81' lang='lat' dir='ltr'><strong>Repet.</strong></span> <span class='ocrx_word' id='word_1_63' title='bbox 1299 1381 1448 1444; x_wconf 90' lang='lat' dir='ltr'><strong>edit.</strong></span> <span class='ocrx_word' id='word_1_64' title='bbox 1476 1381 1743 1443; x_wconf 83' lang='lat' dir='ltr'><strong>Collessii</strong></span> <span class='ocrx_word' id='word_1_65' title='bbox 1771 1399 1827 1441; x_wconf 88' lang='lat' dir='ltr'><strong>a.</strong></span> <span class='ocrx_word' id='word_1_66' title='bbox 1865 1380 2044 1443; x_wconf 87' lang='grc'><strong>1680.</strong></span> 
     </span>
    </p>

    <p class='ocr_par' dir='ltr' id='par_1_6' title="bbox 459 1478 2654 1948">
     <span class='ocr_line' id='line_1_10' title="bbox 540 1478 2652 1560; baseline -0.001 -16"><span class='ocrx_word' id='word_1_67' title='bbox 540 1516 622 1528; x_wconf 92' lang='grc'>-</span> <span class='ocrx_word' id='word_1_68' title='bbox 646 1480 889 1544; x_wconf 79' lang='lat' dir='ltr'><strong>Amstel.</strong></span> <span class='ocrx_word' id='word_1_69' title='bbox 911 1489 967 1544; x_wconf 90' lang='grc'><strong>8.</strong></span> <span class='ocrx_word' id='word_1_70' title='bbox 985 1499 1082 1560; x_wconf 77' lang='lat' dir='ltr'><strong>ap·</strong></span> <span class='ocrx_word' id='word_1_71' title='bbox 1100 1481 1183 1541; x_wconf 90' lang='lat' dir='ltr'><strong>G.</strong></span> <span class='ocrx_word' id='word_1_72' title='bbox 1204 1480 1402 1540; x_wconf 89' lang='lat' dir='ltr'><strong>Gallet</strong></span> <span class='ocrx_word' id='word_1_73' title='bbox 1419 1478 1594 1560; x_wconf 77' lang='lat' dir='ltr'><strong>praef.</strong></span> <span class='ocrx_word' id='word_1_74' title='bbox 1618 1489 1857 1560; x_wconf 83' lang='lat' dir='ltr'><strong>typogr.</strong></span> <span class='ocrx_word' id='word_1_75' title='bbox 1883 1480 2394 1558; x_wconf 84' lang='lat' dir='ltr'><strong>Huguetanornm.</strong></span> <span class='ocrx_word' id='word_1_76' title='bbox 2420 1483 2512 1544; x_wconf 82' lang='lat' dir='ltr'><strong>M.</strong></span> <span class='ocrx_word' id='word_1_77' title='bbox 2527 1484 2652 1544; x_wconf 81' lang='lat' dir='ltr'><strong>Val.</strong></span> 
     </span>
     <span class='ocr_line' id='line_1_11' title="bbox 462 1577 2652 1659; baseline -0.002 -17"><span class='ocrx_word' id='word_1_78' title='bbox 462 1580 751 1642; x_wconf 81' lang='lat' dir='ltr'><strong>Martialis</strong></span> <span class='ocrx_word' id='word_1_79' title='bbox 781 1579 1225 1659; x_wconf 80' lang='lat' dir='ltr'><strong>Epigrammata</strong></span> <span class='ocrx_word' id='word_1_80' title='bbox 1253 1577 1596 1659; x_wconf 74' lang='lat' dir='ltr'><strong>paraphrasi</strong></span> <span class='ocrx_word' id='word_1_81' title='bbox 1622 1589 1683 1639; x_wconf 89' lang='lat' dir='ltr'><strong>et</strong></span> <span class='ocrx_word' id='word_1_82' title='bbox 1720 1577 1875 1639; x_wconf 87' lang='lat' dir='ltr'><strong>notis</strong></span> <span class='ocrx_word' id='word_1_83' title='bbox 1927 1577 2219 1638; x_wconf 81' lang='lat' dir='ltr'><strong>variorum</strong></span> <span class='ocrx_word' id='word_1_84' title='bbox 2246 1578 2652 1652; x_wconf 80' lang='lat' dir='ltr'><strong>selectissimis,</strong></span> 
     </span>
     <span class='ocr_line' id='line_1_12' title="bbox 459 1673 2654 1756; baseline -0.001 -18"><span class='ocrx_word' id='word_1_85' title='bbox 459 1677 534 1739; x_wconf 87' lang='lat' dir='ltr'><strong>ad</strong></span> <span class='ocrx_word' id='word_1_86' title='bbox 564 1697 731 1738; x_wconf 82' lang='lat' dir='ltr'><strong>usum</strong></span> <span class='ocrx_word' id='word_1_87' title='bbox 760 1678 889 1737; x_wconf 92' lang='lat' dir='ltr'><strong>Ser.</strong></span> <span class='ocrx_word' id='word_1_88' title='bbox 917 1673 1201 1756; x_wconf 83' lang='lat' dir='ltr'><strong>Delphini</strong></span> <span class='ocrx_word' id='word_1_89' title='bbox 1227 1674 1645 1756; x_wconf 83' lang='lat' dir='ltr'><strong>interpretatus</strong></span> <span class='ocrx_word' id='word_1_90' title='bbox 1675 1685 1768 1735; x_wconf 89' lang='lat' dir='ltr'><strong>est</strong></span> <span class='ocrx_word' id='word_1_91' title='bbox 1820 1674 2161 1737; x_wconf 79' lang='lat' dir='ltr'><strong>Vincentius</strong></span> <span class='ocrx_word' id='word_1_92' title='bbox 2206 1675 2494 1737; x_wconf 85' lang='lat' dir='ltr'><strong>Collesso.</strong></span> <span class='ocrx_word' id='word_1_93' title='bbox 2535 1676 2654 1735; x_wconf 84' lang='lat' dir='ltr'><strong>Nu·</strong></span> 
     </span>
     <span class='ocr_line' id='line_1_13' title="bbox 462 1771 2646 1853; baseline -0.002 -17"><span class='ocrx_word' id='word_1_94' title='bbox 462 1774 849 1846; x_wconf 86' lang='lat' dir='ltr'><strong>mismatibus,</strong></span> <span class='ocrx_word' id='word_1_95' title='bbox 900 1773 1169 1834; x_wconf 82' lang='lat' dir='ltr'><strong>historias</strong></span> <span class='ocrx_word' id='word_1_96' title='bbox 1224 1782 1401 1853; x_wconf 86' lang='lat' dir='ltr'><strong>atque</strong></span> <span class='ocrx_word' id='word_1_97' title='bbox 1445 1772 1595 1834; x_wconf 88' lang='lat' dir='ltr'><strong>ritus</strong></span> <span class='ocrx_word' id='word_1_98' title='bbox 1643 1771 2093 1844; x_wconf 80' lang='lat' dir='ltr'><strong>illustrantibus,</strong></span> <span class='ocrx_word' id='word_1_99' title='bbox 2149 1772 2456 1833; x_wconf 81' lang='lat' dir='ltr'><strong>exornavit</strong></span> <span class='ocrx_word' id='word_1_100' title='bbox 2500 1773 2646 1834; x_wconf 86' lang='lat' dir='ltr'><strong>Lud.</strong></span> 
     </span>
     <span class='ocr_line' id='line_1_14' title="bbox 461 1869 2239 1948; baseline -0.003 -14"><span class='ocrx_word' id='word_1_101' title='bbox 461 1872 679 1936; x_wconf 88' lang='lat' dir='ltr'><strong>Smids.</strong></span> <span class='ocrx_word' id='word_1_102' title='bbox 710 1874 787 1933; x_wconf 91' lang='lat' dir='ltr'><strong>Et</strong></span> <span class='ocrx_word' id='word_1_103' title='bbox 816 1872 949 1931; x_wconf 87' lang='lat' dir='ltr'><strong>huic</strong></span> <span class='ocrx_word' id='word_1_104' title='bbox 977 1870 1225 1931; x_wconf 88' lang='lat' dir='ltr'><strong>editioni</strong></span> <span class='ocrx_word' id='word_1_105' title='bbox 1252 1870 1311 1931; x_wconf 91' lang='lat' dir='ltr'><strong>in</strong></span> <span class='ocrx_word' id='word_1_106' title='bbox 1341 1871 1504 1931; x_wconf 87' lang='lat' dir='ltr'><strong>calce</strong></span> <span class='ocrx_word' id='word_1_107' title='bbox 1532 1870 1803 1931; x_wconf 83' lang='lat' dir='ltr'><strong>obscoena</strong></span> <span class='ocrx_word' id='word_1_108' title='bbox 1831 1869 2239 1948; x_wconf 83' lang='lat' dir='ltr'><strong>subjiciuntur.</strong></span> 
     </span>
    </p>

    <p class='ocr_par' dir='ltr' id='par_1_7' title="bbox 545 1966 2145 2042">
     <span class='ocr_line' id='line_1_15' title="bbox 545 1966 2145 2042; baseline -0.003 -12"><span class='ocrx_word' id='word_1_109' title='bbox 545 1978 701 2042; x_wconf 80' lang='lat'><strong>1704</strong></span> <span class='ocrx_word' id='word_1_110' title='bbox 742 1968 1006 2032; x_wconf 82' lang='lat' dir='ltr'><strong>Famabii</strong></span> <span class='ocrx_word' id='word_1_111' title='bbox 1038 1986 1139 2030; x_wconf 84' lang='lat' dir='ltr'><strong>lx.</strong></span> <span class='ocrx_word' id='word_1_112' title='bbox 1169 1971 1360 2029; x_wconf 86' lang='lat' dir='ltr'><strong>Amst.</strong></span> <span class='ocrx_word' id='word_1_113' title='bbox 1397 1978 1489 2030; x_wconf 76' lang='lat'><strong>12.</strong></span> <span class='ocrx_word' id='word_1_114' title='bbox 1520 1988 1577 2028; x_wconf 87' lang='lat' dir='ltr'><strong>c.</strong></span> <span class='ocrx_word' id='word_1_115' title='bbox 1605 1989 1667 2030; x_wconf 89' lang='lat' dir='ltr'><strong>n.</strong></span> <span class='ocrx_word' id='word_1_116' title='bbox 1693 1968 1820 2029; x_wconf 78' lang='lat' dir='ltr'><strong>Th.</strong></span> <span class='ocrx_word' id='word_1_117' title='bbox 1851 1966 2145 2029; x_wconf 82' lang='lat' dir='ltr'><strong>Farnabii.</strong></span> 
     </span>
    </p>
   </div>
   <div class='ocr_carea' id='block_1_3' title="bbox 1146 2238 1955 2330">
    <p class='ocr_par' dir='ltr' id='par_1_8' title="bbox 1146 2238 1955 2330">
     <span class='ocr_line' id='line_1_16' title="bbox 1146 2238 1955 2330; baseline 0.002 -33"><span class='ocrx_word' id='word_1_118' title='bbox 1146 2238 1373 2299; x_wconf 78' lang='lat' dir='ltr'><strong>AETAs</strong></span> <span class='ocrx_word' id='word_1_119' title='bbox 1413 2240 1497 2330; x_wconf 61' lang='lat' dir='ltr'><strong>v.</strong></span> <span class='ocrx_word' id='word_1_120' title='bbox 1539 2247 1955 2310; x_wconf 81' lang='lat'><strong>1713—1782.</strong></span> 
     </span>
    </p>
   </div>
   <div class='ocr_carea' id='block_1_4' title="bbox 442 2426 2650 4352">
    <p class='ocr_par' dir='ltr' id='par_1_9' title="bbox 452 2426 2650 2978">
     <span class='ocr_line' id='line_1_17' title="bbox 457 2426 2644 2514; baseline -0.001 -22"><span class='ocrx_word' id='word_1_121' title='bbox 457 2432 650 2504; x_wconf 85' lang='lat' dir='ltr'><strong>Quam</strong></span> <span class='ocrx_word' id='word_1_122' title='bbox 677 2449 715 2492; x_wconf 90' lang='lat' dir='ltr'><strong>a</strong></span> <span class='ocrx_word' id='word_1_123' title='bbox 739 2439 954 2512; x_wconf 84' lang='lat' dir='ltr'><strong>quarta</strong></span> <span class='ocrx_word' id='word_1_124' title='bbox 1005 2431 1439 2513; x_wconf 85' lang='lat' dir='ltr'><strong>distinguimus,</strong></span> <span class='ocrx_word' id='word_1_125' title='bbox 1475 2455 1550 2497; x_wconf 87' lang='lat' dir='ltr'><strong>ne</strong></span> <span class='ocrx_word' id='word_1_126' title='bbox 1598 2435 1729 2497; x_wconf 80' lang='lat' dir='ltr'><strong>haee</strong></span> <span class='ocrx_word' id='word_1_127' title='bbox 1777 2434 2005 2514; x_wconf 83' lang='lat' dir='ltr'><strong>longior</strong></span> <span class='ocrx_word' id='word_1_128' title='bbox 2041 2431 2330 2507; x_wconf 82' lang='lat' dir='ltr'><strong>videatur,</strong></span> <span class='ocrx_word' id='word_1_129' title='bbox 2385 2439 2451 2494; x_wconf 88' lang='lat' dir='ltr'><strong>et</strong></span> <span class='ocrx_word' id='word_1_130' title='bbox 2492 2426 2644 2511; x_wconf 85' lang='lat' dir='ltr'><strong>qnod</strong></span> 
     </span>
     <span class='ocr_line' id='line_1_18' title="bbox 454 2527 2649 2614; baseline -0.002 -25"><span class='ocrx_word' id='word_1_131' title='bbox 454 2529 589 2589; x_wconf 83' lang='lat' dir='ltr'><strong>novi</strong></span> <span class='ocrx_word' id='word_1_132' title='bbox 608 2537 909 2591; x_wconf 80' lang='lat' dir='ltr'><strong>curatores</strong></span> <span class='ocrx_word' id='word_1_133' title='bbox 929 2529 1359 2610; x_wconf 81' lang='lat' dir='ltr'><strong>qualecumque</strong></span> <span class='ocrx_word' id='word_1_134' title='bbox 1373 2550 1587 2592; x_wconf 86' lang='lat' dir='ltr'><strong>nomen</strong></span> <span class='ocrx_word' id='word_1_135' title='bbox 1613 2552 1783 2593; x_wconf 89' lang='lat' dir='ltr'><strong>suum</strong></span> <span class='ocrx_word' id='word_1_136' title='bbox 1815 2551 2160 2614; x_wconf 65' lang='lat' dir='ltr'><strong>praeponere</strong></span> <span class='ocrx_word' id='word_1_137' title='bbox 2181 2531 2509 2590; x_wconf 84' lang='lat' dir='ltr'><strong>maluerunt</strong></span> <span class='ocrx_word' id='word_1_138' title='bbox 2537 2527 2649 2588; x_wconf 88' lang='lat' dir='ltr'><strong>suis</strong></span> 
     </span>
     <span class='ocr_line' id='line_1_19' title="bbox 453 2624 2648 2708; baseline 0 -23"><span class='ocrx_word' id='word_1_139' title='bbox 453 2624 594 2686; x_wconf 69' lang='lat' dir='ltr'><strong>edd.</strong></span> <span class='ocrx_word' id='word_1_140' title='bbox 612 2645 799 2706; x_wconf 77' lang='lat' dir='ltr'><strong>,quam</strong></span> <span class='ocrx_word' id='word_1_141' title='bbox 829 2624 942 2687; x_wconf 84' lang='lat' dir='ltr'><strong>sibi</strong></span> <span class='ocrx_word' id='word_1_142' title='bbox 969 2626 1045 2686; x_wconf 85' lang='lat' dir='ltr'><strong>ab</strong></span> <span class='ocrx_word' id='word_1_143' title='bbox 1075 2625 1274 2707; x_wconf 89' lang='lat' dir='ltr'><strong>aliquo</strong></span> <span class='ocrx_word' id='word_1_144' title='bbox 1301 2627 1618 2708; x_wconf 83' lang='lat' dir='ltr'><strong>antiquiori</strong></span> <span class='ocrx_word' id='word_1_145' title='bbox 1637 2628 1956 2691; x_wconf 81' lang='lat' dir='ltr'><strong>conciliare</strong></span> <span class='ocrx_word' id='word_1_146' title='bbox 1977 2628 2415 2696; x_wconf 69' lang='lat' dir='ltr'><strong>auctoritatemz</strong></span> <span class='ocrx_word' id='word_1_147' title='bbox 2460 2645 2648 2705; x_wconf 90' lang='lat' dir='ltr'><strong>neque</strong></span> 
     </span>
     <span class='ocr_line' id='line_1_20' title="bbox 453 2721 2650 2804; baseline -0.001 -22"><span class='ocrx_word' id='word_1_148' title='bbox 453 2730 646 2782; x_wconf 85' lang='lat' dir='ltr'><strong>tamen</strong></span> <span class='ocrx_word' id='word_1_149' title='bbox 676 2723 761 2782; x_wconf 85' lang='lat' dir='ltr'><strong>sic</strong></span> <span class='ocrx_word' id='word_1_150' title='bbox 790 2722 996 2783; x_wconf 88' lang='lat' dir='ltr'><strong>melius</strong></span> <span class='ocrx_word' id='word_1_151' title='bbox 1024 2721 1099 2782; x_wconf 92' lang='lat' dir='ltr'><strong>de</strong></span> <span class='ocrx_word' id='word_1_152' title='bbox 1126 2732 1367 2784; x_wconf 86' lang='lat' dir='ltr'><strong>auctore</strong></span> <span class='ocrx_word' id='word_1_153' title='bbox 1393 2725 1692 2804; x_wconf 87' lang='lat' dir='ltr'><strong>promeriti</strong></span> <span class='ocrx_word' id='word_1_154' title='bbox 1720 2724 2014 2787; x_wconf 83' lang='lat' dir='ltr'><strong>videntur.</strong></span> <span class='ocrx_word' id='word_1_155' title='bbox 2092 2724 2161 2783; x_wconf 89' lang='lat' dir='ltr'><strong>In</strong></span> <span class='ocrx_word' id='word_1_156' title='bbox 2191 2722 2280 2783; x_wconf 87' lang='lat' dir='ltr'><strong>bis</strong></span> <span class='ocrx_word' id='word_1_157' title='bbox 2306 2721 2650 2784; x_wconf 86' lang='lat' dir='ltr'><strong>numerandi</strong></span> 
     </span>
     <span class='ocr_line' id='line_1_21' title="bbox 453 2816 2647 2899; baseline 0 -21"><span class='ocrx_word' id='word_1_158' title='bbox 453 2827 595 2879; x_wconf 79' lang='lat' dir='ltr'><strong>sunt</strong></span> <span class='ocrx_word' id='word_1_159' title='bbox 621 2819 810 2879; x_wconf 90' lang='lat' dir='ltr'><strong>Mich.</strong></span> <span class='ocrx_word' id='word_1_160' title='bbox 849 2818 1169 2893; x_wconf 87' lang='lat' dir='ltr'><strong>Maittaire,</strong></span> <span class='ocrx_word' id='word_1_161' title='bbox 1196 2820 1607 2895; x_wconf 86' lang='lat' dir='ltr'><strong>Londinensis,</strong></span> <span class='ocrx_word' id='word_1_162' title='bbox 1636 2832 1694 2883; x_wconf 88' lang='lat' dir='ltr'><strong>et</strong></span> <span class='ocrx_word' id='word_1_163' title='bbox 1723 2823 1869 2884; x_wconf 78' lang='lat' dir='ltr'><strong>Abr.</strong></span> <span class='ocrx_word' id='word_1_164' title='bbox 1920 2822 1973 2881; x_wconf 89' lang='lat' dir='ltr'><strong>le</strong></span> <span class='ocrx_word' id='word_1_165' title='bbox 2025 2821 2330 2899; x_wconf 82' lang='lat' dir='ltr'><strong>Maserier,</strong></span> <span class='ocrx_word' id='word_1_166' title='bbox 2373 2816 2647 2880; x_wconf 82' lang='lat' dir='ltr'><strong>Parisinae</strong></span> 
     </span>
     <span class='ocr_line' id='line_1_22' title="bbox 452 2925 771 2978; baseline 0 -1"><span class='ocrx_word' id='word_1_167' title='bbox 452 2925 771 2978; x_wconf 78' lang='lat' dir='ltr'><strong>curatores.</strong></span> 
     </span>
    </p>

    <p class='ocr_par' dir='ltr' id='par_1_10' title="bbox 456 3013 2643 3171">
     <span class='ocr_line' id='line_1_23' title="bbox 539 3013 2643 3109; baseline 0 -36"><span class='ocrx_word' id='word_1_168' title='bbox 539 3021 691 3082; x_wconf 86' lang='lat'><strong>1713</strong></span> <span class='ocrx_word' id='word_1_169' title='bbox 734 3013 1006 3088; x_wconf 85' lang='lat' dir='ltr'><strong>Londini,</strong></span> <span class='ocrx_word' id='word_1_170' title='bbox 1033 3013 1138 3075; x_wconf 85' lang='lat' dir='ltr'><strong>fol.</strong></span> <span class='ocrx_word' id='word_1_171' title='bbox 1165 3014 1224 3074; x_wconf 88' lang='lat' dir='ltr'><strong>in</strong></span> <span class='ocrx_word' id='word_1_172' title='bbox 1273 3016 1456 3096; x_wconf 88' lang='lat' dir='ltr'><strong>Corp.</strong></span> <span class='ocrx_word' id='word_1_173' title='bbox 1499 3021 1661 3096; x_wconf 64' lang='lat' dir='ltr'><strong>poet.</strong></span> <span class='ocrx_word' id='word_1_174' title='bbox 1713 3017 1843 3109; x_wconf 87' lang='lat' dir='ltr'><strong>Lat.</strong></span> <span class='ocrx_word' id='word_1_175' title='bbox 1899 3015 2301 3086; x_wconf 85' lang='lat' dir='ltr'><strong>Maittariano‚</strong></span> <span class='ocrx_word' id='word_1_176' title='bbox 2330 3013 2448 3077; x_wconf 86' lang='lat' dir='ltr'><strong>vol.</strong></span> <span class='ocrx_word' id='word_1_177' title='bbox 2482 3027 2560 3073; x_wconf 84' lang='grc' dir='ltr'><strong>ιι.</strong></span> <span class='ocrx_word' id='word_1_178' title='bbox 2585 3032 2643 3091; x_wconf 89' lang='lat' dir='ltr'><strong>p.</strong></span> 
     </span>
     <span class='ocr_line' id='line_1_24' title="bbox 456 3107 874 3171; baseline 0.003 -1"><span class='ocrx_word' id='word_1_179' title='bbox 456 3107 874 3171; x_wconf 76' lang='lat' dir='ltr'><strong>ins-1246.</strong></span> 
     </span>
    </p>

    <p class='ocr_par' dir='ltr' id='par_1_11' title="bbox 451 3155 2647 3384">
     <span class='ocr_line' id='line_1_25' title="bbox 536 3155 2647 3293; baseline -0.002 -25"><span class='ocrx_word' id='word_1_180' title='bbox 536 3204 692 3275; x_wconf 81' lang='lat'><strong>1716</strong></span> <span class='ocrx_word' id='word_1_181' title='bbox 734 3204 1157 3269; x_wconf 75' lang='lat' dir='ltr'><strong>Lond.12.ex</strong></span> <span class='ocrx_word' id='word_1_182' title='bbox 1179 3205 1332 3293; x_wconf 73' lang='lat' dir='ltr'><strong>offie.</strong></span> <span class='ocrx_word' id='word_1_183' title='bbox 1359 3209 1416 3270; x_wconf 82' lang='lat' dir='ltr'><strong>J.</strong></span> <span class='ocrx_word' id='word_1_184' title='bbox 1443 3208 1689 3272; x_wconf 88' lang='lat' dir='ltr'><strong>Tonsou</strong></span> <span class='ocrx_word' id='word_1_185' title='bbox 1718 3210 1856 3271; x_wconf 88' lang='lat' dir='ltr'><strong>etJ.</strong></span> <span class='ocrx_word' id='word_1_186' title='bbox 1883 3210 2098 3270; x_wconf 85' lang='lat' dir='ltr'><strong>Watts.</strong></span> <span class='ocrx_word' id='word_1_187' title='bbox 2141 3209 2230 3269; x_wconf 89' lang='lat' dir='ltr'><strong>M.</strong></span> <span class='ocrx_word' id='word_1_188' title='bbox 2261 3209 2334 3267; x_wconf 90' lang='lat' dir='ltr'><strong>V.</strong></span> <span class='ocrx_word' id='word_1_189' title='bbox 2366 3155 2647 3270; x_wconf 81' lang='lat' dir='ltr'><strong>Martialis</strong></span> 
     </span>
     <span class='ocr_line' id='line_1_26' title="bbox 451 3303 2389 3384; baseline 0.002 -21"><span class='ocrx_word' id='word_1_190' title='bbox 451 3304 913 3384; x_wconf 77' lang='lat' dir='ltr'><strong>Epigrammata,</strong></span> <span class='ocrx_word' id='word_1_191' title='bbox 945 3323 1020 3364; x_wconf 82' lang='lat' dir='ltr'><strong>ex</strong></span> <span class='ocrx_word' id='word_1_192' title='bbox 1046 3303 1385 3365; x_wconf 89' lang='lat' dir='ltr'><strong>recensione</strong></span> <span class='ocrx_word' id='word_1_193' title='bbox 1414 3306 1604 3367; x_wconf 82' lang='lat' dir='ltr'><strong>Mich.</strong></span> <span class='ocrx_word' id='word_1_194' title='bbox 1635 3305 1943 3367; x_wconf 85' lang='lat' dir='ltr'><strong>Maittarii.</strong></span> <span class='ocrx_word' id='word_1_195' title='bbox 1999 3304 2157 3366; x_wconf 86' lang='lat' dir='ltr'><strong>Edit.</strong></span> <span class='ocrx_word' id='word_1_196' title='bbox 2186 3303 2389 3366; x_wconf 82' lang='lat' dir='ltr'><strong>nitida.</strong></span> 
     </span>
    </p>

    <p class='ocr_par' dir='ltr' id='par_1_12' title="bbox 448 3399 2639 3577">
     <span class='ocr_line' id='line_1_27' title="bbox 537 3399 2639 3485; baseline -0.001 -24"><span class='ocrx_word' id='word_1_197' title='bbox 537 3410 692 3473; x_wconf 75' lang='lat'><strong>1729</strong></span> <span class='ocrx_word' id='word_1_198' title='bbox 735 3403 887 3479; x_wconf 85' lang='lat' dir='ltr'><strong>Aug.</strong></span> <span class='ocrx_word' id='word_1_199' title='bbox 919 3399 1094 3460; x_wconf 86' lang='lat' dir='ltr'><strong>Vind.</strong></span> <span class='ocrx_word' id='word_1_200' title='bbox 1132 3409 1223 3463; x_wconf 77' lang='lat'><strong>12.</strong></span> <span class='ocrx_word' id='word_1_201' title='bbox 1255 3402 1343 3462; x_wconf 85' lang='lat' dir='ltr'><strong>M.</strong></span> <span class='ocrx_word' id='word_1_202' title='bbox 1373 3404 1508 3467; x_wconf 88' lang='lat' dir='ltr'><strong>Val.</strong></span> <span class='ocrx_word' id='word_1_203' title='bbox 1555 3403 1846 3469; x_wconf 84' lang='lat' dir='ltr'><strong>Martialis</strong></span> <span class='ocrx_word' id='word_1_204' title='bbox 1889 3404 2093 3485; x_wconf 78' lang='lat' dir='ltr'><strong>Epigr.</strong></span> <span class='ocrx_word' id='word_1_205' title='bbox 2139 3401 2314 3462; x_wconf 90' lang='lat' dir='ltr'><strong>Libb.</strong></span> <span class='ocrx_word' id='word_1_206' title='bbox 2361 3418 2498 3463; x_wconf 79' lang='lat' dir='ltr'><strong>xlt.</strong></span> <span class='ocrx_word' id='word_1_207' title='bbox 2527 3400 2639 3458; x_wconf 86' lang='lat' dir='ltr'><strong>Xe·</strong></span> 
     </span>
     <span class='ocr_line' id='line_1_28' title="bbox 448 3498 1375 3577; baseline 0.004 -19"><span class='ocrx_word' id='word_1_208' title='bbox 448 3499 676 3559; x_wconf 84' lang='lat' dir='ltr'><strong>niorurn</strong></span> <span class='ocrx_word' id='word_1_209' title='bbox 702 3498 772 3558; x_wconf 91' lang='lat' dir='ltr'><strong>L.</strong></span> <span class='ocrx_word' id='word_1_210' title='bbox 804 3513 854 3557; x_wconf 91' lang='lat'><strong>1.</strong></span> <span class='ocrx_word' id='word_1_211' title='bbox 883 3498 1194 3577; x_wconf 83' lang='lat' dir='ltr'><strong>Apophor.</strong></span> <span class='ocrx_word' id='word_1_212' title='bbox 1227 3499 1294 3561; x_wconf 83' lang='lat'><strong>1..</strong></span> <span class='ocrx_word' id='word_1_213' title='bbox 1326 3517 1375 3561; x_wconf 87' lang='lat'><strong>1.</strong></span> 
     </span>
    </p>

    <p class='ocr_par' dir='ltr' id='par_1_13' title="bbox 528 3596 1473 3677">
     <span class='ocr_line' id='line_1_29' title="bbox 528 3596 1473 3677; baseline 0.005 -21"><span class='ocrx_word' id='word_1_214' title='bbox 528 3631 609 3648; x_wconf 84' lang='lat'><strong>--</strong></span> <span class='ocrx_word' id='word_1_215' title='bbox 641 3596 887 3677; x_wconf 88' lang='lat' dir='ltr'><strong>Ingolst.</strong></span> <span class='ocrx_word' id='word_1_216' title='bbox 914 3615 972 3658; x_wconf 84' lang='lat' dir='ltr'><strong>e.</strong></span> <span class='ocrx_word' id='word_1_217' title='bbox 1003 3616 1061 3657; x_wconf 92' lang='lat' dir='ltr'><strong>n.</strong></span> <span class='ocrx_word' id='word_1_218' title='bbox 1088 3598 1381 3661; x_wconf 79' lang='lat' dir='ltr'><strong>Juvencii.</strong></span> <span class='ocrx_word' id='word_1_219' title='bbox 1412 3608 1473 3663; x_wconf 82' lang='lat'><strong>8.</strong></span> 
     </span>
    </p>

    <p class='ocr_par' dir='ltr' id='par_1_14' title="bbox 532 3694 1633 3774">
     <span class='ocr_line' id='line_1_30' title="bbox 532 3694 1633 3774; baseline -0.002 -16"><span class='ocrx_word' id='word_1_220' title='bbox 532 3704 687 3767; x_wconf 83' lang='lat'><strong>1743</strong></span> <span class='ocrx_word' id='word_1_221' title='bbox 732 3694 917 3774; x_wconf 85' lang='lat' dir='ltr'><strong>Lugd.</strong></span> <span class='ocrx_word' id='word_1_222' title='bbox 949 3694 1021 3755; x_wconf 91' lang='lat' dir='ltr'><strong>B.</strong></span> <span class='ocrx_word' id='word_1_223' title='bbox 1040 3713 1098 3756; x_wconf 83' lang='lat' dir='ltr'><strong>c.</strong></span> <span class='ocrx_word' id='word_1_224' title='bbox 1120 3714 1180 3758; x_wconf 86' lang='lat' dir='ltr'><strong>n.</strong></span> <span class='ocrx_word' id='word_1_225' title='bbox 1213 3696 1511 3758; x_wconf 85' lang='lat' dir='ltr'><strong>Farnabii.</strong></span> <span class='ocrx_word' id='word_1_226' title='bbox 1539 3706 1633 3762; x_wconf 79' lang='lat'><strong>12.</strong></span> 
     </span>
    </p>

    <p class='ocr_par' dir='ltr' id='par_1_15' title="bbox 529 3791 1563 3874">
     <span class='ocr_line' id='line_1_31' title="bbox 529 3791 1563 3874; baseline 0 -20"><span class='ocrx_word' id='word_1_227' title='bbox 529 3800 687 3863; x_wconf 78' lang='lat'><strong>1744</strong></span> <span class='ocrx_word' id='word_1_228' title='bbox 727 3792 920 3872; x_wconf 85' lang='lat' dir='ltr'><strong>Lugd.</strong></span> <span class='ocrx_word' id='word_1_229' title='bbox 947 3791 1017 3853; x_wconf 90' lang='lat' dir='ltr'><strong>B.</strong></span> <span class='ocrx_word' id='word_1_230' title='bbox 1052 3801 1148 3853; x_wconf 76' lang='lat'><strong>12.</strong></span> <span class='ocrx_word' id='word_1_231' title='bbox 1187 3792 1407 3854; x_wconf 86' lang='lat' dir='ltr'><strong>Eadem</strong></span> <span class='ocrx_word' id='word_1_232' title='bbox 1436 3814 1563 3874; x_wconf 88' lang='lat' dir='ltr'><strong>rep.</strong></span> 
     </span>
    </p>

    <p class='ocr_par' dir='ltr' id='par_1_16' title="bbox 442 3888 2640 4352">
     <span class='ocr_line' id='line_1_32' title="bbox 533 3888 2640 3971; baseline 0 -21"><span class='ocrx_word' id='word_1_233' title='bbox 533 3898 689 3962; x_wconf 81' lang='lat'><strong>1754</strong></span> <span class='ocrx_word' id='word_1_234' title='bbox 729 3890 911 3952; x_wconf 89' lang='lat' dir='ltr'><strong>Paris.</strong></span> <span class='ocrx_word' id='word_1_235' title='bbox 948 3901 1042 3955; x_wconf 80' lang='lat'><strong>12.</strong></span> <span class='ocrx_word' id='word_1_236' title='bbox 1076 3890 1219 3971; x_wconf 85' lang='lat' dir='ltr'><strong>maj.</strong></span> <span class='ocrx_word' id='word_1_237' title='bbox 1250 3890 1404 3962; x_wconf 74' lang='lat' dir='ltr'><strong>Voll.</strong></span> <span class='ocrx_word' id='word_1_238' title='bbox 1455 3907 1534 3951; x_wconf 85' lang='lat' dir='ltr'><strong>n.</strong></span> <span class='ocrx_word' id='word_1_239' title='bbox 1566 3892 1657 3953; x_wconf 90' lang='lat' dir='ltr'><strong>M.</strong></span> <span class='ocrx_word' id='word_1_240' title='bbox 1686 3892 1759 3952; x_wconf 90' lang='lat' dir='ltr'><strong>V.</strong></span> <span class='ocrx_word' id='word_1_241' title='bbox 1806 3888 2097 3952; x_wconf 87' lang='lat' dir='ltr'><strong>Martialis</strong></span> <span class='ocrx_word' id='word_1_242' title='bbox 2140 3889 2640 3970; x_wconf 80' lang='lat' dir='ltr'><strong>Epigrammatum</strong></span> 
     </span>
     <span class='ocr_line' id='line_1_33' title="bbox 443 3983 2639 4068; baseline 0.001 -24"><span class='ocrx_word' id='word_1_243' title='bbox 443 3983 618 4057; x_wconf 83' lang='lat' dir='ltr'><strong>libri,</strong></span> <span class='ocrx_word' id='word_1_244' title='bbox 600 4007 616 4024; x_wconf 89' lang='lat'><strong>·</strong></span> <span class='ocrx_word' id='word_1_245' title='bbox 641 3985 716 4047; x_wconf 90' lang='lat' dir='ltr'><strong>ad</strong></span> <span class='ocrx_word' id='word_1_246' title='bbox 735 3986 992 4067; x_wconf 87' lang='lat' dir='ltr'><strong>optimos</strong></span> <span class='ocrx_word' id='word_1_247' title='bbox 1017 3988 1260 4050; x_wconf 83' lang='lat' dir='ltr'><strong>codices</strong></span> <span class='ocrx_word' id='word_1_248' title='bbox 1276 3987 1554 4050; x_wconf 81' lang='lat' dir='ltr'><strong>recensiti</strong></span> <span class='ocrx_word' id='word_1_249' title='bbox 1580 3998 1641 4051; x_wconf 88' lang='lat' dir='ltr'><strong>et</strong></span> <span class='ocrx_word' id='word_1_250' title='bbox 1664 3988 1959 4068; x_wconf 84' lang='lat' dir='ltr'><strong>castigati,</strong></span> <span class='ocrx_word' id='word_1_251' title='bbox 1984 3988 2208 4050; x_wconf 84' lang='lat' dir='ltr'><strong>editore</strong></span> <span class='ocrx_word' id='word_1_252' title='bbox 2231 3989 2385 4050; x_wconf 83' lang='lat' dir='ltr'><strong>Abr.</strong></span> <span class='ocrx_word' id='word_1_253' title='bbox 2406 3986 2461 4047; x_wconf 85' lang='lat' dir='ltr'><strong>le</strong></span> <span class='ocrx_word' id='word_1_254' title='bbox 2483 3988 2639 4048; x_wconf 87' lang='lat' dir='ltr'><strong>Mas·</strong></span> 
     </span>
     <span class='ocr_line' id='line_1_34' title="bbox 443 4081 2642 4165; baseline 0.001 -24"><span class='ocrx_word' id='word_1_255' title='bbox 443 4081 616 4142; x_wconf 83' lang='lat' dir='ltr'><strong>erier.</strong></span> <span class='ocrx_word' id='word_1_256' title='bbox 637 4082 821 4143; x_wconf 86' lang='lat' dir='ltr'><strong>Paris.</strong></span> <span class='ocrx_word' id='word_1_257' title='bbox 842 4083 1004 4164; x_wconf 87' lang='lat' dir='ltr'><strong>apud</strong></span> <span class='ocrx_word' id='word_1_258' title='bbox 1031 4085 1225 4147; x_wconf 87' lang='lat' dir='ltr'><strong>Carol.</strong></span> <span class='ocrx_word' id='word_1_259' title='bbox 1249 4084 1541 4145; x_wconf 83' lang='lat' dir='ltr'><strong>Robustel</strong></span> <span class='ocrx_word' id='word_1_260' title='bbox 1564 4093 1623 4145; x_wconf 92' lang='lat' dir='ltr'><strong>et</strong></span> <span class='ocrx_word' id='word_1_261' title='bbox 1643 4086 1914 4145; x_wconf 87' lang='lat' dir='ltr'><strong>Natalem</strong></span> <span class='ocrx_word' id='word_1_262' title='bbox 1927 4085 1984 4146; x_wconf 88' lang='lat' dir='ltr'><strong>le</strong></span> <span class='ocrx_word' id='word_1_263' title='bbox 2003 4086 2196 4165; x_wconf 91' lang='lat' dir='ltr'><strong>Loup‚</strong></span> <span class='ocrx_word' id='word_1_264' title='bbox 2214 4085 2290 4145; x_wconf 85' lang='lat' dir='ltr'><strong>ad</strong></span> <span class='ocrx_word' id='word_1_265' title='bbox 2315 4085 2503 4165; x_wconf 86' lang='lat' dir='ltr'><strong>ripam</strong></span> <span class='ocrx_word' id='word_1_266' title='bbox 2527 4087 2642 4144; x_wconf 86' lang='lat' dir='ltr'><strong>Au·</strong></span> 
     </span>
     <span class='ocr_line' id='line_1_35' title="bbox 446 4179 2635 4263; baseline 0 -25"><span class='ocrx_word' id='word_1_267' title='bbox 446 4179 931 4256; x_wconf 77' lang='lat' dir='ltr'><strong>gustinianorum‚</strong></span> <span class='ocrx_word' id='word_1_268' title='bbox 958 4182 1114 4263; x_wconf 74' lang='lat' dir='ltr'><strong>typis</strong></span> <span class='ocrx_word' id='word_1_269' title='bbox 1142 4201 1282 4245; x_wconf 79' lang='lat' dir='ltr'><strong>vero</strong></span> <span class='ocrx_word' id='word_1_270' title='bbox 1311 4182 1703 4245; x_wconf 75' lang='lat' dir='ltr'><strong>Constelierii.</strong></span> <span class='ocrx_word' id='word_1_271' title='bbox 1751 4182 1888 4244; x_wconf 89' lang='lat' dir='ltr'><strong>Vid.</strong></span> <span class='ocrx_word' id='word_1_272' title='bbox 1911 4183 2172 4248; x_wconf 85' lang='lat' dir='ltr'><strong>Dietion.</strong></span> <span class='ocrx_word' id='word_1_273' title='bbox 2202 4183 2362 4245; x_wconf 76' lang='lat' dir='ltr'><strong>Hist.</strong></span> <span class='ocrx_word' id='word_1_274' title='bbox 2382 4179 2635 4263; x_wconf 79' lang='lat' dir='ltr'><strong>portatis.</strong></span> 
     </span>
     <span class='ocr_line' id='line_1_36' title="bbox 442 4273 1445 4352; baseline 0.008 -18"><span class='ocrx_word' id='word_1_275' title='bbox 442 4273 522 4334; x_wconf 79' lang='lat' dir='ltr'><strong>T.</strong></span> <span class='ocrx_word' id='word_1_276' title='bbox 556 4291 666 4338; x_wconf 86' lang='grc' dir='ltr'><strong>ιιι.</strong></span> <span class='ocrx_word' id='word_1_277' title='bbox 695 4277 873 4339; x_wconf 79' lang='lat' dir='ltr'><strong>caen.</strong></span> <span class='ocrx_word' id='word_1_278' title='bbox 909 4289 1086 4352; x_wconf 82' lang='lat'><strong>1779.</strong></span> <span class='ocrx_word' id='word_1_279' title='bbox 1118 4289 1175 4341; x_wconf 91' lang='grc'><strong>8.</strong></span> <span class='ocrx_word' id='word_1_280' title='bbox 1444 4302 1445 4305; x_wconf 62' lang='grc'>’</span> 
     </span>
    </p>
   </div>
   <div class='ocr_carea' id='block_1_5' title="bbox 2914 2444 2920 3130">
    <p class='ocr_par' dir='ltr' id='par_1_17' title="bbox 2914 2444 2920 3130">
     <span class='ocr_line' id='line_1_37' title="bbox 2914 2444 2920 3130; baseline 0 0"><span class='ocrx_word' id='word_1_281' title='bbox 2914 2444 2920 3130; x_wconf 95' lang='lat' dir='ltr'><strong> </strong></span> 
     </span>
    </p>
   </div>
   <div class='ocr_carea' id='block_1_6' title="bbox 2911 2444 2920 3989">
    <p class='ocr_par' dir='ltr' id='par_1_18' title="bbox 2911 2444 2920 3989">
     <span class='ocr_line' id='line_1_38' title="bbox 2911 2444 2920 3989; baseline 0 0"><span class='ocrx_word' id='word_1_282' title='bbox 2911 2444 2920 3989; x_wconf 95' lang='lat' dir='ltr'><strong> </strong></span> 
     </span>
    </p>
   </div>
  </div>
 </body>
</html>
