2985 4937
443 425 620 492 1158

436 585 520 648 gis
536 585 752 648 placeant
782 597 903 633 meo.
968 580 1087 633 Hoc
1111 578 1241 631 facis
1265 581 1317 629 in
1344 594 1513 630 meam

376 720 380 728 λ
438 662 677 726 gratiam,
714 660 861 725 quasi
887 666 943 708 tu
981 658 1123 721 legas
1157 656 1437 717 deteriora,
1458 661 1517 704 et

440 754 575 801 mea,
599 752 715 802 quae
753 751 848 800 ego
881 735 981 785 tibi
1015 735 1135 798 legi,
1160 732 1322 795 magis
1341 733 1513 795 place·

441 823 552 878 aut,
587 816 770 863 sicum
797 812 907 861 istis
941 816 1327 875 comparentur.
1364 809 1519 860 Gran.

505 896 536 942 8
555 891 830 952 Marsi,aut
847 887 1049 952 Catulli]
1072 885 1271 949 Poetae,
1286 885 1376 950 qui
1389 886 1515 934 mul-

443 975 501 1020 ts
519 983 639 1019 cum
656 967 810 1017 laude
831 965 1041 1029 scripsit
1063 963 1459 1028 epigrammata.

504 1049 538 1095 4
573 1045 698 1094 Hoec
716 1043 854 1104 milti,
876 1040 981 1105 ἔγω]
1015 1040 1146 1090 Mihi
1162 1037 1438 1103 χαρίζεσθαι
1458 1044 1518 1088 et

441 1120 725 1188 gratificari
744 1120 875 1169 velle
900 1117 1111 1178 videris,
1129 1132 1237 1180 prae
1263 1123 1317 1165 te
1340 1114 1519 1165 ferens

442 1212 561 1247 mea
585 1203 638 1244 te
671 1210 786 1245 cum
823 1193 924 1243 illis
962 1194 1127 1242 Marsi
1147 1198 1202 1242 et
1225 1191 1416 1241 Catulli
1440 1207 1517 1241 re·

442 1274 610 1324 citare
630 1268 963 1336 παραλλήλους,
976 1277 1037 1319 ut
1052 1283 1170 1318 mea
1182 1268 1383 1319 scilicet
1397 1282 1518 1318 cum

444 1351 511 1400 iis
532 1350 725 1399 collata
748 1354 1040 1413 appareant
1063 1361 1175 1396 esse
1212 1361 1361 1412 aeqne
1395 1345 1518 1395 boni

448 1433 539 1478 aut
576 1425 805 1476 melioris
839 1425 1033 1490 ingenii
1072 1430 1233 1490 atque
1280 1422 1516 1475 artificii:

445 1516 563 1554 cum
590 1516 775 1551 revera
806 1501 904 1551 hoc
925 1499 1074 1564 facis,
1096 1510 1157 1551 ut
1181 1517 1292 1551 mea
1321 1516 1426 1566 prae
1451 1501 1524 1552 iis
1553 1542 1556 1543 γ

447 1580 768 1641 sordescant,
788 1578 932 1644 quasi
949 1579 1129 1643 majori
1144 1579 1336 1627 lumine
1359 1576 1521 1629 offus-

446 1664 586 1707 cata.
652 1656 915 1706 Heraldus
937 1656 1082 1720 legit,
1119 1657 1228 1705 Hoc
1260 1655 1379 1705 milri
1411 1657 1518 1707 aas.

446 1732 569 1784 Hoc
590 1742 693 1796 est,
716 1734 848 1784 Ideo
880 1733 981 1783 hoc
1012 1732 1140 1783 facis
1161 1747 1237 1782 sc.
1269 1740 1520 1797 tanquam

445 1810 614 1861 Marsi
636 1818 693 1860 et
715 1811 906 1862 Catulli
930 1810 1134 1874 scripta
1154 1811 1259 1859 sint
1283 1810 1410 1859 meis
1428 1810 1521 1860 de-

448 1887 667 1948 teriora,
715 1895 871 1951 atque
919 1894 977 1937 ut
1018 1900 1083 1936 ea
1122 1886 1521 1950 comparatione

446 1963 651 2026 scripta
675 1969 852 2013 nostra
875 1961 1037 2026 magis
1060 1963 1303 2026 placeant
1323 1970 1380 2014 et
1402 1978 1522 2028 pro·

446 2037 661 2089 beatur.
721 2039 849 2088 Tam
886 2038 1154 2103 simplices
1189 2053 1313 2089 vero
1343 2054 1521 2090 sumus

450 2122 512 2166 ut
556 2114 694 2168 istud
739 2114 1034 2165 credamus.
1121 2117 1297 2168 Quare
1342 2118 1524 2182 placet

449 2190 566 2241 tolli
603 2191 1027 2253 interrogationis
1071 2199 1270 2255 notam,
1310 2199 1366 2243 et
1401 2194 1522 2242 sim-

440 2267 661 2332 ‘pliciter
696 2268 839 2332 legia
883 2269 953 2318 Ut
971 2270 1146 2319 collata
1179 2270 1334 2333 magis
1364 2272 1523 2336 place-

449 2347 535 2393 ant
557 2359 678 2394 mea.

515 2425 546 2470 6
571 2419 822 2471 Credimus
840 2419 983 2486 illud]
1009 2421 1246 2474 Ironice:
1272 2436 1374 2474 non
1398 2437 1526 2474 sane

450 2496 614 2548 eredo
632 2505 685 2548 te
705 2498 799 2549 bac
822 2509 995 2550 mente
1017 2502 1300 2551 contulisse
1323 2516 1405 2553 ea.

510 2577 548 2622 6
581 2574 735 2637 Malo,
753 2575 861 2639 ᾴω]
890 2575 1016 2626 Tuis
1033 2584 1181 2626 certe
1198 2578 1391 2627 collata
1408 2591 1529 2627 mea

447 2648 605 2700 facile
627 2651 959 2715 apparebunt
982 2653 1215 2703 meliora.

516 2727 683 2776 Eme.
727 2741 926 2778 nxxrv.
959 2732 987 2778 1
1015 2727 1258 2792 Cinctum]
1309 2727 1528 2778 Nullum

451 2819 615 2870 genus
637 2813 722 2856 est
741 2806 1024 2869 hominum,
1059 2820 1277 2871 quorum
1296 2805 1529 2856 stultitia

452 2881 644 2945 saepius
666 2883 972 2932 traducatur
998 2897 1030 2931 a
1052 2881 1319 2945 Martiale,
1339 2889 1395 2931 et
1415 2881 1529 2931 aliis

451 2957 615 3017 etiam
663 2957 1028 3023 scriptoribus,
1070 2973 1226 3024 quam
1268 2957 1529 3022 ἀλαζόνων.

453 3032 661 3083 Horum
727 3035 980 3098 imagines
1026 3036 1215 3099 saepius
1268 3037 1533 3100 expressit

452 3113 734 3177 Martialis,
787 3122 945 3178 atque
999 3115 1099 3165 boc
1154 3115 1533 3180 epigrammate

453 3191 722 3256 eleganter
755 3191 1011 3257 deplngit.
1076 3193 1385 3245 Inscribitur
1419 3196 1533 3260 epi·

454 3283 702 3334 gramma,
773 3269 856 3332 4⁴¹
919 3270 1216 3336 Maternum,
1287 3273 1536 3340 nobilem,

453 3347 641 3396 Po’etae
693 3349 953 3412 tempere,
1010 3350 1313 3401 Oratorem.
1394 3352 1537 3403 Huic

454 3431 708 3476 consonat
743 3419 910 3492 epigr.
947 3431 1029 3476 5⁷.
1071 3442 1248 3492 snpra.
1321 3428 1535 3491 Tagulis,

453 3501 562 3565 ξω]
593 3502 883 3569 Comitibus
919 3503 1425 3568 anteambulonibus,
1460 3505 1535 3554 la-

456 3579 746 3642 teronibus,
760 3572 1064 3647 clientibus,
1081 3580 1535 3646 pedissequis,se1··

452 3654 567 3717 vis;
601 3651 835 3705 vide'lib.
866 3660 915 3705 1.
938 3656 1104 3721 epigr.
1129 3659 1244 3706 109.

518 3735 550 3780 2
585 3732 798 3795 Regulus
828 3735 944 3783 solet
980 3733 1142 3797 turba]
1180 3732 1536 3798 Caussidicus,

456 3807 522 3856 ad
547 3822 704 3872 quem
733 3810 900 3875 epigr.
940 3811 1045 3860 tria
1066 3810 1159 3859 lib.
1196 3814 1244 3858 l.
1281 3810 1535 3859 Oratores

457 3898 581 3934 vero
604 3887 731 3936 clari
761 3894 817 3936 et
852 3886 1080 3936 victores
1119 3885 1329 3936 domum
1366 3901 1396 3936 e
1418 3885 1537 3937 foro

455 3960 861 4015 deducebantur
887 3980 918 4013 a
952 3964 1144 4028 populo
1171 3974 1227 4013 et
1248 3964 1429 4015 amicis
1452 3980 1536 4015 re·

456 4053 604 4089 orum
639 4040 1015 4103 absolutorum,
1041 4042 1125 4106 qui
1149 4042 1291 4106 prius
1315 4042 1537 4107 squalidi

455 4110 659 4181 capillis
680 4123 735 4165 et
759 4116 920 4167 barba
956 4120 1230 4181 promissa,
1247 4119 1361 4183 jam
1383 4119 1535 4169 abso·

454 4190 568 4240 luto
593 4193 779 4254 amico,
814 4193 1183 4259 tondebantur,
1214 4195 1537 4261 mutatisque

457 4269 693 4318 vestibus
732 4263 879 4321 uncti
924 4273 1239 4337 Capitolium
1283 4275 1539 4327 ascende-

462 4343 614 4408 bant,
637 4346 759 4397 Jovi
783 4349 980 4412 gratias
1003 4364 1066 4399 ex
1094 4356 1217 4401 voto
1240 4351 1432 4412 acturi.

1157 437 1202 484 N
1215 434 1375 485 01³AE
1425 433 1827 484 VARIORUM
1875 433 1900 482 1
1913 435 1953 482 N

1653 583 1688 630 6
1722 578 1829 628 Hos
1848 578 1944 640 illi,
1962 575 2071 643 ξω]
2122 576 2344 627 Foenore
2381 573 2601 638 sumpsit
2625 588 2661 624 a

1590 656 1745 705 Fusc.
1769 660 1823 704 et
1850 655 1978 704 Fav.
2000 651 2421 715 foeneratoribus,
2443 667 2547 717 quo
2572 666 2668 701 co·.

1591 730 1827 780 mitatum
1849 730 1987 780 hunc
2008 729 2290 780 conducat.

1654 811 1685 857 7
1721 806 2056 857 Fusae-aenne
2085 810 2131 855 et
2173 803 2484 868 Faventinus]
2515 802 2664 852 Prae-

1592 882 1793 933 diorum
1848 884 2023 947 potius
2079 898 2234 948 quam
2288 881 2663 931 foeneratorum

1591 975 1707 1009 esse
1730 962 1957 1022 nomina,
1979 960 2092 1009 vult
2105 959 2394 1010 Heraldus:
2427 956 2668 1020 dicitque

1593 1040 1685 1090 illa
1707 1040 1883 1103 vendi,
1908 1040 1991 1090 vel
2018 1038 2227 1104 pignori
2249 1034 2445 1100 opponi
2472 1035 2671 1093 solere,

1594 1124 1653 1166 ut
1676 1127 1816 1168 esset
1841 1117 1977 1167 uude
1999 1115 2354 1166 adulatoribus
2388 1113 2489 1164 illis
2512 1113 2670 1163 satis·

1593 1195 1763 1246 fieret.
2519 1220 2522 1223 ·

1661 1274 1822 1322 Eme.
1852 1283 2023 1322 mv.
2049 1274 2077 1320 1
2120 1268 2338 1330 Verbera,
2351 1267 2457 1332 ξω]
2492 1265 2674 1318 Arena

1593 1348 1955 1414 amphitheatri
1968 1346 2217 1410 sanguine
2233 1343 2461 1395 ferarum
2481 1352 2538 1395 et
2558 1346 2668 1410 gla-
2738 1399 2746 1405 ‚

1594 1427 1856 1477 diatorum
1884 1433 2126 1485 cruenta,
2159 1423 2225 1473 de
2259 1438 2403 1472 more
2438 1439 2469 1472 a
2491 1423 2672 1488 pueris

1596 1502 1963 1553 renovabatur.
2051 1499 2355 1563 Vagabatur
2393 1500 2444 1548 in
2484 1498 2674 1549 eadem

1596 1579 1821 1630 domitus
1841 1587 1897 1629 et
1917 1579 2060 1629 cicur
2083 1578 2180 1640 leo,
2200 1576 2290 1641 qui
2305 1585 2480 1627 tamen
2493 1576 2669 1628 subito

1596 1657 1751 1708 datus
1788 1657 1844 1706 in
1879 1656 2154 1721 pristinum
2191 1654 2444 1718 furorem,
2479 1668 2674 1719 pueros

1597 1734 1810 1794 invasit,
1834 1741 1888 1782 et
1908 1732 2273 1782 miserabiliter
2293 1731 2347 1781 in
2376 1737 2671 1796 conspectu

1596 1812 1826 1861 omnium
1867 1809 2138 1859 laceravit.
2206 1808 2483 1858 Exclamat
2513 1806 2674 1869 poeta

1596 1903 1692 1953 per
1727 1886 2077 1951 apostrophen
2119 1884 2185 1935 ad
2223 1886 2445 1949 leonem,
2480 1891 2537 1933 et
2562 1898 2672 1938 mo·

1596 1972 1712 2028 net,
1735 1971 1794 2014 ut
1834 1963 2207 2014 humanitatem
2246 1977 2277 2011 a
2316 1962 2441 2026 lupa
2480 1960 2673 2023 discat,

1600 2057 1716 2107 quae
1755 2041 2033 2091 Romulum
2074 2046 2130 2089 et
2162 2040 2383 2088 Remum
2421 2036 2475 2086 in
2520 2028 2673 2089 alveo

1598 2120 1870 2185 expositos
1891 2116 2028 2167 fovit
2049 2122 2106 2167 et
2124 2114 2365 2166 nutrivit.
2398 2114 2526 2163 Rad.
2580 2112 2674 2161 Vi-

1601 2199 1666 2247 de
1687 2211 1771 2260 ep.
1798 2198 1878 2244 1⁰.
1901 2192 1989 2242 lib.
2009 2193 2254 2256 spectac.

1662 2277 1695 2323 4
1728 2271 1941 2335 Libyeis,
1980 2268 2087 2332 ᾃω]
2165 2266 2434 2316 Montibus
2469 2263 2672 2316 Africa

1597 2352 1804 2401 leonum
1825 2347 2063 2398 nutricis.
2129 2346 2201 2394 Et
2237 2344 2469 2394 Gaetulia
2505 2343 2557 2393 in
2592 2343 2679 2394 Li·

1597 2429 1701 2495 bya
1738 2433 1840 2490 est,
1883 2424 1973 2476 ubi
2015 2421 2324 2474 ferocissimi
2375 2429 2682 2473 nascuntur.

1598 2506 1752 2569 Virg.
1807 2504 1824 2532 ‘
1847 2501 2046 2553 Gaetuli
2080 2508 2285 2566 tergum
2322 2499 2540 2550 immane
2571 2500 2681 2552 leo,-

1601 2581 1720 2632 nis.'

1666 2665 1696 2709 5
1734 2659 1852 2708 Duo
1874 2658 1932 2707 de
1956 2662 2138 2718 tenera,
2159 2652 2266 2716 ξω]
2311 2654 2462 2703 Duos
2485 2666 2700 2715 pueros.

1602 2736 1867 2790 ministros
1885 2733 2189 2793 theatrales,
2202 2730 2289 2795 qui
2308 2728 2680 2794 amphitheatri

1602 2827 1815 2863 arenam
1836 2810 2066 2861 ferarum
2090 2808 2537 2874 gladiatorumque
2561 2821 2680 2855 san-

1603 2893 1760 2957 guiue
1806 2888 1996 2939 foedam
2040 2885 2296 2936 versando
2339 2883 2688 2936 renovabantv

1603 2970 1802 3033 injecta
1821 2968 2034 3028 insuper
2070 2976 2203 3012 nova
2226 2974 2400 3010 arena.
2463 2959 2598 3009 Tum
2624 2967 2680 3009 et

1604 3041 1994 3109 Amphitheatri
2010 3052 2353 3099 cavea,arena
2367 3043 2683 3098 strataerat,

1605 3137 1673 3173 ne
1695 3118 1946 3184 sanguiue
1977 3115 2198 3178 lubrica,
2217 3113 2380 3180 pedes
2403 3113 2681 3164 decertan-

1608 3201 1736 3252 tium
1761 3198 1990 3248 falleret.

1672 3280 1703 3326 7
1737 3277 1903 3325 &aas
1932 3278 1982 3322 et
2014 3269 2211 3334 infelix]
2244 3271 2443 3333 Saevus,
2481 3277 2683 3334 praeter

1606 3350 2068 3416 exspectationem.
2143 3346 2353 3410 Infelix]
2406 3346 2544 3398 Quia
2586 3361 2681 3411 pu-

1608 3443 1725 3482 eros
1746 3427 2052 3477 innocentes
2085 3425 2338 3476 mactavit
2370 3431 2427 3473 et
2449 3423 2685 3475 reddidit

1606 3512 1776 3556 morte
1804 3502 2067 3565 infelices,
2089 3508 2184 3552 aut
2205 3503 2329 3567 quia
2348 3502 2462 3567 ipse
2494 3510 2685 3566 postea

1606 3581 1918 3634 interfectus
1944 3589 2039 3631 est.
2074 3580 2204 3630 Rau.

1673 3665 1708 3710 8
1738 3659 1949 3721 Martia,
1984 3656 2095 3722 ξω]
2148 3656 2313 3707 Marti
2356 3670 2523 3708 sacra.
2578 3657 2684 3708 Ro·

1607 3750 1778 3796 mana,
1800 3741 1860 3785 ut
1874 3750 1962 3797 ep.
1982 3738 2033 3784 4.
2054 3733 2089 3784 l.
2114 3736 2161 3782 1.
2181 3746 2316 3783 vers.
2332 3736 2388 3783 4.

1672 3818 1706 3862 9
1740 3812 1980 3874 Crudelis,
1996 3809 2105 3873 ξω]
2150 3806 2486 3874 Apostrophe
2510 3808 2579 3860 ad
2611 3811 2686 3860 le·

1606 3904 1777 3941 ouem.

1675 3969 1738 4015 1⁰
1772 3965 1976 4027 Nostra,
2008 3961 2119 4028 qma]
2164 3962 2406 4027 Namque
2439 3962 2535 4012 illa
2575 3961 2688 4014 Ro·

1606 4044 1746 4095 mulo
1792 4050 1849 4092 et
1888 4043 2052 4091 Remo
2091 4039 2383 4091 infantibus
2421 4040 2689 4107 pepercit,

1605 4119 1764 4170 immo
1780 4117 1945 4168 ubera
1966 4116 2206 4181 proebuit.

1673 4198 2053 4248 Erranxxvr.
2090 4199 2118 4245 1
2147 4193 2379 4257 Argenti,
2413 4192 2522 4259 ξω]
2562 4194 2685 4243 Ele·

1607 4290 1733 4340 gans
1749 4275 1902 4338 jocus
1935 4278 2019 4324 est
2050 4271 2103 4321 in
2127 4271 2384 4337 quendam
2408 4271 2556 4335 eujus
2589 4285 2685 4320 no·

1607 4367 1724 4405 men
1755 4353 2070 4416 ignoramus,
2104 4354 2430 4412 captatorem
2454 4354 2509 4397 et
2529 4347 2681 4398 here-
