2985 4937
695 381 774 431 Μ.
822 380 1457 435 VAL.MAR'1·1ALIS
1508 389 2078 442 EPIGR·L113.1'1.

2311 382 2488 453 *1137

274 519 619 572 transscribet
638 521 771 588 baec,
792 529 852 575 ut
866 525 1165 577 melioribus
1192 534 1344 578 vacet
1407 530 1521 593 jam
1542 531 1666 582 viris
1686 535 1973 599 contigere.
2043 537 2341 591 Germanici
2366 554 2486 604 cog·

261 598 647 650 exscribendis,

331 681 363 726 6
384 677 488 726 Nec
509 682 700 727 tantum
724 679 883 749 nugis,
898 678 1008 744 ζα]
1041 681 1343 746 Occupabi-

271 759 352 803 tur
371 753 680 804 melioribus
713 754 858 804 libris
880 756 1253 808 describendis.

330 837 363 881 9
397 833 463 882 Te
484 832 703 896 conviva,
726 833 834 896 ξω]
872 832 1022 883 Inter
1059 836 1248 898 pocula
1268 835 1341 884 le·

270 907 426 972 geris,
448 907 575 957 vide
605 923 694 971 ep.
719 911 794 957 19.
819 908 854 957 l.
881 912 960 960 10.
982 915 1038 959 et
1055 911 1342 974 perlegeris

268 985 449 1035 minori
476 985 660 1049 spacio
683 1000 840 1050 quam
862 986 1036 1036 vinum
1062 1002 1198 1052 aqua
1220 989 1343 1038 cali-

267 1063 384 1127 da,‘
370 1079 424 1114 in
448 1065 767 1129 quincunce,
789 1065 1019 1130 quinque
1036 1070 1343 1131 cyathorum

266 1142 468 1205 capaci,
516 1143 743 1192 dilutum
776 1140 1046 1206 frigescat.
1099 1143 1343 1217 Hyperb-

268 1219 619 1272 ‘Quincunx’
645 1236 743 1284 pro
759 1222 942 1287 quovis
966 1221 1171 1285 poculo.
1235 1222 1341 1272 Sed

267 1298 465 1361 gemina
490 1298 572 1348 vis
613 1299 746 1348 latet
781 1297 876 1347 sub
914 1298 1014 1348 hoc
1039 1297 1246 1346 verbo‘
1266 1306 1341 1347 te-

267 1375 478 1439 puisse?
514 1375 602 1425 vel
621 1376 777 1437 enim,
799 1374 1035 1425 utverba
1046 1374 1280 1438 jacent,
1266 1390 1342 1424 m·

265 1453 542 1518 telligitnr,
589 1452 643 1503 id
688 1459 791 1515 est,
834 1457 1110 1517 antequam
1149 1451 1343 1515 frigeat

265 1529 433 1580 vinum
458 1529 640 1580 calida
677 1529 904 1591 mistum,
937 1529 1020 1578 vel
1060 1536 1342 1594 antequam

263 1607 566 1656 remittatur
582 1612 848 1655 certamen
868 1604 1082 1670 potandi
1099 1613 1155 1655 et
1171 1605 1342 1655 hilari-

262 1688 335 1732 tas
346 1683 722 1733 convivarum.
793 1683 876 1732 De
895 1697 1036 1732 more
1055 1682 1266 1732 bibendi
1286 1689 1343 1733 et

262 1760 514 1811 miscendi
560 1758 781 1810 calidam
827 1766 883 1809 et
935 1756 1182 1823 frigidam
1228 1761 1341 1823 lege

263 1837 354 1886 lib.
374 1843 420 1887 1.
444 1852 577 1902 cap.
599 1840 649 1887 4.
670 1838 900 1886 Elector.
925 1836 1110 1900 Lipsii.
1145 1837 1272 1886 Rad.

324 1920 385 1964 11
427 1911 647 1975 Cautus]
681 1915 878 1962 Cautus
899 1913 942 1961 is
965 1919 1065 1973 est,
1097 1910 1187 1976 qui
1211 1925 1340 1975 prae-

266 1992 487 2041 munitus
504 1990 579 2040 ad
597 1988 810 2055 quodvis
829 1989 1070 2039 damnum
1088 1986 1340 2051 futurum,

266 2081 327 2116 ne
346 2068 443 2117 sibi
467 2067 656 2128 laedat,
673 2073 775 2115 est.

324 2148 383 2193 12
417 2144 536 2193 Hei
559 2143 699 2207 mihi]
734 2144 863 2193 Cum
902 2142 1030 2193 illud
1065 2141 1183 2192 mihi
1205 2141 1343 2190 absit

261 2218 428 2270 Palat.
489 2221 753 2270 Gruterus
815 2227 997 2271 censet
1053 2219 1342 2268 rescriben-

261 2296 373 2347 dum
399 2297 573 2348 Eheu.
641 2299 804 2349 Quasi
828 2297 1047 2360 diceret,
1073 2297 1188 2346 Non
1212 2296 1342 2345 vita·

261 2370 335 2424 bis
353 2384 543 2423 tamen
568 2374 792 2437 omnium
814 2375 1268 2438 reprehensionem
1288 2378 1345 2422 et

259 2448 564 2502 fastidium:
600 2460 723 2502 sunt
746 2453 883 2503 enim
918 2452 1137 2503 Romani
1166 2464 1343 2516 proce-

261 2544 337 2580 res
369 2530 805 2592 fastidiosissimi,
838 2540 893 2580 et
931 2531 1088 2580 mella
1102 2529 1258 2593 juxta
1279 2542 1343 2579 ac

260 2605 382 2657 sella
407 2615 696 2656 nauseant.
732 2607 859 2656 Rau.
1340 2665 1345 2668 ,

321 2686 498 2735 Eme.
520 2698 585 2732 11.
622 2687 649 2733 1
677 2684 823 2732 Creta
857 2684 1009 2745 dedit,
1036 2682 1145 2746 fisa]
1194 2683 1345 2732 Cele-

260 2760 376 2812 brat
388 2761 653 2812 Dacicam
671 2760 940 2809 victoriam
958 2766 1014 2809 et
1031 2760 1181 2809 trium
1189 2759 1345 2822 phum

265 2854 414 2905 quem
464 2838 574 2900 egit
620 2836 953 2887 Domitianus
986 2836 1145 2895 solus,
1192 2835 1343 2899 cujus

265 2916 448 2965 laurea
489 2921 605 2963 tota
645 2914 759 2977 ejus
798 2910 918 2974 fuit,
952 2926 1050 2960 nec
1088 2926 1205 2961 cum
1241 2911 1342 2982 alio

269 2990 687 3042 communicata:
724 2988 1011 3054 amplificat
1050 2988 1146 3039 hoc
1191 3004 1341 3051 argu-

267 3079 500 3119 mentum
524 3084 556 3117 a
578 3067 914 3131 comparatis,
935 3065 1252 3116 enumeratis
1279 3067 1342 3114 iis

271 3149 351 3214 qui
375 3146 650 3212 praecipua
674 3153 1018 3209 cognomenta
1047 3159 1112 3192 ex
1136 3143 1343 3207 provin·

268 3226 354 3276 ciis
371 3224 602 3275 devictis
621 3231 1004 3289 compararunt.
1019 3223 1254 3271 Ramires.
1279 3223 1353 3271 L..

270 3302 520 3352 Metellus
546 3301 756 3350 devicta
782 3301 961 3362 Creta,
980 3298 1114 3348 Pub.
1134 3298 1344 3350 Cornel.

271 3377 440 3443 Scipio
464 3378 673 3426 devicta
692 3374 1098 3437 Africa,nobilia
1114 3375 1343 3424 assecuti

273 3463 392 3504 sunt
413 3460 798 3518 cognomenta:
834 3454 1161 3504 Domitianus
1203 3467 1347 3517 vero,

273 3528 550 3580 debellatis
583 3528 752 3578 Cattis
800 3530 1084 3593 Dacisque,
1126 3530 1344 3582 nobilius

274 3605 463 3655 meruit
497 3618 809 3668 cognomen,
845 3604 1037 3653 Dacici
1061 3605 1267 3654 scilicet
1289 3611 1346 3653 et

276 3680 596 3742 Germanici,
609 3681 684 3730 illi
702 3680 840 3729 enim
855 3682 1077 3745 singula,
1095 3681 1180 3730 liic.
1199 3680 1348 3744 biua;

276 3756 350 3806 illi
386 3757 665 3807 Cretenses
696 3758 870 3821 pigros
907 3763 1132 3821 ventreS,
1161 3766 1218 3808 et
1244 3759 1345 3808 dis-

276 3831 470 3883 cinctos
498 3830 676 3895 Afros,
696 3833 781 3883 hic
813 3829 1100 3883 Germanos
1133 3835 1345 3885 bellico-

278 3923 376 3973 sos,
408 3908 548 3972 ὄζους
562 3907 750 3973 Ἄρηος.
813 3910 901 3960 Sic
943 3912 1116 3976 itaque
1150 3913 1346 3962 crescit

281 3986 503 4035 collatio.
572 3987 823 4049 Magnum
855 3993 910 4034 et
950 3987 1124 4036 nobile
1148 3986 1347 4037 Cretici

283 4074 712 4130 cognomentum3
763 4066 929 4131 majus
973 4068 1083 4117 sive
1123 4068 1345 4116 nobilius

288 4140 545 4205 Africani3
600 4144 881 4193 maximum
932 4144 1041 4193 sive
1093 4142 1347 4193 nobilissi-

284 4234 414 4272 mum
439 4221 760 4271 Germanici.
827 4222 898 4270 Et
935 4228 1105 4270 tamen
1147 4220 1346 4270 Cretici

1416 616 1715 659 nomentum
1759 612 2056 664 Domitiano
2081 617 2301 681 contigit
2323 619 2484 668 etiam

1418 697 1600 747 puero.
1635 687 1871 740 Musamb.

1479 765 1513 811 4
1546 764 1618 812 Et
1651 779 1790 828 puer,
1824 766 1932 830 qa]
1971 768 2302 821 Domitianus
2333 772 2485 836 juve-

1416 838 1497 889 nis
1519 841 1793 892 admodum
1815 845 2208 907 expeditionem
2250 851 2489 914 suscepit

1417 918 1468 966 ln
1492 918 1813 972 Germania&
1869 923 2083 974 Sueton.
2108 928 2143 974 l.
2163 930 2213 976 8.
2237 933 2368 978 0.]2.
2392 929 2484 978 sed

1417 1008 1589 1060 neque
1610 999 1948 1049 necessariam
1973 1016 2142 1066 neque
2164 1003 2364 1054 utilem.

1481 1079 1513 1123 5
1548 1076 1746 1140 Frater,
1784 1078 1889 1142 &ej
1925 1079 2091 1130 Pater
2132 1087 2250 1131 tuus
2284 1082 2483 1148 Vespa-

1416 1149 1592 1200 sianus
1614 1168 1730 1203 cum
1752 1152 1862 1203 filio
1879 1156 1999 1205 Tito
2020 1156 2087 1206 de
2109 1156 2486 1223 Hierosolymis

1417 1227 1774 1294 triumphavit,
1813 1240 1871 1282 tu
1908 1233 1975 1282 de
2007 1233 2179 1285 Cattis
2220 1235 2486 1301 Dacisque

1416 1306 1571 1373 solus.
1636 1309 1836 1374 Frater]
1881 1310 2053 1361 Titus.
2091 1313 2344 1376 Idumoeos]
2393 1313 2487 1364 Ju-

1416 1383 1611 1433 daicos.
1675 1385 1881 1449 Idume,
1905 1402 2025 1452 pars
2046 1387 2267 1451 Judaeae‚
2287 1389 2353 1439 ab
2377 1389 2482 1440 Oc·

1415 1459 1629 1511 cidente
1692 1462 1975 1514 Jordanem
2045 1471 2312 1529 spectans,
2367 1480 2483 1531 quae

1414 1535 1565 1597 Ἐδωμ,
1585 1538 1902 1601 appellatur.
1989 1566 1990 1569 ¹

1480 1616 1514 1662 6
1548 1612 1701 1662 Dacis
1754 1615 1933 1676 laurea,
1982 1617 2092 1682 ξω]
2136 1616 2244 1667 Alii
2292 1619 2483 1669 Cattis.-

1416 1694 1477 1739 ut
1495 1689 1703 1754 Lipsius
1739 1690 1832 1741 lib.
1859 1697 1906 1742 l.
1931 1693 2137 1756 epist.5
2145 1692 2320 1742 .bene
2344 1694 2485 1757 judi·

1415 1772 1520 1817 cat.
1587 1767 1724 1817 Nam
1746 1768 1867 1832 quia
1889 1783 1961 1818 ex
1988 1770 2248 1833 triumpho
2265 1769 2332 1819 de
2363 1770 2487 1820 Cat-

1416 1843 1484 1893 tis
1507 1858 1609 1893 non
1632 1844 1793 1894 traxit
1826 1845 2154 1895 Domitianus
2178 1860 2485 1911 cognomen-

1417 1926 1527 1969 tum
1550 1919 1860 1985 triumphale
1881 1918 2146 1986 proprium
2162 1921 2374 1985 Cattici,
2392 1922 2485 1972 sed

1415 2008 1686 2046 commune
1723 1997 2052 2059 Germanici3
2104 1998 2303 2048 ideirco
2345 2000 2502 2049 bunc·

1415 2072 1730 2137 triumphum
1763 2080 1948 2138 argute
1964 2076 2230 2127 Martialis
2252 2092 2369 2127 cum
2391 2073 2485 2128 Ju-

1416 2148 1566 2198 daico
1583 2148 1845 2215 triumpho
1861 2152 2128 2215 componit
2146 2153 2302 2217 ,quia
2318 2168 2487 2219 neque

1418 2239 1485 2274 ex
1504 2224 1593 2275 illo
1619 2225 1883 2289 triumpho
1916 2235 2319 2291 cognomentum
2356 2230 2486 2278 Ves-

1419 2301 1635 2365 pasiano
1659 2303 1799 2366 patri
1830 2311 1921 2352 aut
1941 2301 2050 2352 filio
2067 2304 2187 2354 Tito
2225 2303 2325 2354 fuit
2355 2306 2371 2332 ‘
2389 2306 2490 2357 Ju-.

1418 2378 1622 2428 daici.’'
1676 2381 1834 2440 Nam,
1857 2387 1917 2429 nt
1951 2380 2089 2444 apud
2128 2381 2352 2431 Dionem
2389 2389 2488 2444 est,

1419 2453 1767 2518 repudiavere
1814 2462 2215 2519 cognomentum
2270 2456 2371 2507 hoe
2427 2465 2487 2508 ut

1419 2530 1645 2601 infame:
1693 2533 2023 2583 Domitianus
2073 2539 2246 2583 autem
2296 2548 2488 2597 cogno-

1420 2616 1651 2658 mentum
1682 2608 1865 2658 Caltici
1887 2608 2100 2658 videtur
2122 2610 2367 2673 accipere
2396 2623 2508 2659 no-‘
2585 2675 2589 2682 ῃ

1420 2686 1596 2748 luisse,
1619 2694 1677 2735 ut
1700 2685 1927 2749 ignobile
1951 2693 2043 2736 aut
2061 2685 2350 2736 ridiculum.
2371 2688 2484 2736 Mu-

1418 2762 1647 2812 sambert.
1678 2762 1848 2812 Datur
1864 2762 2050 2824 laurea]
2065 2763 2164 2812 Vel
2182 2762 2487 2813 Domitiano

1418 2839 1627 2902 victori,
1665 2841 1747 2889 vel
1788 2840 1961 2905 potius
1998 2838 2121 2890 Jovi
2166 2839 2490 2903 Capitolino..

1416 2916 1633 2966 Sueton.
1673 2916 1725 2965 in
1760 2916 2089 2966 Domitiano:
2125 2913 2246 2966 ‘De
2284 2916 2488 2965 Sarma-

1420 2992 1486 3042 tis
1536 2992 1763 3043 lauream
1812 2991 1966 3040 modo
2018 2992 2316 3056 Capitolino
2361 2992 2486 3044 Jovi

1416 3069 1639 3119 retulit.’
1699 3069 1792 3119 Sil.
1810 3066 2031 3118 Italicus
2056 3068 2146 3138 lib,
2166 3072 2245 3120 15.
2311 3069 2484 3118 ‘Lau-

1417 3161 1634 3212 rumque
1674 3147 1951 3211 superbam
1989 3147 2055 3197 In
2108 3146 2301 3209 gremio
2337 3147 2485 3198 Jovis

1417 3222 1609 3273 excisis
1641 3223 1905 3288 deponere
1938 3222 2155 3274 Poenis!
2186 3223 2326 3275 Plin.
2347 3225 2384 3274 l.
2407 3228 2488 3273 15.

1419 3316 1466 3350 c.
1502 3303 1597 3352 ult.
1639 3305 1653 3330 ‘
1680 3303 1869 3352 Fasces
1907 3302 2289 3365 Imperatorum
2332 3302 2485 3353 deco-

1418 3391 1524 3427 ras,
1591 3379 1672 3426 Ex
1712 3378 1790 3427 his
1838 3379 1891 3427 in
1926 3377 2127 3443 gremio
2162 3379 2312 3430 Jovis
2356 3378 2487 3444 Opt-

1419 3454 1569 3503 Max.
1625 3452 1929 3518 deponitur,
1985 3455 2190 3519 quoties
2246 3455 2485 3505 laetitiam

1419 3544 1555 3580 nova
1584 3531 1809 3580 victoria
1858 3530 2076 3588 attulit.’¹
2140 3533 2307 3582 Parta
2348 3532 2484 3582 enim

1419 3607 1640 3657 victoria
1675 3605 1846 3657 fasces
1868 3608 1970 3671 ipsi
2000 3610 2145 3657 lauro
2165 3608 2488 3659 decoraban-

1421 3689 1525 3733 tur.
1594 3680 1769 3747 Atque
1802 3683 1900 3732 liuc
1940 3683 2226 3746 pertinent,
2278 3680 2488 3732 ‘fasces

1417 3760 1677 3825 laureati,’
1688 3768 1745 3810 et
1763 3762 1778 3788 ‘
1792 3760 2001 3810 lictores
2014 3760 2270 3810 laureati.’
2281 3748 2498 3822 Heraldss

1485 3839 1645 3887 Eme.
1673 3852 1763 3887 111.
1800 3842 1826 3887 1
1852 3836 2020 3900 Sexte,
2036 3835 2144 3899 ξω]
2162 3837 2352 3885 Sextus
2366 3837 2483 3900 jac-

1420 3914 1565 3964 tabat
1589 3928 1647 3963 se
1669 3913 1795 3962 nihil
1816 3912 2056 3977 cuiquam
2077 3911 2291 3962 debere.
2342 3913 2485 3962 Mar-

1419 3991 1559 4040 tialis
1576 3981 1797 4039 hominis
1812 3989 2122 4053 jactantiam
2135 3988 2260 4052 joco
2276 3989 2486 4039 subsan-

1419 4072 1531 4130 nat,
1552 4074 1711 4131 atque
1730 4080 1787 4115 se
1806 4066 1857 4115 id
1890 4067 2106 4116 credere
2131 4066 2223 4128 ait,
2245 4065 2485 4130 quoniam

1421 4142 1464 4191 is
1487 4148 1687 4191 tantum
1710 4141 1890 4204 debet,
1932 4143 2019 4207 qui
2059 4148 2235 4206 potest
2266 4142 2485 4190 solvere.

1420 4218 1605 4267 Domit.
1641 4219 1781 4266 Vere
1814 4218 1991 4282 jactat
2033 4232 2091 4267 se
2122 4217 2249 4267 nihil
2296 4217 2486 4267 debere

292 4302 342 4346 et
387 4281 623 4347 Africani
660 4297 879 4346 Metello
933 4304 988 4348 et
1039 4297 1360 4362 Scipionibus
1422 4297 1512 4361 qui
1568 4310 1670 4345 non
1743 4303 1822 4345 est
1896 4294 2176 4345 solvendo.
2238 4294 2487 4342 debitoris

407 4379 592 4443 Delph.
613 4384 659 4427 et
697 4378 808 4430 Ver.
837 4380 965 4428 Clas.

1290 4380 1511 4431 Martial.

2244 4376 2354 4423 40
