2985 4937
653 413 732 460 M.
778 410 951 460 vAL.
997 410 1418 461 MARTIALIS
1472 411 1713 463 EPIGR.
1764 412 1910 462 [ΑΒ.
1957 413 2123 480 vul,

290 556 535 608 lustretur
557 561 727 608 totum
759 558 871 609 sole
906 557 1069 623 prius,
1090 572 1243 622 quam
1266 572 1353 607 ca·

289 650 467 686 cumen
508 636 703 685 montis
737 636 944 686 Circes.
1007 635 1215 700 Arcano,
1244 636 1349 700 esa]

292 711 438 763 Quod
463 712 594 762 alios
615 712 805 778 ubique
827 713 980 764 latet.

350 791 413 838 10
447 787 709 837 Nascentis
725 787 907 851 patris]
944 787 1181 838 Orientis
1201 787 1352 852 Solis,

292 864 436 928 cujus
459 862 574 914 filia
596 864 769 914 Circe.

350 945 409 992 11
452 941 593 1006 Hoec,
607 941 842 1004 Auguste,
859 934 1050 1004 tamea]
1064 940 1352 991 'Conclusio

287 1024 340 1068 et
359 1017 725 1083 epiphonema.
790 1018 944 1081 Haec,
974 1032 1007 1067 o
1045 1017 1240 1076 Caesar,
1263 1024 1355 1066 tua

288 1093 742 1160 domus,'quamvis
773 1096 1001 1145 cnlmme
1040 1093 1215 1143 sidera
1240 1101 1353 1143 tan-

288 1180 391 1237 gat,
413 1180 472 1224 et
492 1174 685 1224 eaelum
705 1181 881 1239 aequet
900 1170 1260 1238 amplitudine,
1278 1176 1355 1221 ta·

288 1264 401 1299 men
425 1256 480 1300 te
503 1264 609 1301 non
627 1251 788 1316 capit,
811 1264 908 1301 uec
932 1257 1016 1301 est
1033 1249 1161 1300 satis
1183 1248 1356 1313 ampla

285 1341 377 1393 pro
400 1326 662 1390 dignitate
695 1328 917 1378 nominis
938 1335 996 1378 et
1016 1326 1238 1378 numinis
1260 1326 1357 1377 tui.

347 1407 410 1453 12
442 1404 618 1454 Minor
653 1409 724 1454 est
758 1402 970 1468 domino]
1023 1403 1354 1455 Adulatorie.

286 1479 372 1530 Sic
392 1481 652 1547 Papinius
675 1481 819 1546 Sylv.
835 1485 888 1532 4.

349 1559 513 1610 Erre.
539 1572 762 1609 xxxvu.
818 1557 964 1609 Nihil
1005 1557 1169 1609 donas
1205 1557 1356 1609 Caie-

286 1641 426 1701 tano,
469 1636 564 1701 qui
601 1634 776 1686 reddis
818 1635 897 1686 illi
934 1635 1355 1701 chirographum,

290 1729 391 1781 quo
435 1713 677 1779 agnoscit
714 1727 771 1764 se
826 1713 925 1764 tibi
965 1713 1163 1763 debere
1201 1726 1265 1763 m.
1303 1726 1355 1763 c.

285 1794 389 1857 (vel
408 1801 469 1844 ut
488 1792 598 1855 alii,
621 1791 786 1842 Miltia
803 1796 880 1842 ter
899 1788 1112 1853 centua)
1139 1791 1225 1842 cui
1244 1791 1357 1856 qui·

288 1869 402 1921 dem
424 1871 523 1921 aeri
546 1885 647 1921 non
670 1879 752 1922 est
774 1871 1057 1924 solvendot
1091 1871 1193 1921 imo
1206 1884 1356 1920 serva

288 1948 656 2015 syngrapham,
677 1956 731 1999 et
753 1949 821 1999 da
854 1950 932 1999 illi
964 1962 1029 1998 u.
1049 1961 1114 1998 sr-
1168 1946 1285 1997 Hoc
1310 1947 1356 1996 si

286 2021 500 2088 feceris,
534 2031 589 2075 te
621 2025 818 2091 aliquid
851 2025 1068 2076 donasse
1106 2023 1356 2076 dicemus.

288 2101 427 2152 Vide
450 2100 791 2165 Epigramma
813 2107 929 2154 105.
953 2102 1086 2153 libro
1106 2106 1164 2152 9.

352 2181 522 2231 Erre.
546 2193 794 2230 xxxviii.
833 2181 1080 2233 Celebrat
1105 2182 1355 2246 pietatem

288 2255 530 2307 Melioris
552 2270 679 2322 erga
698 2258 923 2308 Blaesum
944 2259 1187 2321 scribam,
1205 2259 1357 2323 cnjus

286 2330 529 2383 defuncti
563 2334 790 2385 natalem
834 2335 1109 2398 quotannis
1148 2349 1358 2385 revoca·

286 2410 394 2477 bat,
419 2419 478 2463 et
500 2409 689 2462 festum
711 2412 1023 2462 Bloesianum
1046 2412 1293 2476 appellat.

352 2494 381 2541 1
424 2491 526 2547 Qui
542 2494 743 2553 proeslat
753 2491 953 2554 pietate,
976 2489 1085 2554 ζα]
1119 2491 1166 2540 Ε
1186 2488 1360 2540 media

290 2568 724 2633 Philosophorum
766 2568 942 2618 schola
989 2567 1356 2632 depromptum

288 2654 392 2709 est,
437 2646 706 2709 praecipue
748 2659 869 2695 vero
909 2657 976 2694 ex
1009 2643 1177 2708 primo
1213 2643 1357 2694 Ethi-

291 2737 472 2774 corum
500 2719 832 2783 Aristotelis3
885 2721 994 2783 ubi,
1012 2720 1079 2770 de
1102 2719 1357 2771 felicitate

291 2813 451 2863 agens
471 2798 714 2859 humana,
738 2797 903 2847 videri
923 2797 999 2847 ait
1015 2795 1204 2846 homini
1228 2811 1357 2860 quo·

292 2891 393 2941 que
415 2883 622 2927 mortuo
650 2875 840 2926 bonum
878 2875 1125 2941 quiddam
1163 2889 1277 2924 esse
1302 2881 1357 2924 et

292 2955 506 3016 malum,
528 2954 682 3004 aienti
703 2960 759 3004 et
779 2953 975 3004 viventi
990 2967 1087 3004 nec
1109 2953 1356 3003 sentienti

294 3030 583 3093 contingit:
619 3037 678 3081 ut
711 3031 951 3095 honores,
973 3038 1029 3082 et
1050 3030 1277 3081 infamiae
1297 3031 1355 3079 li-

293 3105 540 3157 berorum
560 3113 617 3157 et
651 3114 998 3173 posterorum,
1026 3117 1082 3159 et
1106 3109 1358 3175 prosperi-

294 3187 453 3246 tates,
498 3182 962 3251 adversitatesque.
1027 3187 1149 3237 Huc
1195 3187 1362 3249 respi-

298 3260 439 3310 ciens
478 3260 740 3311 Martialis
775 3277 878 3312 non
915 3262 1017 3313 sibi
1051 3264 1127 3313 ait
1158 3264 1359 3314 contin-

297 3352 440 3401 gere,
476 3337 615 3402 quod
637 3340 894 3388 nonnullis
915 3341 1226 3400 viventibus,
1251 3340 1363 3406 qui-

298 3415 394 3465 hus
453 3429 555 3465 uon
598 3416 944 3467 sentientibus
988 3418 1364 3481 prosperitates

285 3491 583 3542 ‘obveniunt
600 3509 614 3554 3
649 3493 740 3543 sed
758 3500 814 3544 et
833 3493 1030 3544 viventi
1048 3494 1223 3545 sibiet
1244 3509 1363 3545 sen·

296 3571 452 3621 tienti
472 3570 676 3621 delatos
692 3586 807 3621 esse
831 3571 962 3621 tales
981 3571 1222 3635 honores,
1237 3587 1364 3638 qua·

297 3649 375 3700 les
397 3650 578 3714 paucis
598 3658 717 3715 post
749 3657 966 3700 mortem
999 3656 1056 3700 et
1078 3664 1180 3699 non
1203 3651 1363 3701 senti-

301 3725 506 3776 entibus
543 3726 871 3790 contingunt.
935 3727 1147 3779 Illorum
1185 3733 1363 3778 tamen

303 3803 575 3869 aliquando
592 3804 787 3868 placuit
802 3818 918 3854 esse
932 3803 1242 3866 senteutiae3
1274 3805 1362 3870 qui

305 3879 526 3930 Carmen
550 3880 648 3931 hoc
668 3880 743 3930 sic
763 3880 1048 3943 accipiunt,
1068 3880 1168 3930 sibi
1186 3882 1363 3931 viven-

305 3956 346 4006 ti
369 3956 721 4022 sentientique
742 3958 1064 4021 contingere,
1087 3957 1225 4023 quod
1247 3959 1363 4008 aliis

308 4041 505 4086 tautum
545 4042 666 4100 post
705 4043 920 4087 mortem
949 4036 1255 4099 contingere
1276 4035 1366 4085 da·

309 4118 414 4161 tum
452 4119 568 4163 est:
606 4120 665 4162 ut
701 4113 777 4163 ait
808 4112 1077 4163 Justinust
1112 4115 1128 4141 ‘
1160 4109 1366 4162 Sufficit

308 4189 439 4239 enim
463 4189 585 4238 mihi
617 4191 670 4238 in
711 4190 807 4239 hoc
843 4198 1080 4253 tempore
1106 4188 1362 4253 judicium

310 4272 481 4316 tuum:
535 4264 676 4329 apud
715 4272 972 4329 posteros,
1003 4277 1123 4316 cum
1163 4265 1365 4315 obtrec-

309 4343 521 4395 tationis
542 4343 738 4395 invidia
766 4342 1076 4407 decesserit,
1098 4341 1365 4393 industriae

2282 399 2497 495 '1309

1424 556 1777 611 testimonium
1820 557 2093 610 habitui-03
2157 558 2295 610 Item
2336 560 2497 613 Ovid.

1421 634 1517 686 lib.
1542 640 1589 686 1.
1616 637 1895 687 Eroticonz
1949 637 1965 665 ‘
1991 636 2235 687 Pascitur
2271 637 2323 687 in
2365 638 2496 689 vivis

1423 712 1574 775 livor,
1597 720 1715 776 post
1738 711 1846 763 fata
1869 711 2128 778 quiescit!
2190 712 2329 763 Item
2352 714 2496 764 Mar·
2566 738 2581 749 ,

1426 790 1564 840 tialis
1590 790 1680 841 lib.
1720 796 1769 842 5.
1809 791 1991 855 Epigr.
2033 793 2110 841 10.
2173 791 2188 818 ⁸
2214 791 2338 856 Esse
2367 790 2492 855 quid

1424 868 1524 918 hoc
1544 868 1736 931 dicam,
1756 868 1893 934 quod
1917 867 2047 918 vivis
2065 866 2203 918 fama
2217 874 2439 930 negatur
2458 867 2495 916 i'

1426 946 1636 996 Etenim
1660 947 1940 997 sententiae
1973 945 2136 1011 priori
2159 944 2326 995 libens
2350 958 2498 994 acce·

1427 1022 1513 1072 do.
1572 1024 1761 1073 Schott.
1832 1023 1931 1081 Qui
1972 1026 2194 1087 prestat,
2229 1020 2336 1085 ξω]
2391 1021 2496 1074 Qut

1425 1114 1641 1153 munera
1679 1101 1809 1150 vivis
1831 1100 2013 1163 donat,
2051 1099 2248 1163 majora
2283 1112 2497 1148 munera

1426 1176 1512 1226 vel
1533 1177 1892 1227 haereditatem
1916 1183 2131 1241 captare
2152 1174 2409 1227 videatur.

1491 1256 1526 1303 4
1562 1256 1782 1317 Nomini,
1802 1255 1910 1319 ξω]
1941 1254 2175 1305 Mortuo.

1491 1335 1526 1380 6
1563 1332 1755 1388 Qaoerit
1797 1332 1931 1397 quid,
1967 1330 2076 1395 ξω]
2130 1330 2273 1385 Quid
2310 1329 2500 1396 quaerit

1427 1408 1526 1457 nisi
1549 1409 1782 1459 dolorem
1816 1424 1963 1459 suum
1985 1406 2249 1459 consolari
2282 1414 2341 1457 et
2361 1406 2498 1457 miti-

1428 1498 1555 1549 gare
1577 1485 1856 1549 largitione
1879 1485 2004 1551 pia?

1492 1564 1525 1610 ⁷
1561 1560 1733 1621 Refert
1763 1562 1833 1612 sis
1866 1561 2032 1627 bonus]
2084 1560 2188 1613 Hic
2212 1574 2392 1611 versus
2428 1561 2500 1610 le-

1427 1636 1628 1700 gendus
1667 1637 1862 1703 absque
1900 1637 2322 1701 interrogationis
2358 1641 2499 1688 nota.

1426 1714 1442 1742 ‘
1467 1712 1657 1764 Refert
1673 1712 1687 1735 ’
1710 1721 1905 1779 autem,
1925 1714 1981 1764 id
1995 1720 2100 1777 est,
2119 1714 2398 1779 plurimum
2424 1713 2501 1764 iu·

1427 1797 1612 1841 terest.
1668 1791 1841 1843 Gloss.
1896 1793 1912 1820 ‘
1952 1788 2158 1852 Refert,
2206 1788 2500 1854 διαλλάττει,

1427 1866 1670 1934 vanoque!
1720 1870 1913 1920 Sensus
1932 1882 2058 1934 ergo
2079 1874 2193 1918 est:
2229 1869 2331 1920 Qui
2363 1882 2497 1918 mor·

1428 1952 1575 1997 tuum
1619 1946 1885 1998 beneficiis
1926 1944 2279 2011 prosequitur,
2315 1957 2502 1994 revera

1427 2020 1693 2075 beneficus
1733 2031 1851 2075 estz
1903 2023 1994 2090 qui
2017 2022 2212 2086 vivum,
2236 2020 2499 2072 beneficus

1425 2102 1652 2156 fortasse
1686 2104 1850 2155 videri
1874 2105 2004 2155 vult.
2071 2101 2240 2168 Atqui
2257 2116 2498 2165 magnum

1428 2189 1515 2233 est
1537 2181 1817 2233 discrimen
1840 2182 1978 2231 inter
1999 2177 2059 2229 τὸ
2090 2178 2164 2243 ὃν,
2187 2186 2246 2230 et
2264 2176 2324 2227 τὸ
2343 2177 2501 2241 φαινό-

1437 2275 1594 2318 μενον.
1641 2258 1773 2308 Cato
1795 2256 1931 2307 enim
1963 2255 1979 2284 ⁶
2004 2268 2138 2321 esse,
2158 2270 2312 2321 qnam
2332 2255 2501 2306 videri

1429 2332 1594 2383 honus
1613 2331 1872 2384 malebat.'
1907 2332 2112 2383 Herem.
2157 2331 2351 2397 Refert]
2372 2332 2498 2383 Plu-

1428 2410 1614 2460 rimum
1639 2411 1863 2461 interest
1889 2409 2027 2460 inter
2058 2423 2178 2460 eum
2218 2410 2306 2474 qui
2338 2410 2500 2460 bonus

1431 2493 1532 2550 est,
1552 2493 1609 2537 et
1629 2493 1829 2539 tantum
1844 2487 2010 2537 bonus
2028 2486 2143 2536 vult
2164 2487 2350 2538 videri.

1494 2568 1528 2614 9
1565 2564 1663 2620 Qui
1695 2564 1980 2626 solennibus,
1997 2561 2109 2627 qua]
2162 2563 2265 2613 Qui
2300 2562 2352 2612 in
2391 2577 2499 2613 me-

1430 2640 1644 2690 moriam
1669 2639 1847 2703 Blaesi,
1868 2640 2017 2705 pueri
2044 2640 2119 2689 tui
2136 2636 2390 2700 defuncti,
2412 2654 2500 2690 ce·

1430 2716 1605 2766 lebras
1640 2717 1865 2766 natalem
1902 2716 2041 2765 illius
2080 2715 2380 2779 quotannis,
2401 2716 2502 2765 lar·

1431 2794 1571 2859 gitns
1595 2793 1783 2845 scribis
1817 2808 2052 2855 munera,
2086 2806 2117 2852 e
2151 2807 2369 2858 quorum
2407 2807 2499 2842 nu·

1430 2886 1575 2921 mero
1598 2871 1780 2936 etipse
1800 2871 2004 2921 Blaesus
2027 2876 2161 2920 erat.
2506 2915 2511 2918 .

1498 2953 1561 2999 12
1577 2948 1659 2998 Aa
1678 2946 1978 3011 natalitium]
1995 2945 2364 3012 Antiquissima
2379 2961 2501 2997 con·

1431 3025 1654 3075 suetudo
1701 3024 1806 3074 diei
1853 3025 2039 3075 natalis
2083 3025 2304 3087 colendi,
2348 3026 2500 3091 cujus

1429 3107 1589 3157 etiam
1613 3106 1808 3156 mentio
1832 3106 2029 3157 Genes.
2054 3120 2176 3171 cap.
2208 3110 2291 3158 40.
2313 3122 2500 3158 comm.

1431 3189 1514 3235 20.
1579 3184 1756 3235 Persis
1800 3184 1959 3233 etiam
2014 3198 2210 3234 summa
2253 3185 2504 3249 religione

1434 3263 1734 3313 observata.
1795 3261 1932 3311 Vide
1961 3261 2221 3312 Herodot.
2257 3262 2503 3313 Celebra-
2596 3305 2597 3312 ,

1435 3340 1567 3391 hant
1594 3346 1651 3390 et
1694 3338 1973 3388 amicorum
2017 3341 2176 3404 atque
2215 3337 2505 3402 imperato·
2544 3397 2547 3400 Ἴ

1437 3432 1552 3466 rum
1584 3416 1813 3466 natales:
1870 3421 1980 3463 tum
2027 3420 2082 3463 et
2125 3412 2507 3464 defunctorum.

1436 3493 1579 3543 Plin.
1603 3492 1772 3557 Epist.
1796 3494 1846 3540 7.
1869 3490 1961 3542 lib.
1984 3494 2032 3540 3.
2054 3490 2296 3542 Juvenal.
2319 3491 2428 3540 Sat.
2451 3498 2502 3542 5.

1434 3572 1449 3599 ⁸
1475 3570 1644 3622 Quale
1676 3567 1910 3619 coronati
1944 3565 2172 3616 Thrasea
2209 3565 2505 3615 Helvidius·

1436 3662 1539 3714 que
1560 3647 1832 3707 bibebant,
1862 3646 2142 3696 Brutorum
2164 3651 2221 3693 et
2244 3642 2389 3692 Cassi
2415 3657 2502 3691 na-

1438 3724 1663 3782 talibus?
1730 3723 1875 3775 Diem
1895 3720 2157 3783 colendum]
2191 3719 2277 3769 Sic
2298 3720 2505 3768 omnino

1435 3802 1613 3870 ἡμέραν
1631 3799 1897 3868 θεραπεύειν
1929 3799 2105 3851 Graeci
2141 3796 2343 3847 dicunt.
2398 3796 2502 3846 He·

1437 3884 1560 3932 mid.

1504 3963 1568 4009 14
1623 3953 1940 4018 Bloesianum]
2021 3952 2234 4000 Festum
2295 3948 2504 3998 nomine

1439 4035 1597 4085 Blaesi
1619 4033 1748 4083 etin
1771 4032 1908 4080 illius
1941 4027 2193 4092 gratiam:
2246 4026 2384 4076 uude
2408 4026 2504 4075 tibi

1440 4124 1668 4176 praesens
1692 4108 1876 4173 gloria,
1899 4120 1994 4155 nec
2027 4105 2194 4154 minus
2219 4110 2504 4167 superstes.

1438 4189 1522 4238 De
1547 4185 1739 4237 Atedio
1763 4184 2009 4243 Meliore,
2029 4182 2211 4246 Epigr.
2234 4184 2315 4231 28.
2337 4179 2428 4229 lib.
2453 4184 2504 4228 6.

1441 4273 1498 4314 et
1523 4263 1709 4327 Papin.
1734 4261 1877 4326 Sylv.
1897 4264 1947 4310 2.
1983 4259 2116 4308 Vide
2154 4265 2210 4308 et
2233 4258 2396 4321 Epist.
2428 4260 2504 4306 lv.

1440 4340 1533 4391 lib.
1560 4344 1605 4390 1.
1621 4338 1758 4390 Plin.
1781 4339 1900 4389 Sec.
1918 4343 1970 4387 et
1994 4336 2166 4400 Epist.
2182 4340 2230 4386 9.
2253 4334 2344 4384 lib.
2369 4337 2417 4384 9.
