2985 4937
632 424 707 473 M.
754 424 927 473 VAL.
974 423 1399 475 MAR'rtams
1449 425 1692 475 EPIGR.
1739 426 1885 476 Lm.
1936 427 2065 476 vll.

268 579 430 633 garum
453 564 657 618 reddat.
722 566 921 620 Garum
944 573 1121 618 autem
1153 572 1243 621 est„
1259 566 1320 617 li-

266 657 469 711 quamen
497 645 716 709 piscium
734 644 945 707 salsum,
962 644 1100 710 quod
1119 645 1320 694 Seneca

267 722 532 786 pretiosam
569 723 763 773 saniem
801 723 1093 788 praecordia
1133 722 1319 773 roden-

268 807 365 851 tem
389 800 637 865 appellat.

326 880 351 926 1
410 878 580 943 onyx]
635 878 742 927 Vas
799 879 1201 944 unguentarium
1254 894 1323 929 ex

269 955 491 1018 onyche,
527 954 625 1005 lib.
647 959 696 1006 6.
718 955 901 1019 Epigr.
923 959 1008 1006 42.

326 1036 356 1080 2
389 1032 573 1080 Garum
595 1031 689 1094 est]
719 1032 1036 1097 Corruptum
1058 1032 1123 1083 ab
1145 1029 1326 1082 afflatu

225 1152 228 1157 .
270 1108 367 1158 oris
390 1108 466 1158 tui
489 1109 697 1174 impuri.
736 1110 874 1161 Vide
892 1112 1230 1177 Epigramma
1245 1114 1328 1162 17.

217 1205 222 1211 ·
270 1182 355 1235 lib.
376 1189 424 1235 3.
446 1199 584 1237 vers.
607 1190 657 1236 6.
935 1178 952 1191 “

328 1262 486 1316 Eme.
520 1277 649 1315 xcv.
693 1263 879 1315 Linum
918 1270 1119 1327 monet,
1162 1278 1228 1314 ne
1270 1278 1327 1314 se

270 1338 427 1391 basiet
447 1341 676 1405 hyemali
701 1347 971 1406 tempore;
991 1350 1164 1408 'quum
1197 1356 1330 1393 sem·

271 1431 360 1480 per
379 1417 448 1467 sit
469 1417 723 1469 mucidus.
762 1419 863 1469 Ille
885 1434 1026 1483 vero,
1045 1434 1203 1486 quum
1227 1417 1331 1468 vel·

270 1494 341 1544 let
371 1494 677 1545 ambitiosus
706 1494 895 1558 videri,
926 1494 1118 1546 amicos
1152 1494 1331 1547 obvios

272 1584 441 1620 omnes
485 1570 699 1621 naribus
747 1568 1028 1623 fluentibus
1079 1571 1331 1624 basiabat.

278 1643 511 1698 Golden-in.

329 1724 360 1773 2
393 1721 594 1789 Oscula]
640 1722 851 1775 osculis
886 1726 1117 1776 salutare
1153 1725 1334 1777 obvios

270 1799 452 1849 amicos
473 1801 723 1850 Romanis
740 1802 894 1852 moris
911 1810 1042 1863 erat,
1057 1809 1114 1853 ut
1131 1811 1185 1854 et
1206 1803 1336 1854 Per·

273 1876 353 1939 sis,
368 1874 600 1941 Judaeis‚
623 1878 846 1944 Graecis,
866 1883 966 1931 διο.
1004 1881 1199 1947 Νἰυαὶί]
1223 1882 1336 1933 Fri·

273 1951 388 2016 gido
411 1958 467 2003 et
487 1952 720 2005 madido.

331 2033 360 2077 δ
398 2028 533 2085 Quid
559 2032 732 2095 possis,
750 2029 858 2095 ἅμα]
887 2033 1006 2084 Non
1034 2048 1209 2097 posses
1231 2049 1336 2084 me-

271 2102 365 2153 lius
388 2104 661 2155 vindicare
687 2104 925 2170 injuriam
947 2110 1220 2175 verberum
1243 2110 1338 2160 tibi

275 2181 614 2244 incusantium,
649 2197 804 2247 qnam
840 2182 993 2235 foedis
1027 2186 1171 2237 hisce
1193 2200 1342 2239 oscu-

272 2256 353 2321 lis,
383 2264 442 2308 ut
466 2259 658 2323 Epigr.
681 2263 764 2308 23.
788 2260 879 2310 lib.
898 2266 951 2312 2.

335 2339 367 2385 7
397 2335 514 2386 Hoc
538 2350 611 2385 me
621 2334 836 2402 frigore,
852 2338 962 2402 ξω]
995 2338 1228 2390 Brumall
1250 2337 1342 2389 fri·

279 2425 414 2477 gore.

336 2494 368 2539 9
387 2488 615 2553 Dulcior,
626 2491 996 2557 elegantior-que]
1018 2492 1227 2543 Videris
1246 2494 1343 2545 tibi

278 2566 473 2619 dulcior
495 2572 554 2618 et
578 2569 899 2634 elegantior3
937 2573 1016 2620 vel
1041 2571 1256 2623 ironice.

343 2650 404 2696 10
435 2646 619 2696 uvida
634 2648 838 2712 glacies]
876 2650 1094 2700 Mucosa
1114 2650 1279 2701 stiria.

344 2727 403 2772 12
427 2723 659 2786 Qualem]
681 2725 902 2777 Qualem
919 2725 1116 2776 habent
1132 2725 1348 2780 barbam

279 2799 403 2851 hirci
426 2801 676 2864 Cinyphii
699 2816 730 2850 a
763 2802 930 2852 cilice
959 2811 1169 2868 pastore
1194 2806 1349 2857 tonsi.

280 2875 501 2941 &pi-is]
536 2876 672 2926 Acie
694 2876 929 2929 forficum
954 2881 1219 2946 depressa,
1242 2897 1350 2932 ma-

284 2953 462 3003 nubrio
488 2952 709 3005 sublato.
1191 2965 1199 2974 ¹

348 3035 410 3082 13
437 3031 677 3096 Cinyphio
698 3032 894 3096 marito]
933 3033 1113 3099 Hirco‚
1136 3035 1350 3102 viroque

286 3114 540 3174 patreque
572 3109 762 3172 gregis,
802 3111 869 3159 ad
896 3110 1187 3177 Cinyphem
1210 3111 1354 3163 Afri·

286 3198 359 3234 cae
380 3183 433 3237 fl.
458 3191 628 3249 pasto.

363 3265 424 3310 1⁵
480 3261 676 3310 Gallam
717 3261 859 3311 timeo
899 3263 1057 3313 minus
1098 3263 1355 3329 recentem]

291 3335 372 3387 An
394 3337 611 3390 Gallum
634 3336 882 3401 Cybeles,
920 3340 1005 3389 cui
1041 3354 1222 3390 recens
1245 3355 1355 3390 cas-

291 3418 442 3464 trato.
468 3414 701 3478 graviter
735 3416 843 3465 olet
872 3417 1081 3467 anima?
1111 3433 1175 3467 an
1201 3416 1359 3467 Boeti-

292 3507 407 3541 cum
428 3492 572 3540 illum
596 3491 824 3554 Gallum,
843 3493 909 3542 de
933 3498 1036 3558 quo
1060 3494 1244 3558 Epigr.
1275 3497 1356 3543 80.

291 3567 381 3618 lib.
419 3572 471 3617 3.
539 3567 681 3617 Min.
723 3569 847 3632 recu]
894 3568 1081 3633 Nuper
1122 3567 1359 3631 λάξιν-τα.

292 3642 397 3693 Sed
422 3650 479 3693 et
495 3643 613 3693 vide
632 3644 953 3706 Turnebum,
971 3646 1059 3710 qni
1081 3645 1361 3710 significari

297 3726 446 3783 putat
470 3719 660 3770 malum
681 3717 913 3786 odorem,
952 3737 1103 3788 quem
1143 3737 1362 3786 corpore

294 3811 384 3847 sno
399 3797 716 3860 emittebant
734 3799 895 3861 Galli,
914 3800 1131 3849 Romam
1154 3800 1361 3849 venien-

301 3878 400 3932 tes,
431 3882 796 3946 recentesque,
827 3891 984 3940 quum
1011 3876 1361 3941 intemperan-

300 3949 403 4000 tius
430 3951 686 4013 viverent,
708 3958 762 4001 et
794 3952 970 4002 labore
993 3953 1192 4002 itineris
1225 3952 1362 4003 virus

300 4027 717 4093 intemperanti-«e
755 4037 1040 4093 angerent3
1075 4029 1167 4081 lib.
1195 4034 1280 4080 25.
1315 4044 1364 4079 c.

303 4106 393 4154 24.

370 4187 429 4231 18
452 4184 511 4233 In
533 4197 753 4244 mensuit,
769 4184 879 4248 ξω]
897 4185 1025 4234 Tum
1044 4185 1179 4235 enim
1200 4185 1366 4234 minus

260 4272 269 4280 ·
307 4260 404 4308 erit
426 4275 664 4310 mucosus
686 4267 740 4309 et
767 4261 1003 4324 frigidus.

2284 413 2460 486 1297

1394 567 1521 641 muli
1544 551 1790 622 tumulus.
1901 622 1907 628 ,

1460 648 1486 693 1
1536 645 1683 695 Bassi
1717 647 1865 711 dolor,
1897 647 2005 712 ἅμ]
2050 646 2267 700 Parenti
2306 663 2464 700 causa

1393 721 1588 771 doloris
1610 737 1678 772 ex
1702 734 1887 775 morte.

1459 803 1491 848 2
1527 800 1619 848 Cui
1637 815 1810 862 genus,
1831 799 1935 865 qm]
1968 801 2139 851 Natus
2163 802 2216 851 in
2240 803 2381 853 Urbe
2405 808 2465 852 et

1394 874 1462 925 ab
1486 872 1631 926 Urbe
1661 876 1830 927 dictus
1852 877 2096 941 Urbicus,
2135 877 2187 927 id
2224 887 2329 943 est,
2364 879 2470 928 Ro·

1397 968 1632 1081 mama-x
1652 1030 1790 1094 mihi,
1811 1030 1916 1096 ξω]
1950 1030 2211 1081 Triennio.
2235 1036 2350 1080 erat
2373 1030 2469 1082 ita·

1397 1122 1499 1173 que
1522 1106 1723 1157 biennis
1747 1114 1802 1158 et
1825 1109 2110 1160 semestris».
2164 1107 2345 1173 Epigr.
2380 1112 2464 1159 38.

1399 1183 1492 1235 lib'.
1516 1189 1568 1235 6.
1592 1200 1727 1237 vers.
1752 1187 1801 1236 1.

1464 1265 1499 1311 4
1527 1263 1791 1326 Ruperunt,
1808 1261 1914 1326 hu]
1948 1261 2054 1313 Ubi
2078 1262 2200 1312 vitae
2223 1258 2368 1312 filum
2390 1262 2467 1312 in·
2620 1258 2623 1265 '

1403 1337 1643 1389 ciderunt
1666 1341 1870 1390 Parcae.

1466 1419 1497 1464 5
1532 1415 1726 1478 Lingua
1755 1413 1894 1477 mihi,
1923 1415 2031 1479 ξω]
2066 1414 2261 1479 Blaesa,
2293 1414 2473 1466 balbu-

1404 1490 1559 1554 tiens,
1588 1492 1890 1556 parentibus
1912 1500 2082 1554 grata.

1467 1571 1501 1617 6
1519 1569 1599 1617 Da
1614 1566 1871 1632 lacrymas]
1887 1565 2178 1631 Exoptatas
2193 1567 2349 1617 fnisse
2368 1583 2475 1618 mo·

1406 1643 1658 1693 rientibus
1682 1642 2122 1708 lacrymas,docet
2140 1644 2362 1693 Herald.
2379 1643 2474 1693 lib.

1408 1726 1456 1775 1.
1502 1720 1725 1773 Advers.
1747 1737 1865 1786 cap.
1886 1727 1935 1771 ⁰.

1472 1802 1505 1849 7
1541 1796 1625 1848 Sic
1663 1800 1726 1849 ad
1758 1797 2126 1862 Lethaeas,85c.]
2160 1790 2267 1861 Sic,
2302 1803 2361 1847 ut
2382 1795 2479 1848 fles

1409 1882 1464 1927 et
1482 1886 1635 1941 optas
1657 1876 1780 1925 mihi
1806 1877 1967 1927 vitam
2004 1877 2099 1927 tibi
2135 1876 2475 1941 superstitem

1409 1955 1589 2017 fuisse,
1625 1953 1767 2004 vivas
1805 1955 1941 2004 ultra
1974 1968 2134 2003 annos
2173 1955 2480 2005 Nestoreos.

1411 2032 1543 2093 Ve13
1567 2031 1669 2093 Sic,
1687 2036 1745 2080 ut
1768 2045 1850 2080 me
1870 2029 1981 2094 fles,
2002 2030 2140 2080 tilius
2166 2039 2305 2089 tuus,
2326 2046 2478 2097 quem

1411 2109 1509 2159 tibi
1531 2108 1865 2173 superstitem
1883 2115 2113 2173 optares,
2130 2108 2370 2158 Nestoris
2391 2122 2481 2157 an-

1412 2201 1505 2235 nos
1527 2193 1757 2250 superet.

1479 2262 1640 2311 Eme.
1678 2274 1855 2310 xcvu.
1890 2261 2067 2311 Mittit
2097 2261 2285 2312 librum
2310 2260 2482 2312 Caesio

1415 2338 1612 2389 Sabino
1648 2351 1713 2386 ex
1747 2338 1964 2388 Umbria
1998 2337 2237 2403 oriundo,
2271 2345 2326 2389 et
2357 2338 2483 2388 Auli

1417 2415 1674 2466 Pudentis
1707 2415 1987 2479 municipii
2025 2423 2271 2481 quantum
2308 2423 2483 2466 autem

1419 2492 1618 2542 Caesius
1640 2491 1828 2541 amarit
1852 2492 2172 2555 Martialem,
2195 2493 2276 2541 vel
2302 2508 2364 2541 ex
2385 2493 2484 2542 ltoc

1418 2567 1699 2631 intelligas,
1733 2567 1868 2632 quod
1893 2568 2130 2618 omnibus
2158 2569 2380 2633 negotiis
2401 2584 2489 2618 an-

1420 2643 1709 2708 teposuerit
1723 2643 1909 2694 Poetae
1931 2659 2064 2695 nova
2079 2645 2489 2710 Epigrammata,

1421 2729 1479 2773 et
1502 2737 1565 2772 ea
1587 2737 1717 2772 unius
1748 2722 1986 2773 omnibus
2015 2724 2218 2788 legerit.
2252 2724 2485 2773 Raderus.

1490 2806 1513 2850 l
1538 2800 1761 2861 Coest'um,
1775 2800 1951 2864 libelle]
1968 2801 2103 2850 Vide
2113 2801 2340 2865 Baptist.
2361 2802 2490 2850 Fon-

1417 2878 1587 2929 teium
1609 2876 1674 2926 de
1696 2883 1854 2942 gente
1883 2878 2053 2928 Caesia
2073 2893 2191 2943 cap.
2222 2883 2304 2928 20.
2329 2885 2382 2928 et
2403 2882 2491 2927 21.

1426 2954 1546 3004 vide
1570 2960 1625 3003 et
1642 2954 1740 3017 Ep.
1760 2958 1841 3004 69.
1868 2953 1956 3005 lib.
1976 2960 2028 3006 0.
2494 2987 2499 2992 -

1494 3036 1524 3081 3
1548 3031 1663 3081 Auci
1688 3027 1942 3096 Pudentis]
1978 3034 2058 3081 De
2081 3048 2181 3097 quo
2203 3032 2384 3096 Epigr.
2408 3037 2492 3082 32.

1428 3109 1520 3158 lib.
1545 3113 1592 3159 1.
1616 3114 1671 3158 et
1705 3112 1787 3158 49.
1823 3108 1916 3160 lib.
1939 3098 2070 3160 aet
2094 3112 2193 3175 Ep.
2223 3115 2301 3161 is.
2325 3110 2416 3161 ub.
2439 3114 2489 3160 4.

1428 3190 1529 3236 ἄιε.

1492 3269 1525 3312 5
1565 3261 1730 3325 Curae]
1763 3264 2007 3328 Negotia,
2028 3266 2215 3316 studia.

1496 3345 1528 3389 8
1566 3340 1734 3401 Turni,
1762 3340 1871 3405 ξω]
1905 3342 2274 3406 Satyrographi
2299 3357 2363 3391 ex
2390 3342 2493 3390 Au-

1433 3432 1611 3481 runca,
1633 3418 1813 3482 Epigr.
1837 3423 1914 3469 ll.
1950 3419 2039 3469 lib.
2066 3425 2144 3470 ll.
2179 3427 2234 3470 et
2256 3421 2497 3470 Sidonius

1435 3494 1604 3543 Carm.
1629 3498 1678 3543 9.
1702 3494 1926 3544 Rutilius
1951 3497 2001 3546 iu
2024 3496 2303 3548 Itinerario
2327 3508 2382 3548 et
2403 3500 2496 3551 Ju-

1436 3571 1630 3619 venalis
1649 3569 1905 3634 interpres
1928 3580 2097 3635 vetus,
2118 3574 2183 3623 ad
2213 3575 2324 3624 Sat.
2352 3580 2397 3624 l.

1504 3653 1564 3698 13
1601 3650 1698 3698 Uni
1713 3650 1942 3714 mittetis]
1967 3654 2137 3703 Caesio
2156 3653 2367 3702 Sabino.

1502 3726 1659 3775 Eme.
1681 3739 1876 3775 xcvur.
1909 3729 2036 3776 Cum
2063 3730 2198 3777 ultra
2221 3727 2500 3777 facultates

1436 3802 1612 3853 omnia
1630 3803 1706 3852 vis
1729 3793 1921 3853 habere
1940 3804 2082 3853 lauta
2099 3819 2160 3853 ac
2180 3804 2360 3866 nitida,
2377 3803 2502 3853 mul·

1437 3884 1596 3943 taque
1619 3879 1766 3940 emis»,
1788 3878 2013 3942 adigeris
2045 3879 2256 3928 tandem
2281 3885 2502 3943 urgente

1435 3954 1614 4017 inopia
1635 3954 1700 4003 ad
1723 3956 1893 4004 omnia
1910 3955 2196 4006 vendenda.

1509 4031 1665 4080 Eric.
1698 4043 1852 4079 xcix.
1890 4025 2231 4080 Commendat
2265 4030 2501 4095 Crispino

1439 4104 1649 4167 librum,
1677 4120 1896 4170 eumque
1934 4122 1965 4155 a
1997 4107 2235 4171 Crispino
2257 4109 2370 4157 vult
2392 4110 2504 4159 Cae-

1442 4183 1548 4232 sari
1585 4183 1950 4234 commendari.
2018 4186 2288 4249 Crispinus
2329 4194 2503 4237 antem

1442 4262 1523 4332 liic
1570 4267 1683 4310 erat
1730 4261 2025 4326 AEgyptiuS,
2075 4262 2163 4327 qui
2227 4263 2504 4327 plurimum

377 4335 538 4386 Eme.
587 4350 740 4385 xcvi.
794 4339 1019 4402 Elegans
1063 4338 1276 4389 infantis
1320 4340 1393 4389 bi·
1444 4339 1613 4401 gratia
1633 4344 1684 4388 et
1711 4340 1943 4404 potentia
1966 4344 2138 4405 potuit
2169 4340 2305 4404 apud
2331 4337 2510 4390 Domi-

435 4418 608 4482 Delph.
624 4424 671 4467 et
697 4418 808 4467 ναν.
830 4419 957 4469 Clau.

1299 4422 1523 4471 Μανίέαῐ.

2259 4421 2376 4470 4Ν
