2985 4937
779 368 857 416 M.
902 366 1073 415 vsi..
1121 366 1546 419 ΜΑΒΤιΑωε
1596 366 1840 418 urica.
1886 340 2030 414 ms.
2076 368 2128 417 1.

343 507 473 573 puli.-
532 507 732 561 Scrinia
751 515 917 561 nostra
936 508 1127 572 tamt]
1162 511 1326 563 Quasi
1341 509 1416 559 di·

341 590 446 647 cat,
476 586 651 635 tutius
690 587 880 636 lateres
914 587 1081 650 adhuc
1121 588 1170 635 in
1214 588 1417 637 scriniis

339 662 554 724 nostris,
609 677 809 713 memor
849 663 990 712 illius
1040 662 1201 713 edicti
1249 663 1415 712 Hora-

338 739 506 793 tinni:
544 739 561 767 ‘
587 740 898 804 Nonumque
929 748 1195 803 prematur
1236 741 1286 788 in
1327 754 1415 787 an·

337 829 457 864 num
479 833 494 865 ε
539 815 860 866 Membranis
875 817 1015 865 intus
1035 816 1218 879 positis
1237 816 1413 863 delere

334 892 523 943 licebit
562 893 850 946 Quod-non
883 891 1148 954 edideris,'
1179 894 1280 940 &c.
1327 891 1414 940 Li-

336 969 491 1021 brum
523 985 558 1019 e
597 969 801 1019 scriniis
839 970 982 1019 exire
1011 967 1150 1018 foras
1187 966 1412 1037 gestien-

334 1053 439 1096 tem
467 1047 658 1097 timide
683 1047 901 1107 emittit,
919 1047 1056 1111 quod
1076 1052 1333 1106 vereatur,
1346 1038 1413 1093 ne

335 1138 432 1186 pro
471 1122 621 1177 fama
651 1122 930 1186 infamiam,
949 1138 1042 1188 pro
1067 1122 1227 1188 gloria
1255 1121 1414 1171 dede-

333 1215 427 1251 cus
450 1202 663 1253 auctori
689 1217 781 1250 suo
801 1201 1007 1251 domum
1034 1199 1247 1251 referat.

397 1283 428 1329 3
455 1279 717 1343 Domina]
732 1281 748 1307 ‘
767 1281 1114 1331 Romanorum
1135 1292 1304 1328 rerum
1322 1276 1414 1326 do-

332 1357 634 1422 minorum,’
674 1365 734 1409 ut
766 1359 948 1423 Epigr.
986 1359 1256 1408 124.l.14.
1293 1356 1412 1406 Fas·

332 1435 475 1496 tidie,
498 1434 615 1498 esa]
661 1436 909 1487 Censurae
932 1433 1225 1500 judiciique
1262 1440 1411 1485 notas

331 1525 395 1560 ex
417 1512 614 1573 oculis,
637 1511 803 1573 vultu,
824 1518 979 1574 nutu,
995 1510 1296 1574 supercilio,
1313 1525 1413 1561 cae-

325 1587 574 1652 terisque
626 1587 852 1640 motibus
891 1595 1213 1653 perspectas,
1239 1587 1409 1652 ipsum

331 1660 637 1715 fastidium.

392 1745 428 1791 4
464 1740 664 1791 Martia
678 1740 820 1791 turba
841 1739 992 1811 sapit]
1028 1734 1246 1791 Romani
1266 1741 1407 1792 Mar-

332 1824 384 1869 te
411 1818 649 1867 oriundi.

394 1900 425 1943 5
466 1894 706 1957 Majores,
749 1893 858 1959 Fre-J
924 1894 1261 1945 Sonantiores
1296 1910 1408 1945 san-

330 1985 408 2020 noe
429 1980 493 2022 et
518 1971 784 2021 irrisiones
806 1986 1067 2037 nusquam
1096 1979 1222 2024 sunt
1253 1987 1408 2037 quarn

335 2047 540 2099 Romae.
597 2049 697 2101 Est
713 2063 837 2112 ergo
872 2047 1165 2113 ‘ronchus,’
1185 2055 1408 2100 sterten-

336 2125 401 2174 tis
425 2140 620 2175 sonus:
655 2134 712 2174 et
739 2140 834 2190 per
867 2127 1106 2190 Metapli.
1142 2142 1238 2191 pro
1274 2126 1407 2179 deri·

336 2216 460 2253 sore
481 2209 538 2253 et
561 2203 788 2266 superbo
809 2217 1026 2254 censore
1045 2204 1242 2269 accipe.

398 2285 438 2331 6
475 2279 683 2343 Nasum]
733 2282 808 2332 Ut
837 2281 1029 2332 dextra
1064 2281 1211 2344 fidei,
1239 2297 1409 2345 genua

334 2356 734 2419 misericordiae,
781 2357 1114 2422 supercilium
1160 2360 1409 2423 gravitati

332 2442 389 2487 et
409 2434 592 2497 fastui,
611 2437 710 2487 ὅτε.
733 2434 807 2486 ita
840 2450 996 2487 nasus
1022 2436 1249 2489 irrisioni
1274 2437 1411 2489 dica·

284 2529 289 2534 ·
335 2520 443 2576 tus,
464 2528 698 2563 censurae
738 2521 794 2566 et
827 2516 936 2564 acri
970 2514 1192 2579 judicio.
1227 2516 1409 2581 Epigr.

334 2593 388 2639 2.
414 2590 451 2641 1.
474 2593 556 2640 1³.
584 2597 641 2639 et
675 2590 865 2654 passim
886 2592 1023 2655 apud
1048 2598 1278 2644 autores.
1316 2593 1407 2648 Di-

336 2664 414 2715 cit
438 2678 566 2728 ergo
606 2680 794 2730 pueros
833 2666 934 2716 sibi
972 2668 1131 2720 etiam
1159 2668 1249 2731 jus
1287 2683 1407 2720 cen·

335 2741 507 2803 sendi,
526 2740 826 2807 damnandi,
847 2743 1098 2798 irridendi
1122 2747 1302 2802 Romae
1326 2762 1408 2797 su·

343 2833 521 2872 mere:
556 2833 655 2872 nec
678 2820 858 2870 mirum
876 2838 893 2872 z
931 2822 947 2851 ‘
968 2822 1105 2873 Nam
1119 2821 1286 2874 facilis
1304 2825 1407 2875 cui·

340 2895 419 2952 ‚vis
442 2896 597 2960 rigidi
611 2910 832 2947 censura
851 2898 1123 2961 cachinni,'
1157 2906 1215 2950 ut
1244 2901 1407 2966 Juve-

340 2974 439 3024 nal.
456 2974 639 3037 Satyr.
658 2979 738 3026 10.
770 2976 844 3025 Et
867 2975 883 3003 ‘
905 2990 1060 3026 nasus
1091 2977 1404 3029 Rhinocero-

344 3051 426 3100 tis’
465 3050 677 3102 nimiam
711 3051 913 3103 ridendi
950 3054 1306 3119 carpendique
1345 3055 1404 3104 li-

341 3125 568 3180 bidinem
588 3134 644 3176 et
665 3127 929 3180 licentiam
951 3129 1226 3194 significat.
1280 3132 1404 3182 Rai-

340 3205 590 3266 aocerotis,
609 3203 715 3269 ξφ]
764 3205 863 3258 Cui
893 3206 1094 3269 ingens,
1115 3222 1279 3257 cornu
1300 3223 1406 3262 mu·

338 3280 499 3344 nitus,
548 3283 751 3333 validus
806 3297 978 3346 nasus,
1024 3284 1268 3348 Spectac.
1314 3285 1403 3334 lib.

339 3357 480 3422 epig.
505 3363 555 3410 9.

399 3440 430 3485 ‘1
466 3435 674 3500 Sophos]
706 3435 791 3486 Ab
810 3437 1133 3488 auditoribus
1156 3440 1404 3490 acclama·

340 3519 449 3566 turn
472 3514 740 3574 recitanti,
771 3517 951 3577 σοφῶς,
987 3512 1133 3578 θείως,
1168 3514 1406 3579 μεγάλως,

338 3590 353 3617 ‘
368 3589 621 3651 Pulchre,
636 3589 789 3653 bene,
800 3600 945 3641 recte
960 3591 991 3641 l’
1011 3595 1025 3619 ‘
1036 3594 1204 3657 Euge,
1219 3593 1356 3645 belle
1369 3594 1403 3643 !’

337 3670 351 3694 ‘
372 3666 587 3730 Facete,
609 3668 768 3727 laute,
798 3667 997 3733 lepide,
1033 3670 1158 3720 nihil
1195 3667 1355 3735 supra
1373 3670 1404 3720 ξ’

335 3741 576 3792 Sidonius
620 3744 850 3808 Apollin.
888 3746 925 3797 l.
970 3750 1014 3797 l.
1061 3749 1076 3776 ‘
1105 3747 1187 3796 Ad
1216 3749 1406 3814 sophos

335 3820 545 3883 mennas
576 3821 676 3871 stc.
712 3822 728 3851 ‘
753 3821 839 3872 Ob
876 3822 975 3872 hoc
1017 3823 1092 3873 illi
1127 3824 1402 3874 maximum

336 3899 561 3963 sophos,’
575 3902 677 3950 διο.
728 3900 830 3950 Vel
850 3900 866 3928 ‘
882 3901 960 3949 vir
978 3900 1059 3950 hic
1078 3899 1264 3952 doctus
1286 3902 1402 3968 est,'

337 3982 396 4027 nt
420 3975 678 4028 Brodaeus
703 3977 833 4046 vult.
889 3978 1024 4028 Dum
1057 3977 1191 4029 bosia
1213 3977 1402 4044 jactas]
1432 4017 1435 4020 ι

335 4053 583 4103 Scriverii
607 4052 743 4122 basia
765 4053 906 4113 jacta
941 4055 1090 4104 valde
1125 4056 1402 4109 verisimile

338 4137 415 4179 est
438 4146 453 4180 ε
487 4143 609 4180 nam
629 4128 717 4193 qni
735 4129 864 4178 liber
887 4131 1140 4183 recitatus
1161 4132 1400 4187 audierat

338 4219 469 4268 euge
486 4207 648 4269 σοφῶς
662 4223 743 4266 τε,
754 4220 856 4256 non
874 4207 1096 4270 amplius
1114 4208 1259 4259 basia
1276 4225 1406 4275 cap-.

340 4283 511 4334 tubat:
538 4284 652 4348 jam
686 4283 950 4336 habebat:
985 4286 1222 4336 solebant
1260 4289 1396 4356 enini

337 4359 435 4409 ista
488 4360 757 4427 conjungi,
792 4362 1023 4427 plausus,
1073 4364 1398 4424 acclamatio,

2385 351 2560 421 1095

1497 509 1754 560 basiorum
1781 510 1984 575 jactus.
2063 513 2333 563 Praeterea
2375 515 2559 579 optimi

1495 587 1908 648 librijactus-non
1925 594 2103 653 captas.
2159 591 2295 642 Vide
2312 592 2479 656 ipsum
2501 599 2558 643 et

1495 664 1801 718 Gruterum.
1870 665 1981 715 Ista
2027 666 2123 716 tibi
2169 665 2310 717 forte
2355 669 2560 719 contin·

1495 747 1639 801 gent,
1665 741 1951 804 inquit,ubi
1979 743 2316 792 recitaberis:
2353 744 2446 792 sed
2470 759 2559 793 co·

1494 817 1664 880 gitare
1687 816 1847 866 debes
1871 817 1985 868 fieri
2010 834 2181 882 posse,
2198 828 2258 870 ut
2275 821 2434 884 aliqui
2457 822 2556 869 las.-

1495 893 1597 942 civi
1620 900 1677 942 et
1705 893 1839 941 male
1862 891 2059 956 feriati,
2104 895 2225 959 quia
2257 896 2387 946 nihil
2414 895 2556 947 aliud

1490 968 1545 1019 in
1585 977 1852 1033 promptu,
1874 978 1965 1020 aut
1990 980 2047 1020 tu
2072 972 2355 1035 proximus,
2392 977 2446 1021 te
2479 972 2559 1022 lu·

1491 1060 1605 1094 sum
1626 1044 1823 1099 faciant
1841 1055 1897 1097 et
1917 1062 2039 1111 sago
2052 1049 2354 1112 impositum
2371 1049 2426 1099 in
2440 1049 2559 1100 sub·

1488 1123 1611 1173 lime
1632 1125 1921 1175 excutiant.
1961 1126 2115 1175 Gron-
2138 1126 2270 1176 Dum
2285 1126 2560 1191 baimam]

1490 1201 1634 1250 Dum
1659 1209 1843 1265 captas
1867 1202 2288 1266 approbationes,
2310 1217 2435 1267 quas
2470 1216 2561 1253 vc·

1490 1287 1633 1330 teres
1652 1281 1894 1344 amplexu
1908 1288 1964 1330 et
1976 1280 2132 1331 basiis
2149 1281 2556 1332 attestabantur.

1490 1357 1624 1408 Sunt
1650 1357 2301 1423 quilegant,basiajactas.·
2334 1358 2433 1409 hoc
2455 1365 2554 1421 est,

1490 1433 1753 1497 promittis
1799 1434 1896 1484 tibi
1933 1440 1991 1484 et
2027 1434 2293 1498 polliceris
2330 1435 2554 1497 gratiam

1487 1511 1705 1560 lectoris
1737 1518 1792 1559 et
1829 1511 1990 1561 basia.
2058 1506 2284 1563 Quando
2309 1510 2475 1573 audis,
2496 1510 2559 1559 li·

1488 1586 1648 1653 belle,
1669 1589 1846 1650 σοφῶς,
1885 1593 2039 1651 putas
2064 1586 2270 1637 sincere
2294 1586 2555 1637 acclama·

1485 1654 1616 1724 turn,
1660 1670 1718 1712 et
1750 1662 1861 1727 jam
1897 1676 2097 1726 speras,
2135 1662 2237 1711 imo
2278 1668 2463 1726 captas
2498 1667 2556 1712 et

1473 1739 1649 1804 jactas
1671 1739 1849 1800 basia3
1885 1737 1977 1790 sed
2014 1751 2119 1789 non
2153 1737 2401 1801 intelligis
2428 1737 2555 1803 elpo-

1480 1833 1566 1866 νας
1589 1823 1644 1867 et
1672 1831 1822 1867 nasos
1851 1817 2131 1866 Romanos.
2182 1812 2366 1864 Rader.
2621 1872 2628 1891 Ι

1547 1897 1580 1942 8
1616 1892 1721 1945 Ibis
1739 1893 1798 1942 ab
1816 1907 2027 1954 excusso,
2045 1889 2153 1956 afa]
2186 1889 2467 1954 Excipient
2498 1896 2574 1943 ter

1483 1968 1694 2033 quidem
1718 1969 1936 2032 gremio,
1958 1968 2047 2016 sed
2069 1968 2129 2016 ut
2153 1972 2208 2016 te
2229 1980 2355 2030 sago
2367 1967 2422 2016 in
2434 1965 2554 2016 sub-

1482 2047 1605 2096 lime
1620 2047 1829 2111 jactent
1852 2059 1947 2109 per
1968 2044 2245 2095 ludibrium
2280 2051 2342 2096 εῐ
2370 2059 2554 2109 proca·

1483 2123 1722 2186 citatem,
1761 2130 1820 2173 ut
1860 2124 2026 2173 solent
2069 2137 2224 2172 canes
2263 2122 2551 2185 excipere:

1483 2201 1622 2267 quod
1669 2201 1734 2252 ab
1790 2201 2001 2252 Othone
2036 2198 2340 2251 factitatum
2385 2195 2554 2248 refert
2581 2255 2583 2258 y

1481 2279 1697 2329 Suetou.
1740 2293 1788 2330 c.
1832 2283 1879 2328 2.
1918 2277 2088 2328 Gall.'
2114 2277 2326 2327 Ber-ner.
2383 2273 2546 2338 Angl.

1483 2360 1583 2405 loss
1612 2355 1666 2404 iu
1705 2371 1737 2405 α
1773 2355 1985 2405 blanket.
2010 2353 2149 2420 quod
2178 2352 2385 2404 Graecis
2427 2361 2552 2402 σαλ-

1479 2429 1569 2493 pbr
1630 2431 1842 2495 dicitur,
1890 2431 2093 2484 Latinis
2133 2432 2149 2458 ‘
2175 2428 2429 2493 Sagatios’
2482 2444 2550 2481 ex

1484 2508 1808 2573 probratque
1861 2509 1937 2557 illi
1992 2505 2148 2558 samse
2184 2506 2549 2570 cupiditatem,

1482 2587 1572 2652 qui
1598 2586 1665 2636 ad
1686 2593 1827 2637 astra
1844 2586 1958 2638 tolli
1983 2585 2141 2645 velit;
2164 2584 2248 2653 vel
2265 2582 2330 2632 ad
2357 2582 2550 2634 Rhino-

1481 2664 1676 2714 cerotis
1714 2678 1897 2713 nasum
1935 2660 2175 2734 respicit,
2216 2674 2320 2725 quo
2370 2674 2547 2712 ursum

1482 2755 1577 2790 seu
1610 2754 1760 2789 urum
1797 2739 1851 2790 in
1875 2745 2019 2789 astra
2044 2738 2181 2788 tulit.
2219 2735 2337 2787 Lib.
2361 2736 2548 2800 Spect-

1481 2831 1568 2881 ep.
1590 2820 1674 2867 22.

1544 2897 1577 2941 9
1610 2891 1829 2955 Domini,
1879 2889 1988 2956 ilfa]
2021 2888 2364 2942 Emendantis
2387 2895 2444 2940 et
2480 2888 2547 2940 ad

1479 2969 1654 3020 limam
1677 2968 1995 3019 revocantis.
2033 2964 2038 2971 ’

1547 3052 1610 3097 10
1634 3045 1833 3110 Tristis]
1865 3050 2077 3110 Severa,
2098 3047 2353 3100 censoria.
2383 3046 2549 3106 Arun-

1477 3125 1557 3188 do,
1578 3122 1686 3186 ξω]
1727 3119 1970 3172 Calamus
1993 3122 2317 3187 scriptorius.
2355 3137 2441 3188 ep.
2462 3126 2545 3173 88.

1477 3199 1515 3250 1.
1535 3203 1614 3250 14.

1545 3282 1604 3328 11
1642 3276 1909 3340 AEtloersas,
1939 3274 2044 3339 ξω]
2085 3274 2308 3328 Prodire
2340 3276 2394 3326 in
2437 3278 2545 3328 vul·

1479 3370 1574 3419 gus
1585 3353 1766 3418 gestis,
1783 3352 2084 3417 rersarique
2098 3352 2149 3400 in
2163 3351 2423 3404 hominum
2441 3368 2551 3406 ma-

1478 3446 1568 3494 nu,
1586 3431 1689 3480 imo
1699 3429 1995 3494 jactaberis
2026 3429 2080 3479 in
2105 3437 2267 3491 astra,
2288 3437 2349 3480 ut
2383 3445 2545 3495 supra

1478 3523 1614 3559 vers.
1634 3511 1685 3556 8.

1549 3588 1610 3634 12
1636 3582 1853 3647 I,fuge,·
1879 3583 1978 3647 sed,
1999 3582 2104 3647 clm]
2131 3584 2390 3648 Epitrope
2411 3585 2531 3635 Sar-

1478 3660 1697 3713 castica.
2053 3699 2056 3700 γ

1544 3742 1710 3791 Eric.
1735 3753 1790 3789 v.
1827 3743 1852 3788 l
1881 3737 2178 3801 Contigeris]
2214 3740 2447 3804 Excusat
2458 3741 2542 3805 jo-

1478 3834 1568 3871 cos
1598 3827 1653 3870 et
1675 3817 1941 3869 lasciviam
1984 3817 2435 3881 Epigrammatum
2471 3821 2541 3874 ab

1478 3897 1720 3960 exemplo
1736 3893 1968 3945 licentiae
1986 3894 2224 3944 militaris
2245 3904 2303 3946 et
2322 3897 2542 3950 mimicis

1474 3975 1729 4039 gestibus.

1543 4056 1575 4104 2
1602 4052 1857 4103 Terrarum
1869 4047 2191 4113 supercilium]
2205 4049 2413 4115 Sepone
2426 4054 2542 4104 Cae·
2645 4069 2649 4084 ·

1475 4142 1678 4182 zaream
1732 4127 2083 4191 majestatem,
2141 4127 2540 4191 Irnperatoriam

1476 4206 1809 4271 gravitatem,
1843 4203 2180 4254 severitatem
2224 4204 2545 4271 Censorium,

1473 4283 1595 4333 vide
1619 4295 1754 4332 vers.
1778 4284 1825 4330 6.
1851 4294 2011 4345 supra
2033 4281 2198 4345 epigr.
2218 4285 2268 4332 4.
2321 4284 2411 4335 Sic
2450 4303 2541 4348 χο-

1471 4364 1565 4427 λᾷν
1584 4359 1673 4411 τὰς
1689 4358 1828 4424 ὀφρῦς
1845 4359 2116 4423 eleganter
2138 4358 2315 4410 Graeci
2337 4359 2538 4414 dicunt.
