2985 4937
690 441 765 491 M.
812 441 981 489 VAL.
1030 438 1451 489 MARTIAMS
1500 438 1746 489 EPIGR.
1796 439 2096 488 L113.1x.

304 583 624 638 Domitianus
664 601 853 653 pueros
894 588 1030 638 intra
1073 580 1350 651 septimum
1387 579 1390 591 '

302 679 478 715 annum
504 665 771 729 prostitui,
801 671 858 716 et
883 663 1163 715 Scatiniam
1202 677 1348 714 revo-

296 742 444 793 cavit.
490 743 639 792 Suet.
664 743 817 792 Dom.
839 757 959 806 cap.
978 747 1026 792 8.

352 823 383 868 7
414 818 662 868 Succurrit
696 817 906 882 ephebis]
941 819 1024 868 Ne
1061 824 1350 869 castraren-

298 900 393 945 tur.
426 896 592 959 Supra
613 895 794 959 Epigr.
814 899 864 946 7.
887 909 1022 947 vers.
1045 899 1096 946 ³.
1114 902 1170 946 et
1190 896 1281 947 lib.
1298 899 1348 948 6.

293 972 463 1037 Epigr.
483 976 534 1024 2.
561 985 696 1022 vers.
718 975 771 1021 8.

352 1049 509 1099 Eme.
533 1062 592 1100 x·
630 1047 938 1111 Bithynicus
955 1046 1231 1113 quotannis
1249 1048 1351 1098 Fa-

292 1121 372 1174 bio
395 1140 484 1175 sex
522 1125 683 1175 millia
723 1124 831 1176 HS.
870 1125 1109 1184 donavit,
1150 1132 1209 1176 ut
1233 1131 1347 1175 tan-

292 1199 401 1251 dem
423 1203 591 1252 haeres
605 1201 926 1253 scriberetur
948 1216 981 1250 a
995 1201 1176 1251 Fabio.
1240 1201 1347 1255 Sed

292 1278 474 1328 Fabius
508 1286 680 1329 artem
714 1277 966 1344 captandi
1011 1285 1215 1342 notans,
1256 1279 1349 1329 illa

289 1368 405 1404 sena
425 1356 586 1405 millia
609 1356 952 1420 consumpsit,
986 1362 1043 1405 et
1066 1355 1346 1421 Bithynico

286 1432 499 1482 moriens
523 1433 598 1482 uil
621 1432 833 1496 legavit.
902 1432 1228 1483 Querentem
1258 1431 1348 1482 Bi·

286 1507 540 1572 thynicum
554 1508 755 1559 solatur
763 1507 931 1559 Poeta
945 1508 1211 1559 irridendo
1224 1523 1347 1574 cap-

285 1592 519 1639 tatorem.
588 1588 731 1652 Noli,
766 1587 953 1654 inquit,
985 1589 1134 1654 queri
1155 1588 1253 1639 tibi
1274 1590 1347 1640 nil

285 1662 503 1727 legatum
524 1680 540 1716 z
572 1664 847 1730 quotannis
867 1663 1009 1714 euim
1030 1665 1127 1715 tibi
1148 1666 1348 1729 legavit

284 1755 371 1791 sex
407 1743 590 1806 millia,
628 1756 746 1807 quae
784 1742 989 1793 solebas
1023 1750 1180 1793 antea
1218 1743 1345 1795 dare

283 1818 458 1883 Fabio,
478 1826 536 1870 et
558 1819 785 1884 postbec
807 1834 908 1869 uon
932 1819 1097 1870 dabis.
1129 1821 1257 1871 Rud-

341 1900 369 1946 1
406 1898 515 1948 Tibi
551 1898 733 1960 legavit
779 1896 980 1961 Fabius,
1012 1896 1119 1961 ξω]
1172 1899 1343 1951 Quem

279 1974 647 2039 haeredlpetam
667 1980 893 2024 notarat.

339 2055 371 2102 4
400 2053 599 2116 Annua,
641 2051 747 2116 ξω]
799 2050 917 2101 Tibi
963 2051 1074 2116 jam
1131 2061 1343 2105 manent

281 2132 426 2180 6000.
459 2130 577 2182 Hs,
615 2144 731 2195 quae
756 2128 920 2179 Fabio
944 2130 1064 2178 vivo
1099 2129 1341 2182 conferre

280 2220 441 2257 annua
458 2206 684 2269 solebas,
704 2214 764 2256 ut
786 2206 951 2256 haeres
974 2205 1292 2259 scribet-eris.

340 2284 500 2337 Eme.
527 2297 610 2334 xr.
642 2282 916 2333 Parasitus
940 2283 1229 2333 instruatur
1249 2297 1340 2334 ne-

280 2374 419 2410 cesse
452 2368 537 2411 est
578 2366 769 2411 octava
804 2365 918 2410 arte
956 2359 1203 2423 ingenua,
1243 2360 1342 2412 hoc

279 2443 373 2500 est,
412 2436 744 2489 Adulatoria.
813 2436 1039 2488 Gulosus
1082 2438 1343 2503 coenipeta

277 2514 514 2580 loquatur
537 2515 823 2580 placentia,
844 2521 904 2564 ut
929 2514 1018 2579 qui
1037 2514 1342 2566 libertatem

279 2589 496 2656 dapibus
541 2591 856 2642 vendiderit.
944 2591 1212 2656 Epigram.
1255 2596 1338 2643 5³.

277 2666 361 2717 lib.
384 2671 433 2717 2.
467 2668 652 2718 Liberi
672 2668 811 2718 euim
843 2666 1007 2718 libere
1033 2668 1101 2718 de
1123 2669 1340 2719 aliorum

276 2744 408 2795 vitiis
429 2747 730 2811 loquuntur,
757 2745 951 2794 nemini
971 2744 1338 2795 blandiuntur:

274 2820 387 2872 binc
410 2838 440 2872 a
462 2822 672 2872 nemine
695 2821 1010 2872 invitantur:
1046 2822 1211 2885 gulosi
1239 2821 1340 2874 uisi

276 2898 550 2950 adulentur
570 2905 625 2947 et
645 2899 857 2948 riserint
879 2911 996 2948 cum
1026 2898 1340 2964 ridentibus,

270 2987 365 3023 non
389 2981 664 3026 vocantur.
697 2975 946 3024 Raderw

239 3116 243 3120 .
338 3052 499 3103 Erro.
537 3064 642 3102 ιιι.
699 3052 779 3101 De
813 3051 995 3100 Eurino
1046 3051 1340 3120 Domitiani]

273 3125 443 3178 Puero
464 3126 781 3179 Domitiani.

333 3206 494 3256 Ludit
511 3206 565 3255 iu
597 3199 806 3254 nomine
830 3204 1030 3268 Earini,
1050 3205 1336 3257 Domitiani

276 3280 543 3333 Eunuchi:
599 3289 657 3333 et
695 3295 882 3333 nomen
927 3280 1137 3345 quidem
1181 3283 1334 3335 dulce

274 3370 398 3422 esse,
418 3358 558 3425 quod
576 3374 607 3408 a
626 3372 746 3408 vere
761 3359 831 3407 sit
847 3357 1151 3410 deductum.
1183 3360 1335 3411 Grae·

273 3435 342 3484 cis
362 3436 500 3486 euim
526 3433 609 3499 ἔαρ
641 3436 657 3464 ‘
676 3448 769 3485 ver
785 3434 800 3457 '
819 3441 999 3484 sonat:
1035 3435 1128 3485 sed
1151 3443 1335 3486 contu·

275 3513 495 3563 macibus
512 3511 725 3577 syllabis
738 3518 996 3577 constare,
1008 3512 1336 3578 syllabasque

274 3601 581 3653 repugnare.

336 3670 362 3715 1
389 3668 590 3730 Nomen,
601 3666 708 3730 ξω]
739 3663 958 3731 Ἐορινὸς,
977 3680 1188 3728 vernus,
1212 3666 1335 3718 viri·

274 3741 368 3804 dis,
388 3744 452 3794 ab
487 3742 571 3808 ἔαρ
607 3758 717 3807 ver,
750 3743 888 3810 quod
923 3741 1137 3795 floribus
1173 3744 1333 3794 abun-

276 3818 383 3868 dat.

336 3901 366 3945 2
413 3898 544 3948 Pars
578 3899 757 3963 optima
785 3898 925 3964 unni]
978 3899 1105 3949 Ver.
1143 3898 1336 3949 Omnia

276 3977 396 4025 tunc
410 3972 622 4027 florent.

335 4054 365 4099 3
400 4052 612 4117 Hyblam
636 4054 758 4117 quod
777 4051 930 4117 sopit]
980 4053 1094 4102 Mel
1117 4066 1182 4102 ex
1220 4052 1332 4116 Hy·

277 4123 361 4176 bla
381 4128 576 4179 Siciliae
601 4137 793 4180 monte.
859 4130 1138 4193 Atticosque
1156 4128 1333 4194 flores]

277 4200 473 4265 Apibus
496 4205 740 4271 depastos
775 4206 831 4256 in
870 4207 1127 4271 Hymetto
1159 4213 1333 4259 monte

275 4276 484 4332 Atticae.

2319 425 2491 493 1327

1490 588 1524 635 4
1560 584 1735 648 Nidos,
1755 584 1863 649 ξω]
1897 585 2176 636 Phoenicis.
2205 585 2387 652 Epigr.
2402 592 2491 639 66.

1427 660 1521 711 lib.
1545 666 1597 711 6.
1621 676 1750 711 vers.
1774 664 1821 712 2.

1489 743 1524 788 6
1560 738 1754 803 Cybeles
1782 740 1924 805 puer]
1984 738 2140 804 Atys.
2186 740 2370 806 Epigr.
2405 745 2492 791 86.

1423 813 1464 864 1.
1485 818 1539 865 2.

1487 896 1522 941 7
1560 892 1657 950 Qui
1673 895 1857 958 poeula,
1881 893 1989 958 ξω]
2023 893 2375 958 Ganymedes,
2396 894 2493 946 Jo-

1425 968 1503 1019 vis
1525 970 1821 1033 pocillator.

1488 1048 1522 1094 8
1564 1046 1851 1109 Parrhasia,
1887 1048 1993 1112 ξω]
2049 1047 2311 1099 Palatina.
2363 1050 2490 1113 Epi-

1424 1136 1587 1186 gram.
1608 1128 1691 1174 55.
1721 1124 1812 1174 lib.
1838 1128 1885 1175 7.
1908 1139 2051 1175 νοτε.
2067 1128 2119 1174 2.
2185 1124 2357 1189 Senes]
2392 1127 2492 1176 Lo·

1425 1214 1617 1265 quarrs.

1484 1281 1519 1326 9
1553 1277 1873 1341 Respondent,
1907 1276 2017 1341 ξω]
2065 1278 2253 1328 Omnis
2291 1280 2482 1344 gratia,
2566 1340 2571 1345 Q

1419 1363 1687 1417 venustas,
1726 1356 2009 1419 elegantia,
2044 1363 2102 1406 et
2141 1356 2372 1409 suavitas
2407 1372 2489 1408 re-

1419 1431 1704 1496 spondent,
1723 1439 1779 1483 et
1802 1433 1977 1484 insunt
1999 1434 2084 1484 ori
2107 1439 2235 1488 tuo..

1484 1513 1549 1559 11
1583 1510 1694 1560 Non
1706 1512 1820 1559 rudi
1833 1510 2064 1573 volebam]
2095 1512 2264 1563 Versu
2281 1512 2488 1577 elegan-

1419 1584 1483 1649 ti,
1509 1588 1671 1637 tereti·
1686 1594 1742 1637 et
1762 1588 2001 1638 rotundo.

1487 1666 1551 1712 12
1589 1663 1662 1713 Tu
1693 1654 1892 1728 ιῃῑιοὸο,
1932 1665 2037 1728 ξω]
2093 1665 2272 1724 Prima
2316 1666 2488 1717 brevis

1419 1752 1540 1788 cum
1576 1738 1786 1805 reliquis
1811 1740 2021 1804 paribus
2054 1739 2237 1804 officit,
2273 1758 2375 1807 quo
2396 1745 2489 1803 mi·¹

1417 1828 1516 1865 nus
1567 1830 1721 1866 versu
1770 1817 1997 1881 eleganti
2041 1816 2263 1869 dicatur.
2343 1819 2484 1870 Hinc

1419 1893 1435 1920 ‘
1458 1894 1799 1956 Equotutium
1815 1893 1830 1916 '
1854 1894 2124 1958 Horatius,
2157 1897 2174 1924 ‘
2190 1896 2484 1960 Sigillaria'

1418 1968 1653 2020 Lucilius
1671 1970 2032 2021 circumlocuti
2047 1980 2184 2035 sunt,
2205 1985 2299 2021 seu
2311 1973 2486 2036 potius

1415 2046 1751 2111 conjicienda
1771 2046 1986 2110 dedere,
2009 2048 2026 2076 ‘
2043 2049 2176 2100 Qum
2193 2062 2346 2099 versu
2362 2050 2486 2101 hex-

1417 2130 1618 2172 ametro
1640 2138 1742 2173 nou
1766 2124 1920 2188 plane
1942 2123 2117 2174 dicere
2140 2124 2339 2189 possis?

1482 2203 1546 2248 13
1583 2201 1789 2263 Dicunt,
1814 2199 1921 2264 ξω]
1951 2200 2056 2249 '’2ae
2077 2199 2260 2250 ἄνθεσιν
2279 2198 2485 2265 εἰαρινοῖ-

1415 2289 1511 2325 σιν.
1547 2276 1764 2327 Homer.
1786 2277 1852 2327 ll.
1874 2284 1930 2328 B.

1481 2355 1544 2401 14
1579 2352 1677 2402 Sed
1702 2353 1886 2417 Greci,
1923 2353 2029 2418 ξω]
2080 2354 2297 2407 Homer.
2338 2356 2404 2407 11.
2429 2364 2485 2411 E.

1401 2424 1544 2493 Ἆρες
1565 2426 1671 2494 &pes
1697 2427 1999 2495 βροτολοιγὲ,
2035 2429 2262 2494 μιαιφόνε,
2283 2448 2484 2495 τειχεσι-
2519 2418 2523 2423 ’

1413 2508 1609 2565 πλὴτ-αι
1646 2507 1733 2556 ubi
1754 2507 1920 2571 prima
1961 2508 2015 2557 in
2043 2506 2182 2571 'Apes
2203 2512 2484 2560 communi·

1418 2591 1501 2634 ter
1535 2590 1832 2647 usurpatur,
1868 2584 1961 2633 sed
1998 2585 2198 2635 variato
2242 2595 2481 2639 accentu.

1415 2660 1557 2710 Hinc
1596 2667 1650 2710 et
1674 2660 1901 2709 Lucilius
1935 2660 2081 2719 lusit,
2113 2663 2273 2713 Arx-:c
2321 2665 2480 2715 APEC

1415 2736 1592 2788 Graeci
1615 2744 1675 2787 ut
1696 2736 1914 2789 faciunt.

1480 2820 1545 2866 16
1579 2815 1731 2865 Nobis
1770 2831 1881 2879 non,
1917 2815 2028 2881 ξω]
2077 2816 2242 2867 Nobis
2281 2819 2482 2869 Latinis

1413 2890 1585 2957 poetis
1601 2906 1703 2941 non
1719 2891 2039 2955 permittitur
2053 2890 2232 2942 eadem
2251 2894 2482 2945 licentia.

1478 2971 2483 3037 Eme.1111.1’On·6pwos]1dest,Au,

1411 3050 1674 3100 tumnalis.

1473 3130 1508 3176 2
1540 3125 1826 3192 Χειμέρινος]
1858 3126 1925 3176 Id
1941 3133 2042 3192 est,
2066 3126 2353 3179 Hiberuus.

1475 3208 1507 3253 3
1540 3202 1749 3268 Θέρινος]
1779 3204 1846 3253 Id
1868 3210 1973 3269 est,
1985 3164 2231 3256 Eistivus.

1473 3284 1508 3329 4
1549 3280 1726 3345 Verisa]
1757 3279 1978 3345 Ἐαρινὸς,
2001 3281 2054 3330 id
2071 3289 2172 3344 est,
2188 3282 2413 3333 Vernus.

1474 3358 1639 3407 Eme.
1663 3370 1781 3407 xiv.
1805 3362 1831 3407 1
1876 3357 2047 3407 Teucri
2065 3356 2204 3420 aaut]
2239 3358 2412 3408 Veris.
2434 3358 2436 3361 ’

1474 3437 1509 3483 2
1541 3436 1716 3498 Breve,
1732 3432 1838 3496 ξω]
1888 3435 2069 3484 Flores
2099 3448 2304 3499 vernos,
2344 3436 2481 3485 veris

1409 3510 1636 3561 bonores
1660 3512 1716 3563 in
1739 3509 2016 3573 Hymetto.

1475 3594 1506 3640 3
1543 3589 1767 3640 Acidalia
1798 3591 2037 3639 arundine
2064 3589 2233 3655 pingi]
2288 3588 2477 3640 Cnidio

1408 3666 1638 3716 calamo:
1673 3680 1740 3716 an
1756 3665 2008 3716 columbae
2025 3680 2216 3731 penna,
2234 3679 2351 3729 quae
2372 3666 2478 3715 Ve-

1407 3743 1549 3792 neris
1574 3741 1716 3792 avis?
1749 3740 1835 3791 An
1860 3755 2034 3806 penna
2054 3756 2145 3790 seu
2159 3741 2351 3804 sagitta
2374 3740 2477 3793 Cu-

1408 3820 1623 3884 pidinis,
1648 3818 1873 3869 Veneris
1889 3816 2020 3865 filii?
2056 3816 2192 3866 Vide
2216 3815 2369 3880 Epig.
2393 3821 2476 3867 18.

1406 3897 1444 3947 1.
1467 3902 1518 3949 6.
1542 3912 1674 3947 vers.
1697 3902 1747 3945 5.

1471 3978 1506 4022 4
1544 3971 1918 4037 Cymaeam]
1950 3972 2070 4023 Qua
2088 3972 2266 4021 Venus
2283 3986 2477 4034 praeses

1408 4049 1548 4099 veris
1568 4050 1742 4113 pingit
1763 4049 1931 4097 varios
1945 4046 2118 4098 flores.

1474 4131 1505 4174 5
1541 4126 1750 4188 Nomen,
1781 4123 2076 4189 Eaeythroeis]
2123 4125 2327 4178 Nomen
2362 4125 2475 4191 dig.

1408 4219 1552 4268 num,
1594 4204 1735 4269 quod
1776 4211 1927 4254 notet
1969 4204 2151 4254 littera
2192 4203 2338 4264 facta
2380 4218 2473 4255 seu

1412 4282 1632 4348 scripta,
1670 4282 1960 4347 Erythraeis
1996 4282 2218 4352 lapillis3
2272 4281 2328 4334 id
2371 4289 2473 4343 est,
