2985 4937
499 427 672 494 1300

567 593 600 638 2
635 584 867 652 Suscipit]
909 584 1057 636 Reus
1078 585 1185 636 voti
1216 598 1312 650 pro
1334 586 1567 650 Impera·

504 666 631 717 toris
655 666 821 715 salute
854 663 920 713 de
949 677 1082 713 anno
1117 664 1385 728 praeterito
1413 662 1569 712 solvit

503 749 644 805 vota,
665 750 719 792 et
737 755 872 790 nova
888 748 1006 791 vota
1025 749 1290 805 nuncupat
1310 741 1362 789 in
1376 753 1566 789 annum

502 820 810 883 proximum,
847 832 963 882 qnae
1011 815 1206 881 oppido
1245 816 1443 867 fiebant
1484 830 1565 864 re-

499 896 696 946 deunte
741 893 1043 944 Domitiano
1082 907 1258 943 mense
1297 891 1567 945 Jannario.

502 971 841 1023 Commodum
874 970 1122 1022 ,Ianuario
1154 985 1328 1021 mense
1361 970 1567 1023 redibat

502 1050 854 1109 Domitianus,
893 1062 995 1113 quo
1037 1062 1135 1112 pro
1181 1046 1564 1112 Imperatorum

500 1116 671 1177 sahlte
694 1131 817 1175 vota
829 1123 1186 1188 suscipiebant
1200 1130 1255 1172 et
1277 1123 1565 1173 solvebant.

498 1202 869 1268 Suscipiebant
906 1202 961 1251 in
1016 1201 1302 1266 proximum
1343 1214 1562 1262 annum3

497 1280 770 1332 solvebant
787 1278 945 1343 priori
967 1292 1103 1326 anno
1124 1284 1383 1340 suscepta.
1430 1276 1566 1326 Vide

498 1356 638 1408 Plin.
674 1355 841 1420 Epist.
874 1358 957 1405 44.
993 1355 1028 1404 l.
1066 1359 1144 1404 10.
1179 1354 1243 1403 ad
1271 1353 1563 1418 Trajanum.

500 1433 676 1497 Coepit
726 1439 896 1482 antem
945 1445 1054 1481 mos
1109 1430 1423 1495 temporibus
1456 1430 1565 1482 Jul.

500 1509 742 1570 Caesads,
784 1511 868 1559 cui
912 1509 1049 1558 inter
1086 1516 1303 1558 coeteros
1342 1508 1565 1557 honores

496 1586 583 1637 hic
608 1598 814 1651 quoqne
846 1585 1110 1648 decretus,
1147 1592 1206 1634 ut
1234 1591 1356 1634 vota
1378 1599 1474 1647 pro
1499 1599 1564 1634 eo

498 1663 775 1730 quotannis
797 1663 1223 1725 conciperentur.
1258 1659 1408 1710 Unde
1422 1659 1563 1710 idem

494 1741 657 1791 honos
695 1740 906 1791 caeteris
946 1736 1352 1803 Imperatoribns
1381 1744 1564 1801 postea

494 1814 724 1866 habitus.
788 1814 1243 1878 Nuncupabantur
1261 1821 1382 1863 vota
1404 1813 1508 1863 ista
1530 1829 1562 1863 a

496 1891 897 1956 magistratibus
926 1898 982 1940 et
997 1889 1369 1940 Sacerdotibus
1386 1890 1565 1954 praeci-

495 1987 617 2037 pue.
687 1969 1038 2021 Celebrabsnt
1062 1983 1264 2034 quoquc
1295 1969 1430 2018 diem
1452 1983 1561 2018 sus-

497 2048 644 2113 cepti
662 2046 953 2112 imperii,et
971 2059 1066 2110 pro
1088 2045 1413 2110 Imperatore
1436 2051 1561 2096 vota

495 2124 870 2189 suscipiebant.
910 2123 1091 2187 Neque
1112 2137 1205 2186 pro
1224 2122 1562 2186 Imperatori-

494 2200 593 2250 bus
618 2207 841 2260 tantum,
871 2198 961 2249 sed
987 2205 1043 2249 et
1067 2212 1162 2262 pro
1180 2212 1357 2248 eorum
1381 2198 1560 2249 liberis

498 2284 555 2328 et
577 2277 749 2326 charis
763 2281 885 2337 vota
908 2273 1208 2338 signabant.
1228 2273 1434 2325 Herald.
1487 2276 1558 2324 Et

491 2353 656 2419 solvit]
689 2354 785 2403 Est
804 2353 962 2417 igitur
983 2351 1090 2400 voti
1113 2364 1250 2400 reus.
1285 2350 1421 2401 Vide
1437 2352 1558 2402 Ma-

492 2429 638 2481 crob.
660 2429 697 2479 l.
718 2432 767 2480 ³.
791 2429 999 2479 Saturn.
1021 2442 1141 2493 cap.
1162 2433 1210 2479 5.

558 2513 589 2557 ³
628 2507 925 2570 Germanice,
959 2506 1068 2569 syc]
1113 2505 1293 2571 Epigr.
1312 2510 1363 2556 2.
1386 2506 1480 2558 lib.
1503 2512 1563 2558 5.

491 2598 629 2636 vers.
648 2579 700 2634 ⁷.
955 2633 962 2646 ,

552 2668 583 2714 4
620 2664 725 2728 Ipsi
746 2663 867 2728 Dei]
892 2661 937 2714 A
959 2670 1010 2713 te
1033 2664 1180 2727 culti,
1197 2664 1555 2727 servati,tem-

489 2741 591 2805 plis
611 2741 823 2802 donati3
859 2742 959 2806 Ep.
989 2746 1037 2790 1.
1077 2741 1162 2791 lib.
1185 2746 1233 2791 5.
1273 2754 1404 2791 vers.
1425 2745 1475 2792 8.
1499 2749 1556 2791 et

490 2820 592 2882 Ep.
608 2823 658 2870 4.
682 2817 772 2867 lib.
789 2823 839 2869 θ.

555 2896 715 2946 Eme.
760 2908 811 2942 v.
889 2898 920 2944 2
976 2894 1183 2954 Desisti,
1229 2894 1414 2956 Macer,
1451 2896 1557 2961 qa]

488 2972 731 3028 Privatus
777 2985 832 3020 es
877 2971 1109 3037 equestri
1153 2972 1432 3036 dignitate,
1467 2972 1553 3022 cui

486 3048 691 3111 insigne
752 3054 806 3097 et
854 3048 945 3113 jus
995 3048 1317 3098 annulorum.
1383 3050 1400 3076 ‘
1422 3048 1555 3098 Post

484 3133 675 3175 cuncta
697 3125 1003 3174 novissimus
1019 3124 1132 3173 exit
1150 3123 1385 3173 Annnlus
1402 3122 1436 3174 ε’
1459 3124 1492 3175 J
1499 3139 1552 3173 u·

485 3203 656 3252 venal.
680 3203 855 3266 Satyr.
879 3206 962 3252 11.
987 3215 1122 3251 vers.
1143 3205 1227 3251 43.

552 3282 717 3331 Eme.
744 3294 821 3332 vr.
885 3282 966 3331 Ex
986 3295 1117 3331 vana
1134 3282 1287 3333 Eucti
1311 3297 1550 3334 vasorum

484 3357 857 3419 ostentatione,
890 3364 1072 3421 captat
1099 3360 1421 3409 occasionem
1443 3361 1551 3410 lau·

483 3432 643 3482 dandi
670 3433 854 3497 pocula
873 3434 1059 3499 priscis
1080 3436 1380 3487 celebrata:
1421 3438 1550 3487 Lao-

482 3509 667 3560 medon
676 3510 759 3574 tis,
776 3511 976 3575 Rboeci,
1001 3513 1258 3574 Nestoris,
1274 3518 1374 3565 ὅτε.
1415 3515 1550 3565 Euc-

482 3591 593 3637 tum
633 3601 758 3636 vero
801 3588 875 3637 ait
917 3589 1107 3639 habere
1142 3590 1340 3654 antiqui
1374 3592 1550 3655 operis

480 3665 688 3727 pocula,
709 3665 802 3714 sed
821 3667 1055 3715 recentia
1076 3666 1213 3716 vina.
1249 3667 1377 3718 Rad.

546 3744 570 3788 1
607 3739 916 3805 Archetypis,
928 3742 1037 3806 ξω]
1062 3743 1270 3792 Pocnlis
1288 3744 1546 3808 primoge-

479 3816 598 3877 niis,
619 3818 973 3881 originalibus,
1000 3827 1056 3867 et
1072 3834 1189 3884 quae
1214 3819 1281 3868 ab
1303 3820 1432 3883 ipsis
1456 3820 1547 3869 do-

477 3894 629 3949 minis
649 3910 742 3959 per
759 3897 1145 3946 totseculorum
1175 3898 1334 3946 series
1352 3897 1545 3947 habere

478 3984 535 4020 se
545 3972 735 4033 jactat.
761 3973 988 4022 'Odiosius
1006 3971 1174 4035 Eucti]
1193 3972 1419 4037 Propter
1428 3988 1543 4038 gar-

475 4048 638 4095 rulam
649 4048 983 4111 jactantiam,
1017 4048 1317 4098 mendacem
1343 4050 1544 4100 vanita-

479 4132 604 4186 tem,
618 4127 871 4175 vilitatem
885 4128 998 4175 novi
1019 4128 1123 4176 viui
1141 4128 1192 4176 in
1207 4130 1283 4177 his
1293 4130 1544 4192 appositi.

541 4204 572 4250 2
608 4200 900 4265 Saguntino]
961 4203 1172 4254 Fictiles
1216 4207 1430 4268 cyathos
1472 4222 1542 4256 ex

477 4276 659 4338 argilla
673 4277 960 4340 Saguntina
973 4283 1360 4343 anteposuerim
1383 4298 1543 4344 pocu-

476 4352 538 4397 lis
565 4351 739 4413 Eucti,
761 4355 991 4418 quamvis
1016 4356 1102 4404 illa
1115 4357 1306 4419 jactet.
1356 4358 1539 4423 Epigr.

1201 441 1419 490 No'rAE
1468 438 1876 491 VARmRUM
1927 440 2009 491 IN

1641 589 1724 636 46.
1770 583 1858 635 lib.
1896 578 1957 636 4.’
1987 597 2124 633 vers.
2153 587 2235 635 16.
2274 589 2333 635 et
2372 586 2487 635 108.
2516 582 2610 635 lib.
2632 588 2714 635 14.

1645 661 1846 726 cymbia
1866 663 1989 710 malo
2009 661 2132 726 luto]
2179 662 2380 713 Pocula
2417 662 2473 712 in
2504 662 2713 725 cymbae

1639 736 1857 787 formam
1875 737 2077 800 efficta;
2116 738 2354 789 Macrob.
2388 739 2600 791 Satura.
2621 739 2714 790 liba

1641 819 1690 865 6.
1708 830 1829 879 cap.
1846 819 1932 865 21.

1703 896 1735 943 8
1770 895 1994 959 Putem,
2027 895 2131 959 ξω]
2181 895 2376 945 Iussus
2411 894 2636 961 quadam
2659 902 2717 946 et

1640 969 1906 1022 insensata
1932 973 2310 1038 praedicatione
2337 974 2528 1038 pocula
2554 973 2621 1023 ab
2644 988 2713 1023 ω-

1641 1052 1751 1096 tate
1764 1055 1828 1098 et
1849 1047 2071 1100 dominis
2085 1049 2316 1114 jactans.
2381 1047 2472 1100 Al.
2495 1050 2601 1114 leg.
2625 1049 2712 1110 fu·

1638 1139 1784 1188 mss,
1804 1125 1856 1175 id
1880 1131 1982 1188 est,
1997 1126 2222 1191 caligine
2248 1125 2509 1190 neglectas
2535 1133 2710 1177 vetus-

1642 1202 1767 1251 tatis
1790 1201 2039 1253 obducta.
2104 1203 2182 1253 Ut
2202 1202 2421 1267 exponit
2454 1201 2710 1252 Boethius

1641 1278 1676 1328 l.
1696 1283 1741 1328 1.
1758 1277 1826 1328 de
1849 1279 2057 1330 Consol.
2076 1278 2375 1343 Philosopb.
2410 1278 2497 1329 Ita
2520 1278 2709 1329 Cicero

1641 1359 1696 1403 et
1710 1354 1912 1404 Seneca
1932 1355 1948 1383 ‘
1967 1353 2198 1404 fumosas
2209 1354 2479 1417 imagines'
2496 1354 2708 1405 dixere:

1639 1435 1697 1479 et
1728 1430 2019 1496 Juvenalis,
2053 1431 2070 1461 ⁴
2089 1428 2320 1482 fumosos
2343 1431 2579 1497 equitum
2601 1446 2710 1482 ma-

1640 1506 1868 1572 gistros!

1702 1588 1733 1634 4
1775 1581 1944 1634 Verbis
1984 1584 2190 1647 mucffla,
2232 1584 2339 1649 ξω]
2399 1586 2557 1649 Dum,
2610 1600 2711 1650 per

1635 1659 1906 1709 verbosam
1936 1660 2094 1710 Eucti
2121 1659 2524 1711 ostentationem
2549 1675 2711 1725 pocu—

1636 1737 1819 1799 lorum,
1865 1737 2036 1788 vinnm
2078 1736 2293 1787 effusum
2340 1738 2595 1788 mucescit
2647 1745 2714 1789 et

1638 1828 1811 1878 vappa
1845 1813 1924 1864 fit.
1990 1814 2108 1865 Hoc
2130 1821 2229 1878 est,
2254 1815 2383 1878 Ipsa
2403 1828 2566 1864 coenae
2590 1828 2713 1877 gra-

1637 1892 1729 1952 tia,
1755 1891 1968 1957 vinique
1999 1891 2226 1941 suavitas
2245 1890 2557 1954 garrulitate
2570 1891 2714 1945 Euc-

1635 1969 1676 2017 ti
1699 1969 2064 2032 corrumpitur.

1698 2050 1728 2093 5
1763 2046 2138 2107 Laomedontem,
2157 2043 2267 2109 ξω]
2313 2044 2448 2094 Haec
2482 2043 2716 2110 (inquit)

1633 2120 1843 2173 fuerant
1880 2121 2244 2173 Laomedontis
2272 2120 2485 2186 pocula:
2521 2123 2612 2172 vel
2639 2137 2710 2172 ex

1632 2217 1760 2253 auro
1778 2203 1889 2267 illo,
1921 2217 2023 2267 quo
2047 2201 2189 2266 pacti
2209 2207 2269 2250 et
2288 2199 2536 2250 conducti
2557 2201 2711 2266 Nep·

1637 2286 1789 2331 tunus
1810 2288 1864 2331 et
1886 2281 2081 2346 Apollo
2098 2279 2286 2330 moenia
2298 2279 2524 2343 Trojano
2540 2279 2711 2330 aedifi-

1632 2365 1837 2407 carunt.

1696 2438 1730 2485 6
1764 2434 1934 2486 Fen-et
1966 2438 2019 2485 ut
2058 2430 2181 2497 teoec]
2217 2429 2423 2484 Proemii
2451 2436 2509 2483 et
2542 2433 2721 2500 pretii·

1629 2511 1746 2563 loco
1762 2512 2048 2576 acciperet.
2238 2546 2250 2557 „
2359 2553 2366 2560 .

1693 2591 1938 2654 81Pugna
1966 2589 2132 2653 debile,
2163 2586 2268 2652 ξω]
2306 2583 2480 2650 Magis
2519 2586 2708 2651 placet

1627 2666 1741 2717 haec
1788 2666 2054 2717 distinctio
2106 2663 2261 2731 qnam
2311 2663 2526 2726 vulgata
2582 2664 2708 2728 ista,

1622 2759 1820 2808 pugna:
1851 2743 2003 2793 debile
2023 2741 2179 2792 cernis
2208 2754 2350 2804 opus.-
2385 2744 2446 2789 ut
2488 2739 2584 2802 sit,
2618 2755 2717 2806 po<

1628 2820 1803 2872 culum
1845 2833 2033 2884 pugna¹
2058 2824 2115 2868 ct
2154 2811 2268 2867 rixa
2299 2805 2537 2867 collisum
2570 2816 2703 2883 (bat-

1626 2898 1805 2958 tend).-
1854 2898 1870 2926 ‘
1890 2896 2012 2946 dum
2061 2894 2229 2961 prima
2282 2893 2474 2958 pocula
2519 2893 2705 2958 pugna

1627 2975 1793 3024 Missa
1817 2971 2031 3024 volant?

1691 3055 1725 3100 9
1757 3050 1835 3100 Hi
1846 3052 1937 3099 duo
1954 3045 2187 3110 longeva]
2220 3044 2327 3095 Hic
2350 3049 2434 3094 est
2456 3046 2703 3109 geminus

1628 3127 1716 3178 ille
1753 3134 1929 3178 crater
1973 3133 2028 3177 et
2055 3122 2392 3189 ἀμφικύπελλα
2423 3122 2702 3188 Nestoris,

1627 3204 1757 3255 duos
1780 3205 1973 3255 habens
1993 3203 2200 3266 fundos,
2220 3215 2367 3251 ansas
2386 3208 2621 3265 quatuor
2645 3210 2701 3253 et

1626 3296 1800 3332 earum
1839 3282 2052 3346 singulis
2081 3279 2365 3330 insidentes
2402 3280 2451 3327 2.
2498 3279 2700 3329 colum·

1626 3358 1754 3420 bas3
1796 3359 2089 3411 celebratus
2120 3356 2352 3407 Homero
2391 3354 2457 3403 ΙΙ.
2532 3354 2700 3406 Athe-

1623 3448 1736 3485 naeo
1759 3436 1795 3485 l.
1826 3440 1904 3488 11.
1927 3449 2042 3498 cap.
2067 3438 2146 3484 12.
2170 3437 2227 3482 et
2251 3435 2331 3481 13.
2400 3430 2696 3495 censentur,

1622 3514 1727 3579 ξω]
1762 3513 1823 3563 In
1844 3512 2014 3578 pretio
2031 3511 2310 3561 habentur.

1687 3594 1751 3640 10
1785 3589 1966 3639 Pollice
1985 3589 2044 3637 de
2067 3587 2226 3653 Pylio,
2246 3584 2351 3648 ism]
2386 3584 2529 3637 Quae
2555 3586 2713 3636 ansis.

1621 3667 1874 3717 sedebant
1896 3665 2152 3717 colambae
2181 3679 2373 3728 aureae,
2408 3677 2507 3713 usn
2546 3663 2690 3717 tritae

1618 3740 1904 3807 fulgebant.

1686 3823 1741 3869 11
1781 3819 1843 3867 In
1865 3834 1952 3882 quo
1974 3817 2181 3879 misceri,
2199 3819 2308 3883 ism]
2337 3818 2509 3871 Quem
2539 3820 2687 3885 Ulys-

1617 3896 1680 3957 si,
1734 3893 1987 3956 Plroenici,
2021 3895 2206 3957 legatis
2252 3893 2682 3958 Agamemnonis,

1616 3973 1770 4023 Iliad.
1801 3978 1840 4021 1.
1867 3971 2163 4037 propinavit
2186 3971 2437 4022 Achilles.

1681 4055 1743 4101 12
1781 4051 2086 4114 Vividissque
2106 4049 2308 4113 mmm]
2339 4050 2395 4102 J.
2416 4051 2684 4104 Gruterus

1613 4124 1845 4176 feliciter
1868 4141 1898 4176 e
1914 4127 2046 4177 Mss.
2074 4129 2359 4189 revocavit,
2391 4142 2515 4178 cum
2540 4132 2683 4193 prius

1615 4205 1876 4266 legeretur
1907 4208 1955 4252 et
1979 4203 2095 4252 bibit
2116 4204 2213 4267 ipse
2233 4219 2431 4253 ineram.
2504 4206 2682 4260 Aeni!-

1615 4281 1687 4329 les
1719 4279 2044 4338 enim-Iliad.
2064 4285 2103 4330 1.
2140 4280 2312 4344 poscit
2330 4282 2499 4344 majus
2524 4298 2680 4347 pocu-

1613 4358 1717 4407 lum
1761 4357 2034 4421 vinumque
2081 4357 2332 4420 vividius3
2375 4357 2589 4422 Μείζονα
2622 4359 2678 4419 δὴ
