2985 4937
708 439 786 484 M.
834 439 1005 485 VAL.

303 579 561 628 videretur
592 585 645 629 et
666 579 887 628 insulsus
910 594 1018 644 prae
1040 579 1353 643 Capitolino.

364 649 523 707 Eme.
547 669 643 706 cn·
685 655 871 706 Aliena
902 672 1056 720 opera
1085 657 1168 705 llic
1193 656 1353 721 poeta

300 740 396 796 est,
418 735 507 783 ille
533 742 698 797 pater.
741 735 821 782 Au
843 734 1035 783 Canius
1057 735 1125 784 sit
1147 735 1228 783 hic
1246 734 1351 783 Ga·

298 812 518 877 ditanus,
535 814 599 864 de
620 829 721 879 quo
746 811 1063 879 Epigramm.
1082 818 1165 863 02.
1188 812 1278 865 lib.
1301 817 1349 863 1.

298 905 430 940 vers.
450 895 500 940 9.
526 892 597 941 Ν.
622 891 680 941 L.

360 967 517 1017 Eme.
531 981 654 1020 cnr.
678 966 925 1018 Raditum
940 968 992 1017 in
1012 967 1235 1032 patriam
1249 966 1354 1016 suis

288 1043 493 1092 'civibus
516 1044 807 1095 denuntiat.
847 1065 852 1072 ·

363 1123 389 1168 1
426 1119 714 1183 Municipes]
747 1119 922 1169 Cives.
989 1117 1356 1181 Augustaffiv]

297 1195 513 1244 Colonia
530 1197 641 1246 scil.
665 1196 885 1258 Bilbilis,
904 1202 960 1246 et
980 1197 1029 1244 in
1048 1208 1186 1244 aereo
1200 1195 1354 1244 Tibe·

296 1270 358 1319 rii
381 1286 589 1321 nummo
611 1272 859 1337 inscripta
888 1276 903 1300 ‘
921 1272 1197 1336 Augusta,’
1219 1277 1357 1321 teste

289 1345 536 1410 Adelplzo
554 1348 796 1398 Oecone
784 1363 837 1398 m
850 1347 1078 1398 Tiberio.
1125 1347 1231 1398 Alii
1251 1349 1352 1413 leg.

293 1429 516 1486 angusta.
555 1427 671 1486 Et,
692 1433 764 1476 ut
773 1427 1044 1477 Gruterus
1060 1427 1354 1517 inqui-tmu-

291 1502 436 1562 ’μισῶ
456 1502 567 1563 agri
589 1503 861 1554 vocabitur
884 1504 1107 1568 Bilbilis,
1128 1505 1214 1554 eui
1243 1502 1356 1554 fere

291 1580 420 1629 ‘nihil
440 1580 675 1630 additum
700 1582 827 1647 agri,
851 1583 916 1633 ob
934 1581 1162 1633 montem
1184 1584 1235 1632 in
1254 1596 1355 1649 quo

295 1657 542 1720 ponitur.
591 1660 658 1708 Et
683 1674 778 1723 pro
799 1661 898 1709 acri
921 1661 1007 1709 alii
1031 1661 1209 1724 legunt
1232 1661 1354 1709 alto.-

291 1733 439 1783 alibi
426 1735 566 1784 enim
576 1735 802 1785 Bilbilim
818 1728 1356 1801 pendulamappellat,

263 1811 354 1860 'ut
377 1811 484 1860 alto
508 1819 682 1861 monte
704 1813 855 1863 sitam
877 1814 1038 1862 fuisse
1062 1814 1353 1878 intelligas·

294 1893 354 1936 nt
389 1888 571 1951 Epigr.
606 1888 930 1954 insequenti:
965 1897 1020 1940 et
1055 1890 1236 1955 Epigr.
1271 1894 1353 1940 50.

293 1962 396 2011 lib:
414 1968 460 2012 1.
486 1973 541 2014 et
562 1965 735 2014 Sidon.
759 1965 1044 2030 Apollinar.
1067 1982 1182 2030 cap.
1204 1971 1288 2018 21.
1325 1977 1328 1980 “

293 2057 299 2063 ·
358 2043 391 2088 2
424 2040 563 2104 Salv]
589 2043 710 2092 Quo
745 2042 934 2091 ferrum
969 2043 1186 2092 duratur
1217 2042 1354 2107 quod

294 2116 505 2165 caeteris
525 2117 846 2179 antefertur,
884 2119 1082 2184 ipsique
1114 2118 1228 2169 urbi
1253 2119 1358 2168 cla·

269 2191 506 2240 'ritatem
531 2193 753 2294 peperit.
789 2194 971 2257 Epigr.
992 2198 1074 2243 50.
1098 2193 1132 2242 1.
1152 2198 1198 2243 1.
1219 2206 1354 2244 vers.

298 2269 378 2317 11.
505 2293 508 2298 »

292 2351 298 2357 ·
359 2348 389 2392 8
424 2345 611 2409 Ecquid
647 2345 776 2407 leta,
806 2344 913 2409 ξω]
948 2344 993 2394 A
1029 2295 1204 2395 claris
1215 2297 1355 2396 enlm

295 2421 512 2486 ingeniis
535 2422 863 2473 illustrantur
881 2421 1154 2487 plurimum
1175 2421 1357 2472 civita·

301 2506 400 2549 tes.

296 2590 305 2605 ⁶
372 2581 403 2626 6
453 2573 630 2639 Tenui]
671 2574 874 2638 Nitido,
918 2576 1078 2626 culto.

298 2652 892 2717 SioEpigr.os.1ib.1.

361 2733 393 2779 7
420 2729 637 2785 Quattuor
653 2730 867 2790 acessit,
882 2725 990 2790 lm]
1018 2728 1136 2778 Jam
1161 2741 1256 2792 per
1277 2682 1358 2778 34.

301 2811 594 2864 autumnos,
635 2802 819 2868 quibus
860 2816 951 2852 vos
993 2816 1167 2852 saera
1165 2800 1358 2852 facitis

298 2880 500 2941 Cereri,
522 2878 663 2929 abfui
682 2895 715 2928 a
734 2878 896 2942 vobis,
915 2879 1126 2944 vixique
1145 2880 1355 2930 Romae·

301 2958 480 3021 Epigr.
497 2963 734 3020 sequent.
751 2969 889 3004 vers.
907 2959 975 3007 9.·

303 3058 308 3061 -
362 3040 398 3084 9
441 3035 679 3095 Dvnu‘uoe,
717 3030 823 3096 lfa]
864 3032 1046 3096 Epigr.
1086 3036 1137 3084 4.
1179 2986 1274 3083 lib.
1315 3038 1360 3085 1.

302 3128 439 3163 vers.
469 3117 518 3162 2.

366 3196 429 3241 10
454 3191 722 3253 Mutavere,
741 3187 847 3251 &ax-J
875 3186 1068 3251 Nigras
1090 3186 1233 3237 canis
1254 3202 1362 3238 mu·

301 3276 503 3318 tavere.

367 3348 433 3393 12
465 3343 665 3405 Aspera,
680 3339 790 3405 afa]
825 3290 898 3390 Ut
914 3345 1099 3405 postea
1116 3356 1234 3391 cnm
1256 3348 1362 3391 sto·

300 3422 487 3473 macho
523 3428 771 3486 expertus
809 3418 926 3479 est;
973 3419 1015 3468 si
1054 3432 1206 3468 verus
1244 3418 1363 3482 ipse

269 3514 274 3523 ’
295 3500 391 3549 lib.
414 3502 496 3548 12.
518 3497 806 3560 Epistola.
799 3530 806 3537 ·
836 3496 1086 3545 Ultimum
1108 3495 1362 3545 distichon

301 3572 602 3638 abjudicant
626 3572 904 3623 Martiali.--
1013 3604 1016 3611 ·

369 3652 531 3702 Ενιῦ.
556 3663 668 3700 c1v.
701 3650 874 3699 Mittit
907 3648 1093 3700 librum
1126 3648 1191 3698 ad
1217 3649 1364 3699 Flac·

1148 2575 1358 2640 Verona]

1053 438 1474 488 MARTlAMS
1532 440 1774 488 nmen.
1830 439 1967 490 mn.
2016 442 2092 496 X·

2308 425 2486 492 1385

1427 596 1544 631 cum
1565 581 1803 645 amicum,
1822 597 1971 648 quem
1989 582 2044 632 in
2062 582 2368 648 Hispaniam
2386 584 2487 634 itu-

1429 671 1538 705 rum
1559 672 1706 706 mone
1714 666 1754 720 t,
1768 660 1842 708 uti
1858 667 2062 709 veteres
2075 662 2264 710 amicos
2278 660 2486 710 salutet.

1495 737 1519 782 1
1560 733 1752 797 Flacca]
1785 735 1849 783 In
1876 735 2178 799 Hispaniam
2201 735 2356 785 ituro.

1492 812 1526 858 2
1535 808 1761 859 Faventia
1772 811 2041 876 undoeJSed
2050 810 2314 876 'placidum
2331 825 2488 861 linare.

1491 888 1526 933 4
1553 886 1833 935 Tarraconis
1853 887 2006 951 arces]
2041 888 2216 951 Urbis,
2239 888 2375 937 unde
2397 889 2487 939 illa

1431 960 1702 1027 Hispania·
1725 964 1921 1028 regio,
1908 979 1961 1013 ιιι
1980 980 2082 1030 qua
2105 965 2324 1015 Bilbilis.
2374 1029 2379 1032 ⁷

1441 1051 1444 1056 ·
1498 1044 1528 1088 5
1564 1039 1714 1104 Rota]
1745 1041 2068 1093 Vehiculum.

1425 1135 1435 1142 ·
1497 1117 1528 1164 7
1566 1115 1765 1178 Quinto,
1795 1117 1900 1181 ξω]
1942 1118 2126 1170 Quinti
2162 1118 2266 1169 diei
2300 1118 2488 1168 itinele

1430 1191 1544 1256 ipse
1565 1193 1799 1246 vehiculo
1823 1202 2019 1245 vectus.

1426 1289 1436 1296 ·
1495 1272 1529 1315 9
1552 1267 1776 1333 Brumas]
1799 1271 1981 1335 Epigr.
2005 1266 2241 1336 proxime
2262 1270 2488 1335 praeced.

1432 1355 1569 1396 vers.
1591 1350 1641 1397 7.

1496 1429 1555 1474 11
1583 1425 1831 1487 Protinus,
1850 1424 1960 1488 ξω]
1992 1425 2119 1475 Mox
2138 1430 2198 1504 ut
2219 1424 2490 1475 adveneris

1430 1501 1664 1551 Bilbilin.
1754 1511 1760 1519 ·

1498 1582 1560 1628 14
1586 1578 1807 1627 Secessus
1823 1579 1978 1642 spatia
1997 1584 2135 1642 par-'et
2155 1578 2357 1642 salubri]
2388 1579 2490 1629 Im·

1429 1669 1515 1703 mo
1526 1654 1766 1717 pretio,ut
1778 1667 1955 1703 omnes
1972 1657 2096 1704 Μαι.
2115 1668 2214 1704 nec
2234 1659 2491 1718 praeterea

1429 1729 1733 1779 mutandum
1776 1730 2048 1794 quiequam
2075 1745 2087 1779 ε
2147 1744 2264 1779 uam
2308 1729 2493 1780 salubre

1421 1806 1632 1869 pretinm
1654 1812 1736 1855 est
1751 1804 2029 1868 modicum,
2052 1804 2191 1871 qnod
2213 1805 2375 1857 facias
2394 1808 2492 1857 sal·

1429 1898 1494 1932 va
1516 1896 1591 1932 sse
1628 1881 1886 1932 familiari.
1930 1882 2038 1932 .Sic
2075 1879 2278 1931 Plinius
2313 1881 2409 1932 lib.
2436 1887 2490 1933 ·1.

1430 1959 1600 2022 Epist.
1621 1962 1723 2008 24..
1738 1959 1754 1985 ‘
1771 1958 1829 2008 Si
1851 1957 2158 2022 pmdiolam
2178 1956 2338 2021 istud,
2353 1958 2492 2023 quod

1429 2034 1822 2085 commendatur
1844 2034 1923 2083 his
1953 2034 2181 2098 dotibus,
2215 2044 2323 2084 tam
2360 2036 2495 2086 salu·

1431 2113 1595 2163 briter
1630 2112 1836 2175 emerit,
1874 2120 1935 2162 ut
1968 2113 2289 2177 poeniteutiae
2323 2114 2492 2164 locum

1429 2204 1534 2238 non
1558 2189 1849 2253 relinquat?
1917 2189 2247 2245 observavit-
2265 2190 2362 2241 hoc
2381 2191 2493 2241 Sal-

1428 2268 1619 2316 masius
1642 2265 1707 2316 ad
1730 2266 1983 2316 solinum.
2019 2266 2307 2317 Ονοιιοοίιιε.
2372 2267 2496 2332 Spa-

1426 2344 1501 2393 tt‘o‘
1519 2342 1722 2406 salubri]
1754 2344 1898 2392 Loco
1919 2341 2106 2392 studiis
2126 2351 2293 2406 aptot
2444 2371 2449 2376 -
2596 2337 2601 2348 ⁶

1498 2425 1558 2471 15
1609 2419 1708 2476 Qui
1741 2420 1958 2484 pigrum,
1993 2417 2101 2482 &ct-J
2144 2418 2259 2475 Ubi,
2289 2419 2348 2468 in
2377 2418 2495 2471 ocio

1430 2505 1769 2548 consenescat
1795 2510 1977 2560 parens
1997 2503 2134 2557 tuus,
2149 2495 2202 2545 id
2222 2504 2324 2559 est,
2342 2503 2496 2547 autor

1430 2574 1568 2631 libri,
1588 2588 1713 2636 ego:
1752 2574 1935 2637 Epigr.
1957 2576 2040 2622 42.
2065 2572 2156 2622 lib.
2180 2577 2232 2623 6.
2254 2586 2389 2622 vers.
2415 2577 2498 2625 10.

1431 2682 1438 2687 ·
1498 2655 1563 2700 10
1595 2651 1720 2700 Hoea
1747 2648 1884 2712 sut]
1917 2651 2048 2701 Quae
2089 2649 2186 2699 tibi
2219 2650 2273 2699 ln
2303 2649 2496 2714 Hispa·

1432 2728 1568 2778 niam
1585 2740 1749 2776 meam
1774 2725 2129 2791 proficiscenti
2149 2725 2393 2775 mandata
2407 2738 2495 2775 ve-

1433 2807 1542 2855 lim.
1603 2804 1849 2863 huniam,
1869 2801 1976 2867 ξω]
2010 2803 2180 2856 Quem
2202 2806 2496 2852 vocantta·

1432 2882 1559 2932 midi
1579 2882 1759 2931 venti:
1800 2881 1885 2929 vel
1922 2880 2035 2945 ipse
2066 2879 2293 2928 tumidus
2326 2885 2383 2929 et
2403 2876 2495 2928 im·

1432 2959 1669 3024 perinsus
1689 2964 1930 3007 vectores
1947 2955 2125 3020 jurgio
2148 2956 2305 3018 cogit.
2338 2955 2343 2963 '

1502 3039 1565 3085 18
1595 3033 1809 3084 Laxavit
1844 3032 2025 3096 melior,
2053 3031 2162 3096 lym]
2206 3032 2385 3082 Vento
2418 3045 2497 3082 se·

1433 3111 1605 3162 eundo
1628 3109 1951 3161 solventibus
1972 3116 2147 3174 portu,
2162 3108 2275 3172 jam
2299 3108 2497 3159 laxiore

1432 3189 1595 3251 facto,
1614 3179 1850 3238 navibus.

1443 3299 1452 3305 ·
1503 3271 1566 3316 19
1601 3266 1804 3326 Navem,
1823 3263 1929 3328 ζα]
1961 3264 2081 3314 Non
2114 3261 2244 3312 licet
2265 3260 2383 3311 navi
2404 3276 2495 3311 ex·

1435 3350 1652 3414 pectare
1674 3356 1850 3402 unum,
1866 3340 1955 3404 qui
1970 3353 2165 3389 moram
2183 3338 2369 3400 trahit,
2380 3350 2499 3389 veo·

1436 3426 1624 3469 torem.
1691 3419 1878 3482 Adagii
1899 3417 2129 3482 speeies:
2162 3417 2178 3445 ‘
2198 3416 2372 3466 Unum
2395 3429 2499 3467 non

1435 3501 1712 3558 exspectat
1731 3494 1878 3544 navis
1896 3493 1930 3543 ι’
1962 3508 2082 3543 nam
2106 3506 2239 3543 unns
2263 3494 2360 3557 vir,
2384 3493 2498 3543 nul-

1436 3572 1514 3620 lus
1540 3570 1631 3620 vir.
