2985 4937
624 466 703 512 M.
753 466 926 515 VAL.
969 463 1389 515 mannans
1437 465 1687 518 muca.-
1730 467 1875 518 mn.
1920 467 2095 519 xln.

221 625 230 638 ·
278 609 364 659 lib.
384 614 436 661 4.
461 626 593 663 vers.
614 616 665 663 8.
710 611 813 662 Alii
846 611 999 673 talos,
1019 610 1104 659 alii
1129 610 1332 660 alveum

278 686 592 752 intelligunt.

341 767 373 811 7
412 763 534 812 Hoec
564 764 688 813 mihi-
712 765 878 814 charta
907 763 1069 826 mes]
1116 763 1221 811 Pro
1243 777 1336 810 uu·

279 838 424 888 cibus
446 854 718 904 puerorum
743 841 962 890 scribam
975 840 1158 903 jocosa
1187 846 1244 887 et
1265 840 1336 887 le-

280 915 360 966 via
401 917 807 982 Epigrammata,
852 933 970 982 quae
1018 917 1140 966 mihi
1183 921 1340 966 erunt

280 1009 457 1045 nuces.
491 994 740 1059 Fritillus]
784 997 883 1046 Est
912 995 1174 1050 vasculum
1207 993 1336 1043 bux-

279 1086 396 1121 enm
420 1073 628 1137 longum
647 1079 703 1124 et
719 1080 877 1137 teres,
896 1088 925 1123 e
943 1087 1044 1138 quo
1062 1072 1339 1122 mittuntur

280 1158 492 1201 tessera}
517 1152 597 1202 vel
618 1152 711 1202 tali
732 1152 783 1201 in
816 1152 1065 1202 tabulam.
1113 1149 1262 1199 Idem
1282 1156 1339 1199 et

281 1241 476 1291 pyrgus
509 1242 598 1277 sen
641 1229 913 1279 turricula.
959 1229 1221 1293 Epigram.
1256 1230 1336 1276 14.

280 1304 370 1354 lib.
391 1308 442 1354 4.
461 1320 595 1356 vers.
617 1310 668 1355 8.

345 1387 378 1431 8
412 1382 532 1431 Alea
571 1381 692 1445 ista]
739 1382 914 1432 Ludus
936 1383 1019 1433 hic
1055 1396 1197 1433 meus
1229 1380 1337 1447 epi-

277 1459 690 1522 grammatarius.

348 1535 510 1585 Eme.
543 1549 618 1586 1¹.
656 1537 991 1602 Epigramma
1028 1537 1125 1586 hoe
1166 1541 1247 1585 est
1284 1535 1338 1584 in

282 1608 486 1661 Zoilum
526 1619 581 1662 et
620 1612 855 1677 sciolum,
892 1628 994 1678 quo
1026 1619 1202 1662 monet
1236 1611 1340 1660 lec·

281 1695 450 1740 torem
494 1689 837 1752 Theoninnm,
892 1689 969 1740 uti
1022 1703 1089 1738 ne
1140 1693 1340 1752 carpat,

285 1764 478 1828 quod-a
497 1780 553 1815 se
582 1766 693 1830 jam
717 1775 954 1831 carptum
985 1774 1042 1816 et
1075 1765 1341 1830 abjectum

282 1850 745 1909 contemptumque
767 1844 836 1894 sit
857 1843 997 1895 satis.
1145 1841 1152 1848 ’

351 1926 376 1971 1
418 1923 651 1985 Naum,
692 1921 802 1986 ξω]
855 1921 938 1970 Sis
986 1920 1114 1971 licet
1161 1920 1342 1984 ingens

282 1979 504 2051 irrisorq.
549 1997 852 2064 μυκτηρίζων.
898 1998 1037 2048 Vide
1081 1998 1255 2062 Epigr.
1290 2002 1341 2048 4.

285 2076 378 2128 lib.
403 2082 454 2127 1.
477 2092 613 2126 vers.
638 2080 687 2125 6.

348 2158 383 2204 2
420 2151 662 2210 Quantum
709 2152 930 2202 noluerit
943 2150 1080 2211 fer-re
1123 2151 1343 2215 rogatus]

281 2231 447 2281 Totus
463 2245 528 2279 ex
552 2229 787 2279 irrisione
808 2229 1123 2294 compositus
1146 2236 1200 2277 et
1222 2241 1344 2277 con-

285 2305 458 2357 flatus.
489 2309 506 2334 ‘
530 2306 670 2356 Deos
692 2304 900 2370 rogabis
924 2313 1090 2353 totum
1113 2311 1171 2353 ut
1197 2311 1251 2353 te
1268 2301 1343 2351 fa-

284 2385 448 2445 ciant,
458 2381 915 2445 Fabulle,uasum,’
928 2381 1064 2431 dixit
1078 2381 1313 2431 Catullus
1329 2396 1342 2428 ε

287 2461 380 2511 sed
405 2475 558 2525 sensu
592 2460 709 2511 alio.
764 2460 928 2525 Atlas]
972 2458 1348 2526 Hyperbolice.

287 2538 395 2592 Qui
410 2537 559 2587 Atlas
578 2539 761 2587 eoelum
775 2544 947 2587 tamen
959 2536 1185 2585 humeris
1197 2534 1350 2583 susti-

285 2615 463 2665 nuisse
486 2614 694 2664 dicitnr.
728 2614 1113 2679 Epigrammate
1138 2616 1186 2661 4.
1216 2610 1350 2661 libro

287 2696 339 2742 9.
362 2706 515 2742 versu
538 2697 588 2742 6.
1335 2712 1341 2717 -

356 2772 387 2818 8
424 2768 585 2831 Ipsum
600 2767 850 2831 Latinum]
882 2765 1208 2830 Emphatice.
1248 2763 1351 2814 Mi'·

288 2858 448 2908 mum,
470 2845 560 2910 qui
581 2852 638 2894 et
657 2844 783 2895 alios
803 2843 1094 2894 imitatione
1123 2841 1351 2891 deridet.

291 2921 689 2986 Epigrammata
710 2927 759 2971 6.
779 2919 870 2971 lib.
893 2924 942 2969 1.
964 2934 1099 2969 vers.
1124 2924 1173 2968 6.

357 3004 388 3047 6
426 2999 534 3061 Ipse
564 3013 651 3061 ego
684 3013 823 3062 quam
850 2995 981 3059 dixi]
1033 2997 1167 3046 Nam
1200 3009 1352 3061 supe·

290 3075 418 3126 riori
436 3076 678 3125 Carmine
695 3074 952 3138 appellavi
966 3087 1071 3137 eas,
1085 3079 1231 3137 togas
1244 3086 1354 3122 cor·

292 3153 553 3218 dylarum,
574 3152 850 3202 ludibrium
873 3151 1173 3211 blattarum,
1195 3164 1353 3199 nuces

292 3243 596 3294 puerorum,
628 3237 685 3278 et
703 3227 928 3291 fritillos,
944 3232 1043 3278 διο.
1093 3225 1223 3284 Quid
1243 3228 1355 3275 den·

296 3314 411 3368 um,
430 3305 540 3369 ξω]
587 3303 725 3357 Quid
763 3305 936 3353 limam
960 3303 1119 3367 rodis,
1141 3302 1354 3367 vipera?

296 3383 426 3448 quid
450 3381 680 3432 carmina
699 3395 814 3430 mea
836 3377 1250 3445 reprehensoria,
1274 3391 1355 3426 re·

295 3458 620 3525 prehensor?

359 3540 394 3585 6
432 3537 589 3584 Corne
616 3548 731 3597 opas
766 3537 856 3592 est,
885 3530 990 3595 ξω]
1034 3530 1167 3582 Qnae
1200 3530 1362 3580 cedat

297 3613 450 3663 denti
482 3620 604 3662 tuo:
639 3625 752 3661 mea
785 3617 983 3673 reaget,
1001 3616 1060 3658 nt
1078 3609 1362 3673 loquuntur

297 3689 544 3755 Physici:
585 3695 709 3752 pete
746 3686 906 3735 dente
952 3684 1133 3750 poetas
1173 3697 1363 3746 magna

299 3764 594 3831 professos3
628 3763 730 3812 illis
750 3764 832 3811 vel
857 3760 1040 3824 frange
1064 3758 1364 3825 genuinum,

298 3843 353 3892 in
376 3842 493 3891 illos
514 3841 655 3889 virus
686 3838 892 3889 invidioe
927 3846 1031 3886 tuae
1066 3844 1121 3886 et
1151 3835 1364 3885 maledi-

301 3920 494 3972 centiae
512 3933 711 3969 evome.
761 3917 899 3967 Meae
922 3915 1036 3966 istae
1070 3929 1222 3978 nugae
1255 3927 1363 3963 ser-

303 4003 440 4061 punt
460 3996 602 4044 humi
625 4002 755 4044 tutae
779 3993 925 4056 satis,
958 3999 1034 4055 et,
1056 3991 1100 4040 si
1124 4005 1256 4057 opus
1279 3990 1366 4055 sit,

305 4073 385 4122 sui
431 4071 684 4122 vindices.
736 4070 999 4135 Epigram.
1039 4073 1123 4118 61.
1174 4068 1267 4117 lib.
1314 4074 1365 4121 6.

299 4165 446 4201 «νοτε.
479 4153 561 4200 10.

373 4231 405 4276 7
443 4226 543 4283 Qut
557 4242 605 4275 se
618 4225 878 4289 mirantur]
906 4225 1010 4277 Qui
1025 4224 1121 4274 sibi
1139 4224 1368 4290 placent.

308 4306 376 4356 In·
392 4307 503 4356 illos
532 4304 678 4356 Virus
691 4303 830 4369 habe]
860 4303 1024 4368 Digni
1050 4307 1171 4352 sunt
1188 4303 1278 4368 qui
1300 4301 1370 4350 ri-

241 4450 244 4455 ·
306 4382 530 4434 deantur
549 4389 607 4434 et
627 4386 945 4447 carpantur,
967 4379 1053 4445 qui
1071 4380 1274 4445 majora
1298 4378 1370 4444 vi-

2286 451 2459 519 1427

1406 608 1548 658 ribus
1571 608 1884 673 promittunt
1900 618 1991 661 aut
2021 611 2328 676 suscipiunt.

1468 691 1500 735 8
1543 685 1709 749 Virus]
1767 687 2056 750 Mordacia,
2108 689 2267 739 verba
2325 689 2461 740 viru·

1405 763 1566 813 lenta.
1593 765 1707 813 Esse
1720 764 1860 830 nihil]
1890 767 2017 815 Esse
2037 780 2197 828 nugas
2214 767 2456 818 fatemur.

1469 844 1505 890 9
1539 840 1951 905 Nectamen,&c.]
1984 843 2099 892 Nec
2121 850 2292 892 tamen
2308 844 2460 906 plane

1408 917 1532 967 nibil
1554 928 1675 969 sunt
1693 934 1808 968 mea
1823 920 1968 972 haec:
1998 921 2321 986 excipientur
2341 936 2461 971 can·

1409 994 1543 1044 didis
1582 1002 1637 1044 et
1675 993 1894 1059 festivis,
1942 997 1986 1046 si
2022 997 2187 1047 minus
2219 998 2462 1062 placeant

1407 1072 1607 1134 sobriis,
1623 1072 1832 1137 severis,
1855 1082 1910 1123 et
1932 1074 2222 1139 impransis.

1475 1149 1638 1200 Eme.
1658 1162 1743 1200 ιιι.
1776 1149 2009 1200 Pretium
2033 1157 2091 1200 et
2112 1156 2463 1214 argumentum

1409 1228 1575 1279 libelli
1616 1229 1894 1293 significat.
1959 1230 2193 1280 Pretium
2246 1236 2328 1279 est
2377 1244 2465 1294 ge·
2494 1270 2499 1274 .

1408 1306 1576 1355 minus
1593 1307 1827 1355 nummus
1845 1321 1935 1356 seu
1949 1306 2250 1357 victoriatus
2265 1323 2279 1358 ε
2316 1321 2468 1372 argu·

1409 1391 1662 1448 mentum,
1722 1384 1894 1434 Xenia
1951 1383 2183 1434 distichis
2233 1393 2465 1450 compre·

1359 1519 1362 1524 ἱ
1408 1459 1585 1509 hensa.

1417 1559 1422 1560 ⁷
1476 1541 1503 1585 1
1542 1536 1823 1600 Xeniorum,
1853 1533 1960 1601 ξω]
1999 1537 2133 1587 Vide
2164 1538 2471 1604 Inscriptio·

1410 1629 1529 1664 nem
1550 1613 1664 1663 libri
1686 1613 1851 1678 hujus,
1873 1628 2047 1677 supra.

1475 1696 1509 1742 4
1543 1691 1814 1756 Bibliopoea
1853 1687 2100 1756 Tryphon]
2155 1692 2336 1758 Epigr.
2380 1696 2465 1743 72.

1410 1767 1506 1817 lib.
1526 1771 1575 1817 4.
1599 1781 1731 1818 vers.
1750 1771 1800 1818 2.

1476 1848 1513 1893 6
1546 1844 1724 1906 Rana,
1744 1843 1852 1907 ξω]
1881 1843 2163 1895 Poetarum
2182 1858 2343 1911 prope
2364 1859 2471 1895 om-

1412 1920 1554 1970 nium
1576 1918 1734 1970 fatale
1756 1921 1963 1971 malum.

1440 2077 1454 2091 .
1478 2002 1512 2049 7
1550 1993 1751 2063 Titulos,
1785 1995 1892 2061 ξω]
1931 1999 2219 2062 Lemmata,
2252 1998 2469 2064 inscrip-

1416 2085 1661 2204 uogelsiion
1682 2152 1813 2215 facit
1848 2155 1911 2203 nd
1945 2153 2256 2217 domenum]
2301 2135 2472 2204 ΜοῐοΤ

1393 2229 1657 2298 ‘phot-icet
1703 2245 1819 2280 cum
1862 2231 2050 2292 Xenia,
2091 2246 2206 2295 quae
2245 2230 2473 2280 carmine

1418 2307 1807 2368 adumbrantur,
1852 2306 1958 2356 sint
1994 2308 2292 2372 plerumque
2331 2303 2477 2355 esen-'-

1416 2385 1564 2433 lenta
1583 2391 1640 2434 et
1661 2384 1956 2448 poculenta.

1483 2461 1649 2511 Erro.
1700 2474 1778 2511 ιν.
1831 2459 2054 2512 Quidam
2100 2458 2220 2509 hine
2272 2456 2473 2509 initium

1420 2538 1710 2588 Xeniorum
1745 2535 1964 2601 faciunt,
1997 2544 2051 2586 et
2080 2550 2161 2586 tv.
2192 2549 2286 2600 pro
2307 2534 2476 2598 primo

1421 2622 1696 2664 numerant
1718 2614 2109 2679 epigrammate.
2143 2611 2310 2660 Poeta
2332 2624 2477 2660 usum

1424 2691 1588 2740 thuris
1627 2685 1881 2751 ostendit,
1919 2697 1975 2738 et
2005 2696 2183 2738 monet
2216 2689 2363 2738 Deos
2396 2701 2478 2737 ro·

1426 2767 1620 2832 gandos
1641 2782 1738 2831 pro
1763 2765 2008 2815 diuturna
2031 2763 2251 2814 Caesaris
2273 2762 2399 2814 vita.

1492 2848 1520 2891 1
1557 2842 1702 2892 Serus
1723 2846 1780 2890 ut
1810 2840 2048 2904 oethereoe]
2078 2840 2166 2890 Sic
2196 2840 2372 2905 Epigr.
2394 2842 2479 2890 39.

1427 2920 1519 2970 lib.
1560 2924 1612 2969 8.
1652 2933 1786 2969 vers.
1827 2923 1876 2967 6.
1933 2916 2245 2967 Germanicus
2283 2917 2482 2980 imperet

1426 2995 1575 3060 mdae]
1624 2995 1990 3046 Domitianus:
2025 2994 2205 3058 Epigr.
2233 2997 2283 3043 2.
2311 2993 2406 3044 lib.
2430 2999 2482 3046 6.

1421 3088 1564 3124 ·vers.
1587 3077 1638 3123 7.
1684 3072 1903 3122 Constat
1937 3071 2115 3135 itaque
2134 3070 2249 3119 haec
2273 3069 2487 3134 scripta,

1428 3153 1549 3202 vivo
1570 3151 1777 3202 Domit.
1802 3158 1923 3200 ante
1946 3149 2035 3198 lib.
2058 3153 2138 3199 10.
2162 3146 2215 3198 et
2239 3153 2319 3199 11.

1495 3233 1528 3279 2
1567 3230 1648 3279 Du
1664 3227 1930 3293 pinchun]
1961 3226 2077 3288 Pia,
2093 3224 2214 3291 quia
2229 3223 2488 3275 destinata

1430 3306 1587 3356 rebus
1622 3305 1752 3370 piis;
1795 3317 1983 3369 nempe
2023 3302 2258 3367 religioni
2294 3307 2350 3350 et
2390 3300 2486 3351 Sn-

1430 3397 1591 3448 peris.

1497 3460 1656 3509 Erro.
1700 3470 1757 3505 v.
1811 3456 1962 3504 Cerea
1999 3470 2104 3518 «ιω
2138 3455 2303 3518 patulo
2341 3451 2489 3515 lucet]

1432 3533 1682 3597 Pinguis:
1719 3539 1778 3581 ut
1810 3532 1989 3595 Epigr.
2022 3534 2106 3581 68.
2138 3530 2230 3581 lib.
2271 3534 2318 3581 3.
2353 3542 2489 3579 vers.

1433 3615 1516 3661 19.
1549 3609 1774 3660 Ficedran
1794 3607 1971 3672 lumbo]
2001 3604 2366 3669 Infra,Epigr.
2387 3606 2473 3652 49.

1498 3694 1533 3740 2
1570 3689 1690 3738 Cum
1723 3685 1979 3749 tibisorte]
2010 3683 2223 3734 Scriboz
2263 3683 2384 3730 Cum
2400 3680 2493 3729 tibi

1434 3765 1587 3829 sorte]
1639 3765 1726 3815 Sic
1768 3763 1818 3813 in
1855 3764 1936 3813 his
1985 3761 2159 3810 libris:
2215 3763 2232 3788 ⁸
2268 3759 2493 3809 Sortitus

1436 3840 1674 3893 thecam!
1728 3840 1898 3889 Item:
1928 3840 1948 3867 '‘
1970 3838 2102 3888 Haec
2121 3837 2196 3886 illi
2219 3836 2330 3891 sine
2351 3842 2493 3883 sorte

1437 3918 1633 3969 datur!
1704 3917 1776 3966 Et
1818 3930 1959 3980 saepe
2004 3914 2149 3963 alias.
2215 3911 2498 3961 Ser-iverim.

1437 3996 1556 4046 Nec
1571 3993 1722 4044 aliter
1735 3990 2133 4042 Arondellianus
2149 3989 2333 4039 codex.
2371 3989 2499 4037 Gro·
2544 4026 2551 4033 .

1437 4072 1624 4122 notius.
1658 4070 1719 4119 Si
1737 4069 1881 4133 sapis,
1893 4060 2015 4117 adde
2027 4066 2185 4131 piper]
2217 4066 2294 4116 Ut
2310 4072 2367 4117 et
2386 4060 2496 4114 avis

1377 4151 1382 4157 '
1441 4162 1543 4197 una
1561 4156 1733 4196 tecum
1749 4145 1938 4209 sapiat,
1955 4143 2144 4209 alioqui
2164 4142 2254 4193 illa
2275 4142 2498 4208 insipida

1441 4222 1640 4287 futura,
1662 4229 1720 4272 tu
1742 4220 2007 4286 insipiens.

1510 4301 1672 4352 Erro.
1710 4313 1791 4349 vr.
1838 4303 1865 4349 1
1904 4297 2030 4363 Nos]
2063 4297 2346 4363 Pauperes.
2391 4297 2497 4347 Ali-

1443 4377 1570 4442 cam]
1620 4377 1815 4429 Potum
1835 4389 1867 4427 e
1894 4390 1988 4428 zea
2017 4390 2108 4427 seu
2144 4375 2333 4440 spelta,
2356 4386 2500 4424 cere·
