2985 4937
675 391 750 442 Μ.
800 391 969 440 VAL.
1017 388 1436 441 MAR'HALls
1484 386 1731 437 ssPJGR.
1777 390 1928 438 mn.
1968 389 2036 435 V.

280 543 513 589 aternum
531 539 791 591 amittere.
827 538 1030 591 Heraia.

333 617 482 667 Erro.
506 630 683 667 nxvu.
716 615 823 666 Sub
848 622 991 667 terto
1021 623 1077 667 et
1110 614 1317 678 tegulis,

270 693 347 744 ubi
386 692 657 744 nidificant
684 693 1014 763 ‘hirundinem
1056 693 1314 745 Martialis

266 770 541 834 habitabat,
561 785 781 836 avesque
803 771 1203 820 contubernales
1226 770 1315 819 ha-

267 848 417 899 bebat
448 847 789 909 hirundines3
832 861 895 896 ex
938 848 1122 912 quibus
1159 862 1312 897 unam

267 939 372 975 cnm
394 925 605 990 reliquis
622 940 723 975 non
739 925 972 985 avolasse
994 924 1048 973 in
1068 933 1314 974 autumno

265 1008 497 1064 notarat3
541 1016 759 1068 eamque
807 1017 838 1050 a
878 1000 1100 1050 reversis
1146 1000 1314 1050 altero

264 1094 376 1129 vere
418 1080 686 1136 laniatam.
773 1080 845 1129 Et
891 1078 1041 1129 brevi
1084 1075 1313 1128 fabulam

260 1155 484 1221 Prognes
504 1157 743 1222 exponit.
778 1158 907 1207 Rau.

285 1280 291 1289 ,
332 1237 357 1282 1
392 1234 637 1284 Hibernos
668 1236 903 1298 peterent,
934 1231 1038 1296 ξω]
1073 1231 1203 1281 Cum
1239 1230 1312 1281 lni-

261 1308 509 1371 mndines,
527 1316 815 1373 appetente
825 1308 937 1371 jam
950 1309 1160 1371 hyeme,
1175 1322 1205 1356 a
1225 1322 1313 1357 no-

258 1383 329 1445 bis
348 1384 655 1436 advolarent
670 1383 900 1436 Africam
915 1385 1079 1452 (teste
1097 1382 1315 1449 Plinio),

263 1462 389 1513 nude
411 1463 559 1513 verni
580 1477 678 1512 nos
695 1462 890 1512 visunt.

311 1543 343 1589 2
361 1538 613 1604 Atthides]
642 1538 1000 1599 Hirundines;
1030 1554 1061 1587 a
1082 1537 1313 1601 Progne,

255 1614 527 1667 Pandionis
549 1616 748 1667 Atticae
774 1615 910 1680 regis
926 1614 1050 1672 filia,
1067 1615 1120 1665 in
1136 1615 1311 1663 birnn·
1330 1674 1335 1677 ,

255 1690 416 1742 dinem
454 1707 728 1744 conversa.
797 1692 860 1742 In
895 1691 1024 1741 nidis
1055 1706 1169 1753 uun,
1205 1691 1315 1755 ξω]

255 1767 366 1819 Hoc
385 1768 521 1821 forte
537 1767 635 1819 sub
656 1768 867 1833 tegulis,
883 1768 972 1817 ubi
993 1768 1147 1817 scalis
1168 1767 1313 1817 habi-

253 1846 377 1905 tavit
413 1846 606 1908 tribus,
638 1845 694 1896 in
725 1843 1184 1894 contubernalibus
1207 1844 1314 1894 suis

252 1922 603 1975 hirundinibus
624 1920 1067 1989 animadverterat
1097 1923 1313 1972 Martia-

254 2001 327 2050 lis.

290 2082 340 2129 >8
373 2080 533 2142 Nefas
563 2080 630 2129 od
663 2083 896 2142 tempora,
917 2075 1023 2142 ξω]
1057 2074 1314 2125 Mansisse

252 2162 422 2207 contra
443 2170 643 2207 morem
668 2163 724 2206 et
740 2163 971 2205 naturam
985 2154 1117 2203 banc
1139 2153 1314 2203 hirun-

252 2231 411 2282 dinem
434 2231 766 2300 deprendere
803 2238 1033 2295 ceterae,
1069 2245 1196 2280 vere
1232 2243 1314 2280 re·

255 2322 425 2361 νει-ιω.

310 2392 340 2438 «1
363 2386 501 2453 θυαε]
524 2384 774 2452 Ejusdem
799 2385 1005 2449 generis
1028 2398 1170 2446 aves,
1192 2398 1313 2447 cog·

250 2471 378 2519 natae
401 2465 542 2516 inter
563 2481 652 2516 sex
687 2466 703 2495 ‘
726 2462 1037 2530 prot'ugam,'
1064 2461 1311 2512 desertri-

252 2553 357 2591 cem
378 2544 637 2608 agminis3
670 2542 829 2609 quod,
853 2551 913 2592 ut
938 2542 990 2590 in
1014 2555 1072 2590 re
1098 2538 1311 2589 militari

251 2622 463 2685 capitale
498 2631 605 2685 est,
641 2620 718 2671 ita
743 2619 845 2670 fuit
876 2620 997 2669 hnic
1026 2618 1312 2681 hirundini,

251 2710 362 2747 eum
383 2698 793 2762 discerperetur.
829 2696 1062 2746 Raderus.

310 2780 339 2824 6
372 2775 493 2826 Sero
521 2776 658 2826 dedit
678 2790 860 2840 poenas,
881 2772 985 2839 ξω]
1018 2771 1223 2823 Alludit
1244 2770 1312 2821 ad

249 2848 348 2905 fab.
370 2853 634 2918 Prognes,
658 2866 808 2917 quam
831 2851 964 2900 dicit
986 2855 1094 2899 tum
1114 2848 1314 2898 discer-

253 2923 467 2991 pendam
499 2928 680 2990 fuisse,
716 2928 806 2978 ubi
836 2928 951 2992 ipsa
980 2941 1126 2976 suum
1151 2924 1311 2975 fllium

252 3004 383 3069 Itym
407 3006 773 3070 discerpebat:
807 3005 1064 3071 simulque
1089 3004 1225 3054 ludit
1259 3003 1313 3053 in

254 3083 417 3133 verbis
438 3085 454 3112 ‘
475 3083 725 3149 discerpi'
748 3091 802 3135 et
831 3086 846 3113 ‘
867 3082 1135 3134 lacerare!
1179 3082 1313 3131 Vide

256 3158 341 3208 lib.
377 3164 428 3211 6.
491 3160 850 3225 Metamorpb.
887 3159 1049 3210 ovid.
1085 3166 1139 3209 et
1172 3158 1311 3223 apud

254 3235 603 3302 Mytlrologos.

316 3314 475 3364 Eme.
491 3326 697 3365 nxvm.
720 3311 928 3362 Aureus
945 3311 1086 3361 color
1108 3311 1316 3375 capillo-

148 3389 154 3398 *
256 3400 362 3440 turn
378 3389 919 3452 Germanicorum,xa2
932 3386 1118 3438 πάντων
1139 3389 1315 3452 σχεδὸν

254 3466 344 3515 τᾶν
360 3467 474 3532 πρὸς
491 3465 662 3532 ἄρκτον
674 3464 942 3517 onaan-m.
964 3465 1208 3517 Juvenal.
1224 3469 1315 3516 Sa-

258 3550 354 3606 tyr.
391 3548 474 3595 13.
528 3546 544 3574 ‘
569 3545 772 3595 Caerula
808 3544 922 3608 quis
956 3545 1157 3606 stupuit
1181 3543 1314 3594 Ger·

254 3621 386 3671 mani
444 3621 677 3671 lumina?
729 3619 916 3670 flavam
974 3620 1250 3669 Caesar-iem
1276 3618 1314 3668 ἓ·

254 3695 455 3761 Emptas
481 3705 658 3749 autem
679 3699 757 3749 hae
793 3712 956 3749 comae
990 3714 1020 3746 a
1052 3699 1314 3764 plerisque

254 3775 570 3840 mulieribus,
607 3777 907 3839 capillorum
929 3777 1157 3827 colorem
1179 3790 1316 3826 men·

252 3849 518 3904 tientibus.
551 3853 757 3903 Heruld.

282 3967 285 3972 .
320 3932 346 3976 1
379 3928 561 3979 Arctoa
592 3931 651 3980 de
679 3934 843 3994 gente,
874 3928 978 3993 dm]
996 3930 1059 3979 .E
1098 3929 1314 3981 Germa!

257 4007 357 4072 nia,
377 4026 493 4077 quie
516 4012 582 4062 ad
602 4010 839 4061 Arctum.
871 4008 1121 4060 Germani
1140 4018 1314 4058 autem

256 4081 385 4135 flava
406 4088 619 4146 caesarie
637 4085 968 4151 spectabiles.

280 4203 289 4209 .
317 4166 349 4212 2
388 4163 459 4214 Ut
487 4165 652 4227 scires,
683 4163 789 4227 ἔγω]
820 4163 897 4213 Ut
927 4163 1127 4225 videas,
1162 4177 1312 4227 quam

256 4235 582 4308 impudenter
624 4240 800 4291 fucum
855 4239 1025 4291 facias
1076 4240 1315 4290 meretri·

260 4314 414 4386 dum,
465 4320 549 4380 cui
604 4320 782 4392 placet
836 4319 1173 4385 caliendrum,
1220 4333 1313 4370 seu

2279 373 2453 447 1247

1391 550 1540 585 coma
1562 544 1740 600 empta
1763 543 1817 585 et
1837 534 2061 597 factitia,
2082 550 2196 600 quae
2222 534 2303 587 vel
2319 534 2452 584 Ger-

1390 627 1567 661 manos
1584 610 1716 675 flavo
1731 614 1907 663 colore
1921 623 2154 676 superet.
2193 614 2449 663 Matronae

1390 702 1564 743 autem
1600 694 1768 757 nigra,
1805 695 1942 759 lupae
1977 692 2111 742 flava
2150 694 2451 756 gaudebant

1390 786 1556 821 coma.
1621 771 1845 820 Videtur
1863 790 1866 793 ·
1886 771 2035 835 hujtts
2079 771 2256 834 Epigr.
2302 785 2450 833 argu·

1390 857 1621 897 mentum
1656 848 1985 912 desumptum
2021 862 2087 896 ex
2111 847 2265 898 ovid.
2285 847 2375 896 lib.
2400 851 2450 896 l.

1389 921 1570 973 Amor.
1595 925 1840 988 Eleg.14.
1877 931 1891 953 ⁸
1915 924 2068 974 Nunc
2094 925 2188 974 tibi
2209 926 2447 990 captivos

1389 1000 1552 1050 mittit
1576 1000 1854 1053 Germania
1877 1002 2079 1065 crines,’
2101 1006 2199 1053 διο.

1455 1078 1617 1127 Eme.
1658 1091 1817 1128 nxrx.
1867 1079 2061 1143 Ingens
2098 1088 2155 1130 et
2196 1086 2450 1130 aeternum

1390 1154 1575 1202 aeterni
1614 1155 1883 1205 Ciceronis
1914 1157 2168 1225 elogium:
2212 1166 2268 1209 et
2300 1159 2450 1209 simul

1390 1238 1667 1280 execratur
1686 1234 1857 1283 scelus
1878 1232 2114 1284 Antonii.

1438 1313 1480 1357 ,1
1511 1308 1716 1372 Phario]
1738 1311 2002 1375 AEgyptio.
2054 1312 2256 1362 Notant
2276 1320 2452 1363 autem

1386 1383 1615 1435 historiae
1640 1401 1835 1450 omnes»,
1870 1388 2147 1452 pessimum
2171 1390 2325 1438 istum
2347 1390 2450 1438 Eu·

1388 1461 1613 1529 n'uchum
1656 1463 1961 1527 Pothinum,
2012 1464 2102 1531 qui
2141 1480 2327 1533 magno
2373 1465 2449 1516 illi

1387 1539 1642 1603 Pompeio
1662 1543 1946 1605 perniciem
1970 1543 2176 1593 molitus
2210 1551 2311 1606 est,
2341 1544 2454 1608 jus·-

1388 1622 1470 1666 tas
1495 1616 1706 1667 tandem
1727 1618 1937 1669 sceleris
1957 1620 2035 1668 sui
2072 1634 2252 1684 poenas
2275 1619 2451 1670 luisse.

1385 1693 1523 1742 Vide
1547 1694 1727 1759 Epigr.
1748 1700 1831 1746 65.
1854 1696 1944 1746 lib.
1967 1701 2016 1748 3.
2040 1697 2176 1749 unde
2195 1698 2315 1747 buic
2340 1695 2476 1747 fax.-

1369 1770 1481 1833 ,Nic
1516 1770 1774 1836 offlectam]
1822 1772 1966 1824 Nihil
2000 1773 2158 1824 babes
2195 1774 2334 1839 quod
2376 1774 2452 1824 illi

1387 1849 1697 1912 exprobres.

1462 1928 1496 1973 2
1535 1925 1710 1975 Levius
1745 1926 1927 1991 tabula,
1965 1928 2071 1992 ἅνω]
2116 1927 2293 1978 Minus
2338 1934 2451 1978 tota

1385 2002 1797 2066 proscriptorum
1832 2004 2013 2055 tabula
2048 2020 2260 2069 nocens,
2298 2020 2453 2070 quam

1387 2092 1490 2126 uno
1514 2078 1785 2131 Cicerone.

1453 2159 1484 2204 8
1523 2157 1758 2219 Romana,
1795 2159 1901 2223 asa]
1950 2158 2014 2208 In
2054 2159 2321 2219 Ciceronis
2356 2174 2413 2209 os
2435 2176 2448 2208 ι

1388 2233 1405 2260 ‘
1422 2232 1574 2284 Quod
1595 2234 1710 2298 tibi,
1725 2236 1906 2298 Roma,
1928 2243 2111 2301 caput,
2133 2251 2253 2286 cum
2272 2238 2447 2302 loque-

1388 2309 1539 2373 reris,
1556 2311 1704 2361 erat.'
1757 2313 1934 2376 Epigr.
1956 2317 2038 2364 65.
2060 2313 2150 2365 lib.
2173 2316 2222 2364 3.
2251 2328 2377 2363 vers.
2399 2316 2451 2362 4.

1452 2392 1484 2437 4
1521 2389 1627 2439 Nec
1651 2390 1864 2440 Catilina
1881 2391 2035 2455 uqsue]
2069 2392 2122 2441 Si
2145 2392 2452 2453 revixisset3

1388 2464 1470 2514 cui
1497 2473 1671 2515 tamen
1710 2467 1875 2531 major
1909 2468 2017 2519 odii
2049 2483 2227 2520 caussa
2250 2468 2457 2519 Cicero·

1387 2542 1482 2605 nis,
1511 2558 1661 2607 quam
1686 2543 1805 2593 tibi.

1418 2670 1427 2676 ,
1452 2626 1482 2669 6
1518 2620 1704 2684 Impius
1724 2620 1943 2683 infando,
1963 2620 2067 2686 ξω]
2091 2618 2330 2684 Popilius
2354 2620 2455 2669 Le-

1389 2715 1502 2762 nas,
1547 2714 1822 2764 percussor
1862 2699 2147 2762 Ciceronis,
2185 2699 2272 2764 qui
2309 2699 2454 2750 illum

1388 2778 1577 2841 capitis
1604 2790 1748 2826 reum
1772 2775 2099 2827 defenderat.

1452 2860 1485 2905 6
1514 2854 1683 2905 Tantis
1700 2854 1880 2918 opibus,
1898 2853 2002 2918 ξω]
2031 2856 2246 2903 250000.
2269 2851 2454 2902 drach-

1388 2934 1486 2984 mis
1506 2933 1720 2994 Attici&
1743 2933 1973 2998 Appian.
1990 2933 2081 2984 lib.
2102 2937 2154 2983 4.
2186 2933 2354 2984 Tanto
2376 2945 2455 2981 er·

1391 3028 1458 3076 go
1481 3012 1654 3076 pretio
1679 3011 1849 3061 emisti
1872 3011 2153 3073 silentium,
2181 3010 2347 3059 recisa
2372 3011 2455 3059 Ci-

1392 3089 1597 3139 ceronis
1642 3088 1838 3151 lingua.
1910 3089 2020 3137 Una
2059 3086 2261 3151 ling-ua]
2307 3087 2457 3135 Cice-

1390 3165 1551 3224 ronis,
1574 3165 1660 3229 qui
1685 3172 1738 3213 te
1763 3164 2074 3229 Philippicis
2096 3162 2403 3228 exagitavit·

1454 3246 1483 3291 ‘1
1509 3241 1641 3298 Quid
1656 3240 1882 3305 prosunt]
1908 3241 2069 3293 Quasi
2092 3240 2266 3290 dicat:
2307 3241 2457 3289 Frus-

1390 3323 1474 3366 tra
1497 3317 1745 3367 laborasti
1771 3317 1823 3366 in
1845 3315 2065 3366 emendo
2088 3317 2186 3365 hoc
2211 3322 2313 3366 tam
2339 3330 2480 3379 pre»

1391 3392 1526 3454 tioso
1548 3392 1785 3453 silentio;
1820 3390 1957 3457 quod
1985 3399 2157 3441 tamen
2178 3391 2312 3440 baud
2337 3405 2457 3454 pro-

1389 3469 1546 3530 dest3
1583 3484 1720 3526 nam,
1761 3476 1818 3519 ut
1856 3469 2111 3533 sequitur,
2147 3469 2163 3496 ‘
2190 3467 2456 3532 Incipient

1390 3561 1570 3597 omnes
1590 3561 1687 3610 pro
1706 3546 1819 3597 Cic.
1839 3545 2016 3612 loqui.'

1453 3629 1486 3673 8
1523 3624 1760 3687 Incipient
1780 3638 1954 3684 omnes,
1973 3620 2085 3686 ξω]
2121 3621 2319 3672 Omnes
2341 3620 2454 3684 jam

1389 3701 1442 3751 in
1463 3702 1678 3751 crudele
1701 3701 1799 3750 hoc
1823 3707 1967 3750 tuum
1987 3698 2189 3749 facinus
2212 3699 2454 3747 inveben-

1393 3786 1488 3829 tur.
1544 3778 1632 3827 Sic
1654 3776 1837 3842 Epigr.
1859 3780 1941 3827 82.
1962 3776 2052 3827 lib.
2070 3782 2119 3827 2.

1472 3857 1634 3905 Eme.
1691 3867 1821 3904 Lxx.
1876 3855 2139 3918 Syriacum
2194 3851 2459 3911 libertum,

1391 3947 1678 3997 ganeonem
1736 3938 1791 3982 et
1844 3930 2268 3981 conturbatorem
2318 3929 2459 3978 illus-

1392 4017 1546 4072 trem,
1561 4010 1713 4060 ‚inter
1735 3999 1931 4072 pau'cos
1954 4007 2067 4064 dies
2090 4006 2361 4058 decoxisse
2385 4008 2459 4058 ait

1391 4086 1593 4137 centies
1614 4093 1837 4135 centena
1855 4084 2018 4134 millia
2039 4083 2154 4135 HS.
2173 4084 2225 4136 id
2242 4084 2455 4144 candus-

1391 4170 1547 4213 centa
1572 4161 1951 4227 quinquaginta
1981 4161 2148 4222 millia
2182 4161 2460 4226 Philippa·-

1391 4255 1557 4291 orum.
1608 4239 1840 4303 Syriscus
1860 4248 2033 4288 autem
2057 4244 2141 4290 est
2163 4252 2346 4288 nomen
2369 4236 2460 4287 fic-

1393 4325 1505 4368 tum
1543 4324 1598 4369 et
1628 4316 1837 4368 servile.
1903 4316 2024 4380 Syri
2056 4316 2195 4367 enim
2219 4315 2457 4389 plerique
