2985 4937
485 399 667 468 126⁴

483 558 780 610 Blandusiae
817 557 955 609 fonti
990 558 1266 621 Horatius,
1306 557 1428 608 O‘de
1469 559 1550 607 13.

488 638 583 765 ubi-i
597 642 885 776 'affut-timui,
913 711 1024 778 esa]
1057 713 1164 762 Cur
1184 711 1424 762 furtivam
1446 724 1551 759 ma-

485 793 585 842 luit
606 805 758 857 quam
782 791 850 841 ab
869 790 1068 847 amico·
1057 788 1330 839 donatam?
1366 788 1448 838 An
1483 801 1552 837 ex

484 869 888 961 superstitione?
933 869 1018 918 An
1040 868 1160 934 quia
1183 867 1387 946 dulcior
1414 879 1552 931 aqua

372 971 378 976 ·
483 946 717 998 furtiva?

513 1018 580 1065 7
618 1013 813 1064 Gaudia
831 1011 1015 1075 fontis]
1043 1012 1207 1063 Usum
1231 1025 1379 1076 aquae
1402 1008 1552 1060 furti-

483 1108 564 1142 vae
588 1107 693 1142 non
713 1091 1047 1143 insalubrem.

547 1171 710 1221 Eme.
734 1182 937 1221 xsvm.
985 1174 1012 1219 l
1037 1169 1218 1234 Sophos
1238 1172 1412 1220 clamat
1432 1168 1549 1233 tibi]

485 1249 588 1312 Ep.
605 1247 766 1299 4111).
788 1252 836 1297 1.
876 1247 1037 1297 Turba
1054 1247 1242 1311 togata]
1276 1247 1550 1297 Laudicoe·

483 1338 568 1375 nae
585 1331 642 1375 et
664 1327 934 1389 omneis,
957 1325 1045 1388 qui
1079 1325 1132 1374 in
1156 1324 1551 1375 recitationibus

484 1401 656 1452 solent
697 1399 1064 1467 ἐπισημήνασθαι
1120 1401 1315 1465 Ὀρθῦς,
1368 1404 1553 1466 Σοφῶς,

482 1478 969 1547 &c.'1¹beophrast.
1018 1476 1420 1543 Cumaeam-«pl
1473 1495 1552 1527 κο·

403 1555 695 1611 ,λακείαι

547 1638 580 1683 2
618 1634 764 1684 Coena
802 1634 987 1685 diserta
1022 1640 1108 1685 tua
1143 1633 1242 1698 est]
1292 1631 1553 1698 Suffragia

482 1710 596 1761 baec
605 1715 662 1761 et
677 1710 1079 1761 acclamationes
1096 1726 1128 1761 a
1147 1709 1553 1772 blandientibus,

481 1795 541 1838 et
554 1801 704 1837 coena
718 1787 805 1836 vel
825 1785 950 1836 trita
964 1795 1114 1838 veste
1130 1787 1413 1863 corruptis,
1429 1802 1552 1836 exa·

482 1866 617 1929 gitat
660 1864 847 1916 Horat.
891 1866 987 1916 sub
1038 1864 1143 1917 fine
1185 1865 1442 1929 Epistola
1484 1864 1553 1931 ad

487 1942 724 2002 Pisones,
742 1947 797 1991 et
830 1943 984 1992 Pers.
1004 1942 1185 1993 Sat-1.
1223 1955 1360 1991 vers.
1392 1944 1474 1992 54.
1496 1946 1555 1997 et

483 2019 710 2080 Plinius,
739 2032 895 2081 quem
919 2018 1042 2068 vide
1078 2017 1144 2068 de
1166 2018 1316 2084 hujus
1342 2020 1419 2068 rei
1451 2017 1552 2068 ori·

485 2095 627 2159 gine,
682 2095 855 2157 modo,
915 2093 1180 2159 foeditate,
1241 2094 1417 2160 Epist.
1471 2099 1554 2148 14.

489 2172 581 2223 lib.
604 2177 652 2222 1.
717 2174 720 2179 “
1129 2208 1134 2215 .

497 2250 713 2300 ..ΕΡιιι
749 2263 902 2301 xmx.
960 2255 986 2299 1
1028 2251 1138 2299 Non
1167 2264 1289 2312 σαιιι,
1322 2248 1430 2314 ξω]
1469 2249 1553 2298 Ex

481 2290 703 2389 persona
765 2325 944 2389 Priapi
977 2325 1242 2375 hortorum
1288 2323 1551 2374 custodis:

483 2401 752 2465 Epigram.
783 2405 867 2452 36.
900 2401 990 2451 lib.
1011 2408 1058 2453 1.
1081 2414 1214 2459 vers.
1245 2405 1322 2451 15.
1344 2407 1399 2450 et
1419 2399 1552 2450 libro

486 2483 536 2529 3.
556 2481 656 2545 Ep.
676 2485 755 2531 17.
776 2487 831 2531 et
854 2481 954 2543 Ep.
973 2485 1053 2531 16.
1071 2494 1244 2544 supra.

547 2561 580 2608 2
621 2557 777 2620 Vena]
819 2555 965 2616 Σάθη

549 2642 580 2687 7
617 2636 806 2700 Malus]
850 2639 974 2687 Fur.

549 2713 714 2763 Erro.
740 2727 791 2763 1..
827 2718 854 2763 l
890 2714 1068 2778 Paros]
1099 2715 1307 2775 Castus,
1343 2713 1553 2778 probos,

484 2787 722 2852 pudicos,
745 2803 964 2854 quorum
985 2789 1131 2840 basia
1152 2804 1300 2854 pura.
1335 2788 1551 2852 Amicos]

484 2865 744 2916 Gruterus
758 2881 974 2916 umores.-
1009 2874 1172 2918 recte.

546 2947 577 2991 5
617 2943 845 2993 Conscius
886 2944 1009 3007 esto]
1054 2944 1319 2994 Scelerum
1360 2941 1552 3008 alieno-

482 3033 595 3086 rum
618 3027 676 3070 et
696 3018 1029 3083 impuritatis.
1077 3020 1111 3071 J
1117 3019 1349 3068 uvenaiis
1373 3018 1563 3082 Satyrs

485 3100 536 3145 3.
561 3109 694 3146 vers·
708 3100 797 3148 ⁴9.
828 3097 844 3124 ⁸
861 3097 992 3149 Quis
1024 3111 1159 3147 nunc
1181 3096 1438 3161 diligitur,
1453 3096 1552 3146 nisi

484 3173 761 3236 conscius:
783 3176 885 3224 διο.

501 3281 508 3290 -
552 3250 715 3299 ΕΡιῦ.
753 3263 826 3300 u.
876 3254 909 3300 4
962 3250 1181 3314 Veniam]
1227 3252 1554 3316 Expectarat

486 3339 554 3375 ex
589 3325 1010 3390 prgaecedentibns
1054 3328 1356 3392 [lupercus¹
1382 3327 1552 3378 dictu·

486 3416 601 3451 rum
624 3400 847 3452 Poetam
889 3418 948 3453 se
971 3409 1210 3453 vocatum
1234 3417 1338 3453 non
1372 3408 1554 3452 ventu·

484 3473 635 3530 rum:
670 3480 964 3544 respondet,
1000 3487 1174 3531 autem
1195 3478 1555 3545 ἀπροσδοκήτως

484 3569 544 3606 se
563 3563 870 3618 venturum:
905 3557 1046 3623 quod
1063 3558 1196 3608 maie
1213 3558 1319 3609 urit
1341 3571 1552 3607 avarum

484 3633 889 3685 convivatorem.

548 3711 709 3762 Eme.
730 3727 830 3765 ur.
879 3711 1198 3777 Pantagatbi
1215 3712 1390 3776 pueri,
1414 3696 1563 3764 servi

485 3794 545 3840 et
574 3790 796 3841 tonsoris
830 3790 1072 3872 expediti
1086 3795 1141 3841 et
1161 3787 1351 3854 facilis,
1384 3797 1554 3840 tumu-

489 3867 591 3918 lus.
968 3905 977 3914 ,

435 3969 438 3982 =
548 3947 581 3994 2
616 3942 845 4006 Domini]
883 3943 1048 3994 Forte
1078 3943 1238 4008 ipsius
1272 3899 1552 3995 Martialis.

488 4020 637 4082 Gara,
669 4021 889 4084 dolorque
923 4019 1022 4084 sai]
1057 4020 1218 4071 Amor
1258 4026 1315 4073 et
1352 4020 1552 4071 delicias

487 4095 611 4146 dum
633 4096 854 4159 viveret,
874 4097 1020 4148 dolor
1041 4112 1107 4148 ex
1130 4106 1341 4149 morte.-

551 4177 584 4222 3
627 4173 725 4223 Vix
740 4178 986 4236 tangente,
1021 4175 1129 4238 δια]
1163 4175 1394 4240 Propter
1426 4174 1554 4227 faci-

485 4248 592 4298 lem
606 4255 662 4298 et
675 4249 843 4298 levem
863 4249 916 4299 in
936 4250 1202 4301 tondendo
1224 4251 1554 4316 radendoqne

493 4337 724 4398 nuum,
746 4331 802 4375 tu
823 4324 892 4375 sis
913 4324 991 4375 illi
1011 4325 1141 4377 levis
1158 4341 1189 4377 o
1207 4334 1362 4379 terra.
1416 4328 1556 4390 Vide

1180 411 1393 461 No'rAE
1444 412 1484 458 V
1498 409 1848 461 Amulium
1899 409 1980 459 IN

1628 556 1812 621 Epigr.
1850 560 1933 607 36.
1974 555 2064 606 lib.
2099 558 2148 605 6.
2180 568 2315 605 vars.
2334 558 2388 603 ⁹.
2445 552 2555 603 Alii
2589 552 2698 616 leg.

1625 631 1711 681 Sis
1736 632 1867 694 licet,
1922 633 2035 682 inde
2073 631 2186 694 sibi,
2227 630 2382 692 tellas,
2429 632 2512 693 ᾄτ.
2565 630 2679 679 Bar

1625 711 1771 761 bare.

1688 792 1723 837 6
1754 788 1976 853 Artificis
1996 787 2167 851 levior]
2201 785 2452 840 Quamvis
2477 800 2509 835 ο
2535 785 2698 834 tellus

1625 865 1958 931 Pantagatbo
1993 865 2060 914 sis
2083 865 2357 924 levissima,
2378 861 2701 917 facilitatem

1623 948 1798 991 tamen
1816 940 2140 1005 Pantagatbi
2154 939 2364 989 vincere
2387 952 2490 988 non
2509 944 2670 1001 potes
2686 952 2703 996 ς

1626 1032 1723 1069 nec
1733 1026 1881 1084 potes
1893 1028 1999 1071 tam
2008 1021 2139 1070 levis
2155 1034 2271 1070 esse
2283 1017 2702 1083 pondere,quam

1625 1097 1755 1146 levis
1776 1104 1833 1147 et
1848 1096 2016 1148 facilis
2040 1097 2175 1147 illius
2196 1108 2376 1146 manns
2391 1088 2512 1156 fuit,
2534 1107 2701 1158 quium

1625 1171 1902 1223 tonderet·
1944 1180 2001 1223 et
2027 1173 2138 1221 haec
2179 1178 2439 1220 tonsorum
2479 1169 2703 1233 propria

1624 1249 1758 1313 laus,
1779 1250 1882 1299 levi
1898 1263 2054 1299 manu
2068 1262 2374 1314 percurrere
2387 1255 2566 1311 caput.
2591 1247 2702 1296 Ra·
2706 1254 2713 1263 ‘

1625 1327 1823 1376 dnus.

1692 1404 1854 1454 ΕΡιο.
1876 1416 1994 1453 un.
2025 1406 2059 1452 4
2093 1402 2154 1452 In
2187 1400 2382 1463 somnis,
2412 1368 2525 1465 gun]
2565 1399 2704 1450 Per-

1625 1478 1875 1530 niciosum
1899 1479 2193 1531 mehercule
2216 1477 2531 1528 medicum!
2547 1477 2700 1541 cujus

1624 1555 1798 1620 imago
1824 1556 1910 1605 vel
1934 1569 2032 1621 per
2054 1555 2303 1606 somnium
2340 1554 2454 1604 visa
2489 1552 2706 1604 faceret

1623 1632 1693 1684 ad
1714 1640 1953 1684 mortem.
2006 1632 2147 1685 Quid
2180 1633 2295 1697 ipse
2330 1628 2548 1689 fecisset
2579 1638 2702 1681 arte

1626 1726 1721 1762 sua
1763 1711 1958 1761 inerti?
2021 1710 2185 1761 habes
2223 1709 2459 1773 ejusdem
2499 1708 2706 1774 ingenii

1626 1788 1960 1853 Epigramma
1974 1787 2154 1838 Grec.
2176 1786 2312 1838 libro
2329 1791 2381 1837 2.
2407 1787 2587 1850 capite
2613 1789 2704 1836 21.

1621 1860 1880 1928 Ἓρμσγθη
1909 1861 1996 1913 τὸν
2009 1860 2182 1928 ἰατρὸν,
2205 1865 2309 1913 &c
2377 1861 2604 1926 Lucillii,
2638 1867 2698 1911 et

1627 1939 1908 1992 Nicbarchi
1926 1939 2044 1989 οὔτ’
2069 1938 2287 2000 ἔκλυσιν,
2300 1942 2400 1990 &c.

1648 2020 1852 2069 ·ΕΡιο.
1902 2033 1996 2070 ιν.
2048 2019 2114 2069 In
2171 2019 2401 2069 olentem
2457 2022 2515 2066 et
2564 2011 2699 2065 infa-

1625 2110 1783 2156 mem,
1805 2101 1862 2146 et
1885 2094 2360 2145 nimiisnotabilem
2380 2091 2599 2153 delitiis,
2612 2097 2699 2141 est

1626 2172 1983 2236 Epigramma.
2056 2168 2369 2235 Quicunque
2408 2168 2547 2221 enim
2592 2169 2697 2218 hir·

1626 2262 1744 2298 cum
1768 2249 2072 2318 olet,:variis
2106 2248 2386 2313 pigmentis
2407 2247 2700 2311 compescit

1626 2324 1714 2375 vel
1775 2340 1985 2390 gravem
2041 2327 2284 2386 ιιιιίιιιιιιιι,
2330 2325 2415 2374 vel
2458 2323 2697 2386 corporis

1627 2400 1847 2462 vitium3
1897 2404 2082 2467 quibus
2115 2401 2365 2452 odoribus.
2401 2400 2537 2451 liaud
2573 2407 2698 2464 eget

1631 2478 1759 2529 nihil
1780 2481 1927 2530 olens
1950 2485 2006 2532 et
2025 2495 2202 2545 purus.
2237 2480 2420 2530 Ruder.

1697 2558 1723 2604 1
1784 2556 2039 2619 Cusinque,
2091 2554 2419 2619 cinnamoque]
2501 2553 2698 2618 Synec·

1556 2677 1559 2678 γ
1629 2633 1780 2684 doch.
1799 2647 1891 2697 pro
1914 2635 2096 2699 quovis
2130 2639 2379 2683 aromate.
2449 2633 2535 2682 De
2556 2634 2698 2684 casia

1630 2711 1750 2786 vide
1767 2726 1884 2777 quae
1902 2710 2195 2761 adnotarim
2217 2711 2284 2761 'ad
2310 2724 2445 2761 vers.
2478 2713 2567 2761 36.
2592 2711 2698 2762 Sat.
2760 2765 2761 2768 ,

1628 2793 1677 2840 6.
1697 2788 1885 2840 Persii.

1692 2872 1725 2918 2
1762 2867 1890 2917 Nido
1929 2866 2092 2930 niger]
2128 2867 2328 2917 Unctus
2370 2866 2521 2916 thure
2556 2865 2697 2931 quod

1630 2958 1776 3008 mque
1822 2958 1884 2994 ac
1927 2943 2303 2993 cinnamomum
2329 2949 2386 2993 et
2415 2942 2606 2991 casiam
2646 2943 2697 2990 in

1629 3021 1807 3071 nidum
1831 3019 2070 3085 congerit
2091 3019 2333 3082 Pboenix,
2374 3026 2532 3083 atque
2574 3017 2693 3067 inde

1629 3097 1928 3148 discutitur.
1947 3097 2084 3147 Plin.
2106 3098 2295 3149 libau.
2315 3112 2434 3162 cap.
2458 3101 2508 3148 2.
2525 3104 2585 3147 et
2606 3096 2696 3146 lib.
2736 3155 2739 3158 y

1564 3215 1569 3218 .
1632 3179 1714 3227 12.
1744 3190 1865 3240 cap.
1901 3179 1982 3226 19.
2017 3173 2199 3238 refert,
2222 3183 2497 3240 negatque.
2561 3176 2698 3225 Thus

1629 3267 1756 3315 ergo
1775 3251 2041 3319 intelligit,
2061 3252 2203 3317 quod
2227 3251 2466 3302 cinnamo
2482 3251 2694 3315 adjunc·
2758 3303 2765 3308 ,

1631 3337 1742 3380 tum
1785 3329 2028 3381 delicatis
2060 3328 2397 3393 fragrantiam
2435 3328 2694 3380 ministra·

1630 3406 1726 3457 vit.
1762 3405 2007 3456 Sidonius
2029 3406 2197 3472 Epist.
2219 3410 2301 3457 13.
2328 3406 2418 3455 lib.
2435 3409 2485 3455 2.
2520 3405 2692 3454 ‘Hinc

1628 3481 1802 3534 suffita
1814 3483 2051 3534 cinnamo
2065 3499 2130 3535 ac
2146 3484 2296 3535 thure
2310 3483 2534 3532 coenatio
2551 3499 2575 3533 s
2580 3497 2695 3548 par·
2710 3535 2718 3544 ,

1630 3567 1784 3626 geret
1831 3561 2134 3625 peregrinos
2199 3560 2407 3611 naribus
2473 3557 2696 3610 odores!

1629 3637 1761 3689 Aliis
1774 3637 2008 3702 superba]
2041 3637 2323 3701 Pboenicis,
2335 3635 2518 3702 Epigr.
2532 3640 2586 3687 7.
2605 3637 2692 3687 lib.

1628 3719 1681 3764 6.
1706 3729 1837 3764 vers.
1863 3718 1911 3765 1.
2742 3729 2745 3734 ·

1692 3795 1724 3841 3
1747 3791 1979 3841 Plumbea
1999 3763 2335 3856 Nicerotiana]
2357 3790 2585 3842 Redoles
2603 3804 2691 3841 un·

1630 3877 1826 3934 guenta
1845 3883 1876 3918 a
1897 3870 2151 3921 Nicen-ote
2170 3869 2381 3935 (Epigr.
2403 3874 2485 3921 38.
2507 3869 2597 3941 lib.
2617 3874 2695 3919 lo.

1631 3951 1688 3996 et
1731 3945 1910 4009 Epigr.
1944 3950 2025 3996 66.
2067 3945 2159 3995 lib.
2196 3944 2305 4011 12.)
2336 3945 2696 4011 aromatopola

1629 4020 1893 4084 confecta,
1915 4022 2044 4072 etin
2083 4022 2216 4072 vasis
2249 4022 2509 4087 plumbeis
2540 4017 2693 4073 coctd

1627 4098 1680 4149 in
1704 4099 1906 4159 umbra,
1931 4106 1989 4149 ut
2015 4099 2173 4150 docet
2194 4100 2449 4152 Plin..1ib.
2470 4103 2555 4151 13.
2572 4115 2706 4162 cap.¹

1628 4180 1679 4226 2.
1705 4176 1814 4225 Alii
1827 4174 2063 4226 referunt
2080 4176 2149 4227 ad
2166 4176 2387 4242 sagittas
2405 4176 2695 4240 plumbeas,

1629 4252 1813 4318 quibus
1833 4252 2209 4310 cinnamomum
2235 4253 2595 4304 exPhoenicis
2615 4251 2687 4300 ni·
2760 4309 2763 4316 ‚

1628 4329 1698 4382 do
1718 4328 1989 4380 decussum
2014 4330 2174 4380 tradit
2197 4328 2417 4380 Aristot.
2442 4329 2531 4380 lib.
2551 4333 2597 4379 6.
2624 4326 2687 4377 de
