2985 4937
627 390 705 437 M.
752 390 923 440 VAL.
974 381 1394 438 MARTrALls
1440 387 1688 435 EPIGR.
1736 389 1881 435 [AB.
1932 389 2102 436 xlu.

291 533 639 597 terpretando,
676 533 969 597 dijudicent
992 533 1177 599 quibus
1201 534 1340 596 pala·

293 616 395 660 turn
416 609 571 674 sapit.
640 610 849 674 Ίῖιιιαυί]
882 611 1063 676 Epigr.
1098 614 1180 659 26.
1215 611 1254 659 1.
1287 613 1336 660 4.

294 700 420 737 vers.
441 691 489 736 5.

350 766 382 811 2
405 765 645 826 ¹AEquoreo
661 764 834 827 dulces,
850 761 959 826 ξω]
1004 761 1245 829 Namque
1265 762 1341 813 illi

293 842 396 906 lnpi
430 850 550 893 snut
588 841 944 906 laudatissimi,
979 842 1067 906 qui
1102 841 1168 891 ad
1205 842 1342 891 ostia

292 916 554 969 fluviorum
577 919 773 983 degunt
790 917 929 968 dulci
948 918 1147 983 pariter
1166 932 1230 968 ac
1248 919 1344 968 sal·

293 1010 350 1045 sa
366 1010 493 1061 aqua
517 996 677 1060 pasti.

350 1073 511 1122 Eme.
544 1085 635 1122 xc.
686 1075 713 1121 1
748 1070 942 1124 Aurata
976 1070 1206 1135 meretur]
1257 1071 1342 1122 Ab

293 1148 397 1198 auri
417 1150 588 1198 colore
612 1148 664 1196 in
688 1147 864 1212 capite
883 1146 1050 1197 dicta:
1075 1155 1134 1197 ut
1155 1149 1344 1199 Graecc

294 1224 567 1290 xiv-&eoum-

349 1257 1078 1368 Eme.xcr.[1nuostrisVV
1094 1304 1199 1353 Μ..
1211 1304 1347 1354 sciat

293 1380 486 1433 Lector
503 1381 781 1444 benignus,
796 1394 911 1443 pro,
932 1378 1347 1444 NostraAldina,

292 1457 372 1508 hic
392 1457 654 1509 scribend.
678 1472 811 1520 esse,
826 1457 862 1509 J
868 1455 1092 1520 nntium]

314 1543 322 1551 ‘
353 1539 378 1584 1
415 1532 693 1599 Palatinas]
728 1536 1011 1592 Cesar-um,
1043 1533 1345 1601 Principum

273 1612 343 1662 'in
360 1614 585 1664 Palatio.

293 1719 296 1722 ·
349 1695 381 1741 2
410 1691 708 1753 Ambrosias,
741 1690 850 1755 &so-J
893 1691 1133 1755 Divinas,
1161 1689 1346 1756 dignas

293 1768 406 1819 Diis
425 1769 627 1834 superis
648 1775 705 1818 et
726 1768 1038 1819 Caesaribus.

353 1847 514 1898 Eme.
535 1859 703 1896 xcut.
754 1850 779 1895 l
814 1845 1105 1896 Diomedeis
1137 1851 1344 1897 maen·

291 1923 395 1987 das]
427 1924 632 1987 AEtolis,
645 1923 905 1973 Thraciis·
929 1937 1046 1973 nam
1064 1923 1349 1975 Diomedes

292 2013 380 2048 rex
392 1993 652 2050 Thraciae.
686 1999 882 2061 Setiger
900 1998 1057 2064 agris]
1080 2000 1347 2065 Epigram.

291 2081 373 2127 41.
404 2080 585 2142 snpra,
619 2083 675 2127 et
706 2077 816 2128 lib.
834 2078 1192 2142 Spectaculor.
1225 2079 1348 2144 Epi·

295 2168 448 2218 gram.
473 2162 557 2207 16.
579 2169 716 2206 vers.
738 2159 788 2205 1.

354 2236 386 2282 2
406 2231 595 2295 AEtolo]
623 2230 898 2295 Meleagri.

353 2308 515 2360 Eme.
538 2321 696 2358 xcxv.
748 2312 775 2357 1
789 2308 960 2358 Dente
976 2307 1205 2358 timentur
1223 2308 1350 2373 apri,

293 2384 396 2448 ξω]
424 2385 514 2435 Sic
546 2384 827 2434 Anacreon
869 2384 1007 2435 ludit
1038 2386 1093 2435 in
1125 2383 1351 2435 ferarum

269 2482 273 2487 ·
295 2471 551 2514 armatura
572 2463 771 2528 nativa,
789 2466 839 2514 2.
864 2462 989 2513 Car.

344 2540 503 2591 Erro.
518 2554 648 2591 xcv.
660 2539 1354 2604 1Μαίιιὲἰπανκπιβσμβρεο

297 2618 474 2668 taculis
505 2619 648 2669 enim
672 2618 942 2668 matutinis
962 2619 1270 2682 plerunque
1266 2632 1352 2668 ve·

296 2693 524 2744 nationes
535 2693 815 2759 dabantur,
827 2709 892 2744 ac
905 2693 1032 2744 ferae
1047 2695 1353 2759 spectaban-

298 2770 397 2821 tur.
456 2771 685 2822 Tur-neb.
704 2771 798 2821 liba
818 2776 900 2821 26.
925 2786 1047 2837 cap,
1064 2776 1147 2822 28.
1216 2771 1351 2822 Vide

297 2844 473 2912 Epigr.
495 2853 581 2898 25.
600 2847 693 2898 lib.
718 2852 798 2897 10.
819 2861 955 2898 vers.
982 2852 1029 2899 1.

354 2928 388 2975 2
422 2927 820 2992 Oryxfoonatot]
858 2928 941 2977 De
978 2941 1083 2993 qno
1122 2927 1351 2993 Oppian.

297 3004 347 3051 2.
379 3009 557 3067 Κυνηγ.
591 3005 795 3055 Plinius
835 3006 925 3056 lib.
962 3011 1013 3056 2.
1052 3021 1174 3073 cap.
1191 3012 1275 3059 40.
1295 3014 1353 3059 et

273 3093 278 3101 ·
297 3080 376 3129 40.
395 3081 579 3132 AElian.
591 3081 683 3131 lib.
703 3084 784 3132 14.
802 3096 920 3148 cap.
938 3086 1021 3133 14.
1073 3084 1202 3140 Quot
1217 3085 1354 3148 milii,

296 3155 399 3221 θα]
426 3157 613 3210 Saevns
631 3159 767 3208 enim
790 3166 892 3223 est,
909 3159 1201 3227 multosque
1218 3162 1352 3213 occi-

275 3252 280 3260 »
298 3228 375 3282 dit
393 3248 571 3286 canes.

360 3310 748 3364 Emn.xcv1.1
768 3314 870 3364 Hie
888 3313 1105 3378 erasme,
1119 3314 1224 3379 qa]
1247 3314 1354 3367 Hic

300 3400 480 3439 cervus
513 3390 698 3440 similis
733 3399 814 3441 est
848 3391 1004 3454 illius,
1034 3391 1121 3443 cui
1149 3398 1226 3456 tn,
1255 3393 1357 3457 Cy-

301 3466 513 3533 pat-isse,
548 3468 780 3519 insidens
822 3468 839 3497 ‘
863 3469 1046 3518 Mollia
1074 3469 1358 3558 purpureis

298 3537 536 3593 frenabas
557 3557 650 3592 ora
672 3542 951 3607 capistris}
988 3532 1148 3594 Ovid.
1185 3545 1358 3595 Meta·

305 3620 497 3684 morph.
524 3624 604 3670 10.
635 3622 736 3671 Vel
756 3620 912 3681 illins,
931 3621 1020 3685 qui
1042 3621 1216 3672 Silvia
1237 3620 1357 3671 filine

302 3692 515 3758 Tyrrhi
501 3711 554 3745 ιιι
571 3697 794 3759 deliciis,
813 3697 1006 3761 Virgil.
1028 3701 1078 3749 7.
1098 3696 1305 3748 AEueid.

367 3772 529 3831 Eme.
550 3786 726 3823 xcvn.
760 3778 786 3823 1
820 3773 1045 3837 Solaque,
1079 3772 1187 3837 ξω]
1230 3775 1359 3823 Lac-

306 3850 417 3897 teus
459 3862 672 3914 onager.
752 3850 976 3917 onagri.
1000 3851 1138 3899 enim
1193 3851 1360 3912 pullus

306 3921 498 3974 Lalisio
522 3933 754 3976 vocatur.
807 3926 945 3975 Pliu.
965 3925 1052 3975 lib.
1069 3930 1119 3975 8.
1139 3940 1256 3991 cap.
1274 3931 1359 3977 44.

343 4004 399 4049 2
421 4001 531 4051 Hoc
546 4001 733 4065 infans]
764 4002 1023 4054 Quamdiu
1040 4002 1239 4052 lacteus
1256 4010 1361 4066 θείς

306 4074 410 4126 cito
429 4092 552 4127 vero
569 4078 834 4142 depulsus,
855 4079 907 4127 in
923 4093 1175 4143 onagrum
1193 4088 1361 4130 trans-

309 4150 368 4201 it.
407 4154 546 4204 Plin.
569 4154 660 4204 lib.
681 4160 734 4204 8.
753 4169 869 4221 cap.
887 4161 971 4206 44.
1014 4154 1165 4206 Asini
1186 4166 1361 4207 autem

310 4228 572 4289 sylvestris
606 4231 780 4297 pullus
817 4231 871 4280 in
903 4231 1101 4282 deliciis
1129 4232 1363 4283 ciborum

312 4311 439 4358 erat.
506 4308 724 4360 Luciani
752 4305 948 4359 Aminios·
965 4307 998 4368 ἢ
1018 4307 1138 4362 ὄνος.
1210 4310 1365 4362 Breve

2296 372 2468 437 1435

1409 532 1600 596 nomeu]
1621 532 1742 583 Non
1756 539 1839 583 est
1854 532 2010 583 breve
2026 546 2232 595 nomen,
2249 531 2294 581 si
2317 530 2467 597 spec-

1413 618 1491 660 tes
1527 610 1781 674 syllabas3
1812 609 1900 660 sed
1934 618 2137 674 tempus
2173 610 2331 660 breve
2365 617 2469 673 cst,

1412 701 1514 753 quo
1540 685 1805 750 profertur
1823 688 1923 736 hoc
1939 701 2145 736 nomen.

1479 763 1643 812 Eme.
1668 776 1865 814 xcvm.
1889 767 1915 812 1
1937 764 2171 813 Delicium
2183 762 2467 827 pamma]

1415 839 1726 889 Cicurantur
1746 840 1881 888 enim
1913 838 2205 902 Dorcades,
2239 849 2472 889 mansue-

1415 924 1486 967 tae
1511 925 1568 968 et
1586 915 1861 968 familiares
1892 917 2042 979 finnt,
2076 932 2193 968 cum
2223 917 2472 982 aliquam·

1415 994 1508 1044 din
1544 994 1683 1044 inter
1716 995 1949 1045 homines
1981 993 2159 1055 fuere;
2207 994 2284 1044 ita
2319 1000 2378 1043 ut
2414 1008 2472 1043 se

1417 1074 1633 1124 tractari
1656 1089 1688 1123 a
1710 1075 1883 1138 pueris
1909 1074 2097 1136 sinant,
2117 1079 2174 1123 et
2190 1088 2220 1122 c
2238 1087 2392 1122 manu
2411 1072 2474 1121 il·

1415 1154 1581 1204 lorum
1621 1154 1791 1205 cibum
1825 1154 2053 1219 capiant,
2087 1152 2223 1219 qnod
2255 1152 2308 1201 in
2343 1151 2476 1201 Ger·

1416 1231 1607 1294 mania,
1625 1246 1727 1296 qna
1745 1230 2046 1296 frequentes
2067 1235 2205 1293 sunt,
2224 1228 2475 1279 usitatum

1417 1314 1518 1370 cst,
1551 1316 1606 1358 et
1626 1308 1817 1357 nemini
1838 1308 2089 1373 ignotum.

1481 1387 1515 1433 2
1533 1384 1747 1434 Jactatie
1764 1383 2009 1447 soleam-,J
2032 1383 2096 1432 In
2114 1395 2319 1431 arenam
2336 1379 2477 1429 mitti

1418 1462 1572 1525 solet,
1611 1461 1735 1512 dato
1770 1477 1802 1511 a
1839 1460 2127 1513 Quiritibus
2159 1458 2302 1523 signo
2340 1463 2473 1520 togae

1409 1538 1648 1603 jactatae.
1696 1540 1781 1589 Sic
1800 1538 2025 1589 Tui-neb.
2046 1536 2139 1588 lib.
2158 1541 2240 1586 26.
2260 1549 2373 1600 cap.
2394 1539 2478 1584 28.

1419 1617 1536 1680 Vel,
1552 1616 1705 1667 Hanc
1728 1616 1778 1665 in
1803 1629 1960 1665 arena
1979 1614 2183 1664 missam
2205 1611 2403 1674 agitare
2422 1616 2478 1659 et

1419 1693 1597 1744 venari
1615 1695 1746 1744 solet
1763 1692 1916 1744 turba
1927 1690 2144 1756 jactatis
2160 1687 2312 1751 togis.
2342 1686 2477 1736 Mihi

1418 1757 1702 1836 simplicior
1720 1784 1898 1820 sensus
1918 1767 2146 1828 videtur,
2179 1762 2479 1814 Dorcadem

1420 1846 1530 1897 sive
1550 1846 1754 1898 damam
1774 1845 1963 1897 animal
1983 1843 2238 1905 timidum,
2275 1840 2328 1890 in
2363 1851 2477 1888 are-

1419 1937 1542 1973 nam
1583 1923 1814 1985 missum,
1854 1920 1994 1970 nullo
2034 1931 2219 1969 canum
2259 1922 2482 1977 terrore,

1421 1999 1513 2049 sed
1536 2001 1651 2049 sola
1673 2008 1907 2064 togarum
1922 1996 2213 2062 jactatione
2231 1994 2480 2059 agitatum

1422 2090 1453 2126 a
1474 2076 1879 2142 spectatoribus.
1919 2076 2040 2135 Vel,
2057 2073 2196 2139 qnod
2217 2071 2381 2136 magis
2401 2085 2482 2120 ar·

1424 2154 1582 2216 ridet,
1614 2154 1802 2204 ludicri
1825 2168 2006 2204 caussa
2025 2150 2344 2210 Dorcadem,
2364 2149 2482 2197 suh·

1415 2231 1567 2296 jecta
1588 2239 1721 2296 toga*
1737 2236 1793 2281 et
1804 2229 2012 2295 jactata
2032 2228 2086 2277 in
2108 2225 2346 2288 sublime,
2364 2223 2484 2273 mit-

1424 2321 1550 2357 sam.
1588 2308 1784 2357 Fen-ar.

1426 2387 1654 2436 «Erro.
1677 2398 1830 2436 xcix.
1865 2389 1893 2434 l
1917 2384 2221 2442 Pendentem,
2239 2376 2347 2441 arm]
2380 2378 2484 2426 Re-

1426 2462 1588 2529 spicit
1624 2461 1692 2512 ad
1725 2460 1927 2525 Virgilii
1963 2473 2190 2520 versum,
2221 2461 2234 2484 ⁸
2253 2456 2488 2505 Dumosa
2592 2475 2598 2481 -

1426 2540 1657 2606 pendere
1676 2538 1858 2603 procul
1880 2537 1947 2588 de
1965 2550 2096 2599 rupe
2115 2530 2339 2584 videbo.’

1490 2623 1524 2668 2
1558 2616 1732 2680 Canes]
1766 2616 1916 2667 Inter
1937 2612 2242 2664 venandum.

1491 2697 1655 2746 Erre.
1674 2706 1725 2744 c.
1749 2698 1774 2742 1
1796 2693 2001 2742 Pulcher
2011 2693 2148 2741 adest
2161 2702 2356 2750 onager,
2377 2687 2486 2750 qa]

1427 2772 1645 2822 Missam
1663 2769 1826 2821 facite
1843 2768 2170 2819 venationem
2190 2763 2453 2829 elephanti
2472 2781 2487 2812 ε

1426 2849 1582 2899 adest
1602 2862 1814 2912 onager,
1846 2846 1992 2910 cnjus
2013 2843 2219 2894 venatio
2240 2854 2411 2892 arenae
2435 2846 2490 2890 ct

1425 2923 1812 2990 spectatoribus
1824 2919 2124 2987 jucundior.

1491 3008 1525 3054 2
1559 3002 1740 3054 Dentis
1763 2999 2037 3067 Erythraes‘]
2085 2995 2365 3061 Elephanti
2404 2995 2492 3046 In·

1428 3080 1534 3132 dici
1555 3095 1648 3131 seu
1668 3076 1967 3142 AEthiopici,
1996 3077 2156 3140 juxta
2184 3075 2335 3124 Mare
2357 3075 2488 3136 Ery-2

1426 3159 1664 3209 thraenm.
1730 3152 1900 3217 sim]
1922 3153 2094 3217 Retia,
2115 3167 2232 3218 quoe
2256 3151 2323 3200 ad
2345 3150 2490 3201 coiit-

1427 3235 1623 3287 cendos
1639 3236 1944 3299 elephantes
1959 3230 2378 3282 obtendebantur
2401 3242 2492 3292 po·

1428 3312 1536 3363 dio.

1497 3391 1659 3441 Eme.
1696 3402 1768 3440 οι.
1814 3391 1842 3436 l
1882 3385 2108 3450 sedavit]
2134 3385 2364 3449 Trapeto
2397 3397 2490 3433 seu

1429 3468 1576 3531 prelo
1609 3466 1809 3516 domita
1845 3464 2035 3514 emisit.
2096 3460 2278 3524 Bacca]
2313 3458 2491 3510 Oliva.

1437 3542 1659 3606 Venafri]
1692 3541 1872 3606 Epigr.
1892 3545 1976 3591 64.
1997 3539 2087 3590 lib.
2112 3543 2191 3589 12.
2211 3550 2345 3587 vers.
2369 3541 2415 3586 1.

1496 3625 1528 3670 2
1564 3621 1633 3669 Et
1653 3620 1784 3668 istud
1805 3617 1919 3681 olet]
1970 3616 2099 3666 Vult
2121 3616 2258 3665 enim
2279 3613 2492 3663 odorem

1430 3695 1534 3760 ipsi
1555 3697 1712 3746 etiam
1735 3696 1870 3756 oleo,
1903 3708 2006 3743 non
2029 3693 2105 3741 his
2128 3696 2349 3753 tautum,
2379 3703 2492 3754 quae

1431 3773 1547 3822 oleo
1558 3767 2098 3831 condiuntur‚deberi.
2116 3766 2251 3816 Vide
2268 3765 2495 3815 Plinium

1430 3848 1522 3898 lib.
1546 3853 1626 3897 16.
1649 3859 1768 3909 cap.
1789 3848 1871 3894 11.
1907 3844 2125 3892 Torreat.

1498 3925 1660 3974 Eme.
1683 3934 1778 3972 cu.
1813 3922 1880 3972 G.
1897 3916 2149 3980 sociorum]
2190 3917 2278 3968 Sic
2301 3917 2496 3967 Grute-

1433 4016 1522 4051 rns
1545 4014 1576 4049 e
1598 4000 1732 4063 Mas.
1797 3999 1970 4061 Vulgo
1992 3997 2144 4056 male,
2163 3994 2497 4057 wamhs-orans,

1434 4077 1572 4143 quod
1596 4090 1774 4140 garum
1796 4075 1893 4123 hoc
1919 4072 2112 4123 Canini-i
2132 4070 2294 4138 (quod
2319 4078 2496 4121 tamen

1435 4169 1504 4205 ex
1523 4153 1634 4203 ovis
1653 4152 2009 4217 acipensemm
2043 4147 2217 4214 parari
2242 4146 2443 4212 volunt)
2465 4161 2500 4196 a

1431 4231 1589 4282 sociis
1623 4230 1988 4292 Romanorum,
2018 4224 2240 4288 Graecis,
2274 4223 2521 4285 Mauris„

1435 4309 1934 4374 Foro-Juliensibus,
1970 4302 2329 4369 Clazomeniis,
2377 4302 2498 4353 His·
