2985 4937
643 441 722 486 M.
767 439 939 487 VAL.
987 441 1408 491 MAR'rlAms
1460 445 1706 496 EPIGR.
1752 450 1897 497 1518.
1946 450 2120 499 xul.

2309 438 2480 505 1429

291 581 451 644 licnli,
484 597 599 647 pro,
641 582 908 648 cauliculi)
954 589 1073 634 suut
1106 584 1348 636 brassicae
1423 592 1473 637 7.
1515 605 1649 641 vers.
1676 596 1723 648 8.
1787 591 1922 643 Setia
1958 594 2114 659 misit]
2166 597 2480 661 Campania.

292 674 407 723 pars
428 661 666 710 interior.

1424 666 1724 731 [Cretoenet'
1746 684 1808 718 an
1829 671 2124 737 Campaniae
2139 673 2160 722 ?
2178 673 2338 725 habet
2355 676 2477 725 Far·

251 761 254 764 ·
350 740 381 784 2
421 738 641 799 Nitrata,
671 735 781 800 ζα]
829 738 982 786 Nicro
1018 737 1153 787 enim
1207 741 1349 789 olera
1422 742 1571 807 nab]

288 811 535 862 viridiora
578 812 725 863 fiunt.
766 813 966 863 Plinius
1001 814 1089 864 lib.
1125 818 1207 864 31.
1229 831 1346 880 cap.
1403 833 1406 838 ·

292 893 370 935 10.

1489 820 1893 873 Eme.xx1v.1
1933 824 2178 890 Cecropio]
2208 824 2477 891 Attico‚a

1424 895 1662 959 Cecrope
1703 911 1842 960 rege.
1906 900 2162 966 Saturum]
2208 905 2370 954 Melle
2399 905 2476 955 in·

349 965 511 1014 Eme.
551 980 719 1016 xvnr.
767 970 792 1015 1
833 966 969 1029 Fila]
1002 967 1068 1016 In
1110 967 1348 1018 herbulas
1421 978 1590 1021 cocta.
1626 973 1828 1024 Plinius
1858 976 1949 1026 lib.
1978 983 2057 1029 15.
2079 994 2198 1044 cap.
2226 984 2306 1031 17.
2372 983 2476 1046 Cy]-

283 1041 418 1090 enim
442 1040 831 1106 frnticescit,1n
855 1043 1029 1093 tenuia
1067 1045 1211 1108 quasi
1243 1051 1347 1094 sta-

283 1118 417 1167 mina
435 1134 699 1172 crescens.
771 1120 1043 1183 Tarentini]
1079 1121 1230 1173 Quod
1255 1137 1345 1186 op-

284 1193 469 1244 timum
492 1196 726 1246 nascitur
749 1197 988 1245 Tarenti.

345 1274 378 1319 2
415 1273 593 1322 Clausa
613 1272 749 1336 dato]
794 1273 993 1322 Clausis
1016 1273 1183 1324 labiis.

343 1348 511 1399 Eme.
546 1363 671 1400 xxx.
731 1355 754 1399 1
794 1350 964 1400 Aricia
1003 1351 1192 1416 porros]
1244 1354 1318 1402 ‘E

280 1431 451 1473 mater
495 1424 678 1475 Aricia
726 1427 905 1489 porri,’
950 1428 1201 1477 Columel.
1268 1431 1341 1479 Ut

277 1512 406 1563 ergo
442 1502 621 1551 sectile
653 1517 859 1565 porrum
895 1505 1137 1566 Tarenti3
1173 1506 1248 1555 sic
1273 1506 1341 1556 A·

279 1573 422 1623 riciae
468 1577 755 1639 capitatum
801 1580 1035 1629 nascitur
1072 1581 1339 1643 optimum.

276 1647 471 1712 Aricia,
506 1652 647 1702 Latii
678 1654 882 1705 civitas.
952 1657 1241 1724 Nemoralis
1264 1660 1339 1709 di.

276 1726 431 1785 citur,
453 1735 671 1792 propter
694 1731 921 1782 vicinum
946 1747 1143 1784 nemus.

337 1807 370 1853 2
404 1805 586 1868 Stipite
621 1807 778 1870 cerne]
833 1810 1017 1873 Capite
1057 1819 1112 1861 et
1156 1814 1337 1877 stipite

273 1895 365 1930 seu
392 1884 607 1932 calamo.
661 1886 854 1951 Comus]
886 1888 1032 1939 Folia
1054 1896 1111 1938 et
1135 1890 1337 1952 herbas,

270 1956 450 2009 blades.

335 2034 502 2086 Eme.
537 2050 634 2089 xx.
688 2043 708 2088 1
751 2039 879 2104 Nos]
933 2038 1062 2104 Alii,
1101 2042 1242 2093 Hos.-
1278 2043 1331 2093 id

269 2118 368 2173 est,
391 2127 573 2177 napos,
596 2117 752 2178 paulo
772 2118 998 2168 minores
1020 2121 1179 2184 rapis.
1196 2122 1332 2171 Ami-

267 2192 452 2251 ternus,
483 2189 594 2254 qma]
643 2190 934 2246 Amitorum
977 2197 1100 2245 urbs
1144 2197 1333 2260 Italioe,

269 2264 530 2330 Aquileiae
571 2269 759 2321 vicina.
814 2272 913 2323 ‘In
958 2289 1061 2338 qua
1116 2276 1331 2338 palude'

266 2342 462 2407 (inquit
476 2344 718 2398 Sidonius
738 2346 1054 2411 Apollinaris
1080 2352 1247 2416 Epist.
1278 2358 1327 2403 8.

266 2419 357 2470 lib.
400 2419 474 2486 1.)
524 2422 687 2474 ‘muri
731 2425 944 2489 cadunt,
977 2442 1125 2493 aquae
1170 2437 1330 2492 stant,

266 2507 437 2548 turres
480 2497 684 2563 fluunt,’
739 2504 840 2554 διο.
912 2505 1097 2554 ‘Mare
1154 2514 1328 2557 autem

265 2568 597 2627 Adriaticum
624 2579 884 2630 Ravennae
928 2582 1203 2644 paludibus
1241 2583 1329 2632 im·

264 2655 565 2704 miscetur?
594 2656 801 2707 Vitruv.
826 2657 918 2708 lib.
939 2663 985 2708 l.
1011 2671 1125 2721 cap.
1146 2663 1196 2708 4.

328 2735 360 2780 2
411 2731 657 2783 Nursinas
694 2733 844 2797 pilas]
901 2735 1068 2799 Rapa,
1113 2751 1229 2801 quie
1273 2738 1324 2787 in

1422 1047 1574 1098 donia
1589 1066 1618 1099 a
1635 1051 1866 1116 cydone,
1885 1055 2210 1121 urbeCretae,
2225 1058 2297 1110 sic
2312 1058 2474 1116 dicta.

1485 1130 1517 1175 2
1551 1129 1817 1193 MelimelaJ
1849 1131 2055 1182 Mellita
2076 1149 2247 1198 poma.

1484 1204 1646 1255 Eme..
1672 1219 1807 1257 xxv.
1843 1213 1868 1258 1
1905 1210 2056 1260 Poma
2085 1228 2243 1263 sumus
2266 1214 2477 1281 Cybeles,

1416 1280 1524 1344 ‹qm-,J
1559 1282 1722 1331 Pinus
1761 1285 1968 1347 Maguae
1992 1288 2152 1337 Matri
2177 1301 2474 1341 consecrata

1418 1364 1518 1417 est,
1553 1365 1766 1423 propter
1799 1359 1942 1425 Atyn
1981 1370 2231 1414 mutatum
2256 1365 2307 1415 in
2338 1367 2486 1419 hanc

1416 1433 1671 1487 arborem.

1479 1515 1513 1560 2
1548 1512 1626 1562 Ne
1669 1516 1826 1577 eadat,
1860 1517 1967 1581 qv]
2000 1516 2083 1567 Ne
2128 1517 2370 1568 cadamus
2415 1519 2469 1571 in

1417 1595 1560 1638 tuum
1584 1598 1760 1653 caput.

1480 1665 1640 1716 Eme.
1659 1679 1818 1715 xxvr.
1854 1671 1886 1716 2
1912 1666 2086 1730 Pam,
2109 1683 2246 1732 quam
2258 1670 2366 1732 tibi,
2390 1687 2472 1734 po,-

1412 1754 1491 1789 ma
1529 1740 1688 1803 dabis}
1721 1742 1822 1794 Qui
1857 1743 2090 1794 molliore
2122 1752 2204 1793 est
2241 1746 2379 1807 alvo,
2415 1755 2472 1797 et

1413 1831 1555 1880 saepe
1589 1816 1839 1880 profluvio
1877 1819 2092 1870 laborat.
2155 1819 2473 1885 Videndum,

1412 1907 1477 1942 ne
1518 1893 1684 1944 subsit
1716 1894 1927 1960 aliquid
1979 1897 2213 1962 nequius,
2253 1908 2471 1963 propter

1408 1969 1535 2021 illud
1577 1971 1746 2040 Gildae
1786 1972 1840 2021 iu
1881 1973 2143 2025 Querolo:
2187 1975 2379 2039 ‘Nam,
2423 1976 2469 2027 si

1408 2046 1620 2110 iusuper
1644 2063 1800 2098 nuces
1815 2055 1870 2099 et
1887 2049 2038 2100 sorba
2060 2050 2283 2116 dederis,
2299 2061 2466 2104 totum

1375 2147 1378 2156 »
1408 2124 1661 2186 pupillum
1681 2125 1920 2189 ceperis!

1472 2201 1635 2250 Eme.
1680 2215 1865 2253 xxvn.
1917 2203 2129 2255 Termes
2179 2206 2246 2255 ab
2281 2208 2466 2258 arbore

1407 2277 1578 2339 palma
1600 2277 1894 2343 decerptus.
1925 2280 2106 2334 Diosc.
2139 2281 2231 2330 lib.
2265 2286 2313 2331 1.
2345 2297 2465 2347 cap

1408 2356 1522 2403 123.
1557 2355 1838 2405 Salmasius
1861 2364 2040 2407 censet
2061 2358 2331 2421 legendum
2350 2374 2466 2410 esse

1406 2430 1690 2494 sputamina
1714 2434 1795 2483 vel
1809 2433 2082 2486 Palathicm.
2104 2432 2301 2495 Παλάθη
2324 2437 2462 2491 enim

1403 2506 1594 2558 ficuum
1636 2494 1906 2559 dicessbatur
1947 2510 2128 2573 globus
2167 2511 2249 2561 vel
2282 2527 2466 2565 massa.

1405 2585 1469 2634 In
1517 2600 1731 2635 massam
1765 2585 1997 2636 conditae
2021 2585 2258 2639 similiter
2279 2585 2463 2637 affere·

1405 2660 1598 2712 bantur
1619 2669 1864 2726 caryotae.
1882 2662 2216 2726 Hesycluus.
2240 2662 2460 2727 Παλάθη,

1401 2737 1434 2798 ἡ
1475 2742 1571 2788 τῶν
1602 2736 1756 2788 σύκων
1794 2736 2074 2798 ἐπάλληλος
2116 2735 2258 2791 θέσις.
2329 2741 2461 2797 Inde

263 2808 460 2858 orbem·
476 2810 676 2873 optima
719 2819 1002 2863 nascuntur
1041 2813 1096 2862 in
1132 2814 1346 2877 Nursia,
1400 2814 1623 2866 σαλάθιον
1643 2823 1698 2866 et
1717 2814 1990 2866 παλάθιον.
2056 2817 2280 2866 Cottana
2303 2818 2462 2868 etiam

259 2885 575 2937 Sabinorum
617 2887 852 2940 civitate.

262 2963 406 3014 dere.

326 3042 496 3090 Eme.
523 3054 640 3093 ιιι.
678 3048 702 3093 1
738 3044 977 3107 AEquorea
1012 3059 1119 3108 qua
1147 3045 1322 3110 erevit]

893 2891 1035 2940 Eue
1068 2891 1217 2955 pilas]
1256 2894 1325 2942 E·

200 3134 205 3149 ’
260 3117 442 3181 Epigr.
460 3123 542 3167 55.
563 3118 654 3169 lib.
676 3122 724 3168 3.
769 3119 923 3182 Spina
943 3121 1191 3186 Βαυεπιιιι]
1225 3125 1240 3152 ‘
1259 3123 1321 3175 ln
1388 3127 1511 3190 Jora
1530 3124 1702 3174 forent
1722 3131 1954 3188 cottana,
1972 3123 2102 3175 ficus
2122 3125 2311 3174 erant.’
2346 3127 2460 3176 Sta-
2545 3166 2556 3173 .

261 3201 431 3245 totum
475 3195 625 3258 spina
658 3202 740 3250 est
768 3197 1083 3260 asparagus,‘
1126 3198 1322 3249 nullum

256 3271 437 3323 folium
460 3273 633 3336 habet,
655 3274 793 3322 Plin.
820 3273 909 3324 lib.
930 3279 1013 3326 21.
1045 3291 1162 3340 cap.
1184 3282 1267 3327 15.

321 3353 353 3399 2
390 3349 507 3417 Non
526 3350 639 3407 erit,
659 3351 767 3414 ξιτ]
790 3351 1081 3415 sylvestres
1105 3358 1162 3403 et
1175 3367 1325 3417 spon-

257 3436 314 3476 te
340 3440 434 3475 sua
455 3425 562 3475 nati
604 3441 699 3489 per
719 3436 924 3477 montes
948 3429 1186 3492 asparagi
1220 3444 1330 3485 nou

253 3503 451 3558 cedunt
478 3502 708 3552 altilibus
745 3511 802 3553 et
840 3503 964 3553 satis
1013 3505 1323 3557 Ravennati,

254 3580 365 3628 bus.
383 3577 670 3628 Athenaeus
688 3579 775 3630 lib.
797 3584 847 3629 2.
872 3595 988 3644 cap.
1013 3585 1096 3631 22.
1186 3582 1192 3591 “

243 3714 248 3719 J
323 3658 488 3705 Eme.
514 3669 660 3706 xxu.
695 3658 828 3710 Quae
852 3657 1022 3706 acinos
1038 3659 1217 3719 duros,
1240 3659 1323 3707 vel

253 3734 387 3783 duro
413 3740 583 3785 tectos
605 3733 746 3782 corio
769 3733 945 3784 habet.
961 3735 1099 3783 Plin.
1124 3734 1214 3784 lib.
1241 3738 1319 3784 14.

251 3827 370 3874 cap.
399 3815 446 3863 1.
468 3818 523 3860 et
544 3814 593 3860 3.
617 3810 823 3860 Gallice
844 3811 1158 3874 Piqnepoulle.

319 3894 346 3938 1
389 3889 501 3937 Non
521 3887 692 3937 habilis
707 3888 913 3952 cyathis,
933 3886 1044 3950 θα]
1076 3888 1244 3938 Prelis
1264 3895 1319 3936 et

252 3965 375 4013 vino
404 3962 622 4011 inutilis.

315 4040 350 4090 2
389 4039 514 4099 Tibi,
527 4038 636 4102 ξω]
667 4038 772 4090 Sed
796 4038 995 4100 edenti,
1016 4047 1199 4089 nectar
1212 4053 1318 4091 ero.

318 4104 486 4166 Eme.
512 4128 683 4166 xxut.
722 4120 747 4164 1
778 4115 923 4178 Chia]
944 4117 1007 4166 In
1031 4117 1160 4166 Chia
1179 4118 1317 4166 insu·

250 4195 301 4247 }a
344 4200 491 4255 nata,
528 4200 709 4255 postea
741 4193 844 4242 alio
883 4195 1147 4244 translata.
1200 4193 1320 4244 Seni

254 4271 427 4320 similis
470 4268 688 4331 Baccho]
757 4271 891 4321 Qnae
947 4271 1122 4321 vinum
1168 4279 1318 4321 vetus

256 4348 393 4413 sapit
440 4353 497 4395 et
543 4346 726 4397 salem.-
790 4346 1054 4411 Epigram.
1094 4352 1173 4399 25.
1231 4347 1319 4397 lib.

1399 2909 1463 2944 ac
1488 2908 1654 2958 pruna
1678 2893 1730 2941 in
1755 2907 1948 2942 massas
1967 2893 2043 2943 sic
2085 2893 2463 2956 componeban-

1402 2978 1507 3023 tur.
1527 2971 1666 3021 Hinc
1689 2970 1944 3021 Martialis
1967 2985 1981 3020 z
2015 2971 2030 2998 ‘
2051 2969 2203 3033 Haec,
2224 2969 2320 3020 tibi
2341 2985 2460 3035 quae

1399 3057 1538 3102 torta
1560 3057 1813 3099 venerunt
1846 3048 2058 3099 condita
2089 3055 2246 3112 meta,
2281 3049 2333 3107 Si
2357 3065 2462 3100 ma·

1401 3204 1541 3253 tius:
1606 3207 1619 3229 ‘
1642 3202 1904 3267 Nusquam
1952 3202 2158 3252 turbiue
2218 3203 2459 3253 conditus

1400 3280 1573 3330 ruenti
1599 3280 1891 3329 Prunorum
1915 3279 2096 3343 globus
2119 3286 2276 3344 atque
2300 3287 2465 3329 cotta·
2510 3308 2515 3313 -

1399 3358 1618 3408 norum.'
1676 3357 1757 3409 Ad
1797 3358 2008 3408 verbum
2055 3359 2236 3423 globus
2273 3374 2462 3424 pruno·

1399 3451 1510 3487 mm
1536 3442 1617 3485 est
1636 3433 1843 3493 παλάθη.
1879 3434 2084 3485 Salmas.

1467 3518 1492 3562 1
1526 3513 1669 3575 Juni]
1705 3510 1952 3562 Calendis
1987 3510 2245 3561 ⁸Ianuariis
2286 3511 2461 3561 mitte-

1399 3590 1589 3639 bantur
1610 3603 1641 3637 a
1659 3587 1968 3652 pauperibus
1990 3588 2235 3653 palmulae
2253 3590 2455 3637 inaura·

1400 3673 1488 3729 tae,
1511 3665 1593 3713 vel
1613 3671 1791 3713 crusta
1823 3662 1992 3724 initoe,
2032 3672 2091 3712 ut
2131 3663 2304 3727 placet
2339 3662 2453 3713 Jos.

1397 3742 1587 3804 Scalig.
1609 3741 1659 3789 iu
1680 3740 1870 3789 Tibull.
1909 3739 2001 3789 lib.
2045 3744 2091 3790 1.
2156 3739 2295 3787 Vide
2330 3738 2454 3801 Epi

1398 3834 1562 3881 gram.
1606 3822 1688 3867 33.
1733 3817 1824 3866 lib.
1862 3820 1909 3864 8.
1945 3815 2180 3865 Martial.
2216 3828 2347 3864 vers.
2374 3819 2452 3865 11.

1400 3898 1609 3961 caryota
1640 3891 1897 3955 Kalendis]
1931 3891 2279 3941 palmularum
2316 3889 2455 3940 fruc

1395 3980 1478 4023 tus
1503 3975 1577 4022 ita
1607 3972 1754 4033 dicti,
1775 3969 1912 4035 quod
1936 3968 2095 4032 capiti
2114 3982 2295 4032 graves
2318 3977 2461 4019 sunt.

1394 4049 1533 4099 Plin.
1558 4049 1591 4098 Ι.
1611 4051 1688 4099 13.
1705 4064 1750 4098 c.
1771 4052 1823 4096 4.
2440 4062 2445 4067 ·

1460 4131 1491 4175 2
1527 4125 1627 4175 Sed
1660 4130 1833 4182 tamen,
1864 4119 1967 4184 eya]
2021 4120 2154 4169 Haec
2180 4135 2393 4171 munera
2417 4122 2461 4171 si

1396 4204 1613 4253 mittant
1652 4210 1925 4264 pauperes,
1953 4205 2145 4260 quanto
2169 4197 2368 4262 majora
2389 4198 2463 4284 di·

1397 4279 1569 4331 vites?

1462 4360 1908 4410 Eme.xxv111.1
1939 4356 2084 4408 Torta
2097 4352 2457 4419 scamma]
