2985 4937
1022 433 1098 482 u.
1149 433 1319 486 var..
1350 431 1813 498 Mm'rmms.
2342 417 2512 485 1471

393 614 476 629 ——
505 584 689 646 Paris.
716 585 1003 659 12.-Voll.‡
1026 602 1103 649 11.
1133 586 1283 667 typis
1304 584 1546 664 Josephi
1574 569 1831 660 Barbou,
1860 605 1917 646 c.
1950 585 2091 666 figg.

356 681 558 753 1764
598 686 739 743 Ant.
771 684 845 743 de
874 683 1041 762 Rooy
1071 683 1446 761 Conjecturae
1471 682 1605 743 crit.
1632 682 1688 742 in
1713 690 1917 763 poetas
1941 692 2059 744 vet.
2078 692 2139 744 et
2157 683 2511 746 Martialem.

305 778 471 856 Traj.
499 778 576 839 ad
605 780 721 839 lu».
744 789 810 843 8

398 883 555 945 1782
603 877 945 949 Manliemii,
974 895 1113 937 cura
1158 886 1221 937 et
1268 875 1563 937 sumtibus
1606 877 1917 938 Societatis
1964 876 2230 951 literatae,
2288 887 2344 939 8.
2375 897 2520 957 qnoe·

313 972 582 1052 sequitur
608 974 753 1036 edit.
795 975 1115 1036 Parisinam
1143 992 1245 1053 ap.
1281 973 1543 1048 Barbou‚
1588 986 1648 1035 et
1690 975 2024 1037 Martialem
2066 995 2184 1035 non
2227 985 2510 1036 resectum

310 1069 574 1132 exhibet.

390 1295 524 1357 Nos
550 1304 776 1358 textum
796 1296 1089 1371 Scriverii,
1109 1317 1147 1357 a
1170 1295 1513 1357 Scbrevelio
1536 1296 1922 1375 recognitum,
1940 1296 2289 1379 recepimus,
2312 1296 2512 1362 denuo

310 1393 589 1454 collatum
621 1413 655 1453 a
683 1393 853 1454 'nobis
881 1414 1015 1455 cum
1049 1394 1378 1454 Raderiano
1403 1403 1466 1454 et
1495 1394 1879 1455 Farnabiauo.
1959 1395 2121 1455 Inter
2147 1395 2338 1457 varias
2364 1397 2522 1457 vari-⁷

311 1509 480 1551 orum
511 1502 816 1552 auctorum
847 1492 993 1552 vitas
1032 1489 1340 1563 Martialis,
1387 1509 1521 1550 cum
1573 1491 1770 1569 potior
1821 1491 1996 1552 uobis
2046 1492 2172 1554 visa
2222 1503 2376 1554 esset
2413 1494 2515 1556 illa

310 1588 535 1650 Mattio.
566 1589 802 1664 Raderi‚
830 1611 902 1650 ex
952 1590 1083 1669 ipso
1115 1587 1385 1650 Martiale
1412 1588 1786 1663 concinnata,
1830 1589 2011 1669 priori
2053 1610 2183 1650 eam
2231 1591 2514 1653 volumini

310 1685 730 1764 praemisimus.
815 1686 1093 1749 Secundo
1121 1685 1402 1764 volumini
1438 1685 1789 1765 adjecimuS‚
1818 1687 2072 1748 eundem
2114 1687 2512 1752 Scbrevelium

309 1783 522 1855 secuti,
553 1784 965 1863 Appendicem
992 1785 1495 1865 ‘Epigrammatum
1529 1783 1786 1845 Martiali
1814 1784 1932 1844 sive
1963 1805 2092 1845 vere
2134 1780 2254 1846 sive
2299 1807 2515 1868 perpe-

306 1869 436 1939 ram
475 1882 935 1960 suppositorum,
981 1882 1087 1961 (cf.
1119 1882 1197 1944 cl.
1227 1883 1308 1943 G.
1352 1884 1420 1944 E.
1468 1881 1755 1961 Lessingii
1800 1881 2161 1942 Vermiscbte
2210 1884 2513 1947 Schriften
2615 1951 2618 1954 ,

311 1977 531 2040 Berlin.
579 1987 753 2051 1771.
796 1980 878 2041 Τ.
914 1998 962 2041 1.
993 1980 1070 2041 de
1101 1980 1374 2042 Martiale
1395 1986 1441 2057 ς.
1470 1984 1560 2055 4.)
1588 2000 1706 2040 uno
1751 1980 2207 2061 Epigrammate,
2234 1980 2410 2043 nobis
2440 2000 2517 2044 x.

302 2075 638 2165 ‘auctiorem
664 2099 682 2147 3
725 2077 883 2155 quod
914 2098 986 2139 ex
1019 2078 1244 2139 Codice
1289 2079 1574 2153 Salmasii,
1603 2079 1706 2157 qui
1736 2099 1893 2140 nunc
1921 2087 2082 2140 extat
2109 2080 2168 2139 in
2199 2079 2515 2141 bibliotbe-
2583 2125 2593 2140 .

310 2192 387 2234 ca
414 2173 573 2253 regia
601 2175 882 2247 parisina,
911 2194 944 2235 a
967 2173 1172 2235 Gudio
1200 2174 1560 2255 descriptum
1590 2174 1814 2254 primus
1842 2174 1900 2235 in
1940 2175 2135 2236 lucem
2167 2176 2406 2256 protulit
2436 2179 2515 2239 cl.

311 2270 646 2350 Lessingius
674 2271 715 2331 l.
745 2292 800 2331 c.
851 2260 1277 2349 subjunximus
1308 2271 1564 2344 taudem,
1596 2292 1717 2351 quo
1747 2272 1860 2332 sibi
1891 2274 2277 2353 responderet
2303 2273 2517 2334 utrius·
2591 2339 2596 2347 ,

312 2387 433 2448 que
459 2368 772 2429 voluminis
798 2370 980 2429 nostri
1027 2369 1389 2450 plagularum
1435 2389 1733 2442 numerus,
1779 2353 2159 2431 Diversorum
2204 2376 2513 2450 poetarum

309 2465 374 2526 iu
396 2465 675 2545 Priapum
705 2467 914 2540 Lusus,
953 2488 1026 2527 ex
1064 2467 1375 2529 novissima
1410 2488 1610 2528 eorum
1657 2466 1931 2542 editione,
1966 2488 2100 2548 quae
2146 2466 2368 2548 prodiit
2413 2487 2513 2543 an.

319 2572 498 2633 1781.
529 2564 649 2625 sine
677 2566 792 2625 loci
820 2574 882 2627 et
907 2565 1271 2644 impressor-is
1301 2573 1458 2625 nota.
1542 2565 1634 2626 De
1660 2564 1729 2625 iis
1758 2564 1969 2625 videsis
1998 2564 2287 2627 Notitiam
2323 2564 2523 2645 litera-¹

250 2668 253 2675 '
312 2660 462 2721 riam
486 2660 547 2723 in
576 2662 801 2743 Virgilii
828 2663 1013 2725 nostri
1039 2664 1177 2725 Vol.
1207 2679 1287 2744 ιι..
1318 2682 1380 2742 p.
1411 2668 1552 2724 255.

1139 2903 1559 2971 VERSION
1571 2903 1706 2973 Es,

400 3059 689 3121 Gallicam
722 3058 1040 3120 versionem
1071 3057 1574 3138 Epigrammatum
1598 3056 1859 3117 omnium
1881 3056 2186 3130 Martialis,
2212 3067 2274 3118 et
2287 3058 2514 3139 prosai-

316 3177 454 3219 cam
498 3167 557 3217 et
585 3157 906 3228 metricam,
936 3156 1075 3216 fecit
1103 3155 1291 3216 Mich.
1336 3155 1412 3216 de
1453 3154 1753 3229 Marolles,
1777 3155 1960 3216 Paris.
2011 3155 2187 3217 1655.
2215 3165 2273 3217 4.
2305 3165 2521 3221 uti-am-

317 3276 437 3336 que
462 3254 617 3314 haud
650 3254 843 3334 magni
872 3253 1060 3333 pretii.
1140 3255 1175 3315 J
1183 3253 1414 3314 uvencii
1441 3253 1734 3313 Gallicam
1786 3253 2207 3334 metaphrasin,
2235 3263 2298 3314 et
2327 3252 2517 3315 Faillii

315 3354 377 3413 in
430 3351 763 3412 Martialem
792 3363 963 3412 notas
988 3360 1312 3411 memorant
1355 3359 1625 3411 auctores
1662 3349 1739 3411 de
1767 3351 2065 3411 l’Histoire
2095 3349 2201 3411 des
2227 3370 2516 3430 ouvrages

315 3450 426 3510 des
477 3452 703 3510 Savans
761 3450 936 3520 1693.
988 3450 1150 3510 Nov.
1200 3468 1268 3528 p.
1318 3455 1452 3508 130.
1498 3447 1588 3506 ‘le
1615 3448 1683 3507 P.
1705 3449 1990 3509 Jouvenci
2039 3447 2265 3509 Jesuite
2293 3466 2330 3507 a
2357 3449 2515 3528 pub-

314 3547 396 3607 lie
428 3567 539 3607 une
566 3545 902 3607 traduction
930 3546 1034 3606 des
1064 3544 1472 3625 Epigrammes
1520 3542 1595 3604 de
1625 3545 1889 3618 Martial,
1922 3545 2133 3605 demtis
2184 3545 2522 3606 obscoenis?

317 3642 412 3703 Id.
440 3661 503 3720 p.
538 3649 671 3703 131.
712 3643 842 3702 ‘M.
888 3641 964 3702 de
1012 3641 1071 3701 la
1119 3640 1297 3701 Paille
1324 3659 1361 3700 a
1388 3639 1590 3718 public
1635 3640 1917 3722 quelques
1968 3641 2144 3722 petits
2202 3659 2515 3720 ouvrages,

317 3759 551 3799 comme
576 3740 683 3800 des
705 3748 872 3800 notes
901 3759 1001 3799 sur
1028 3737 1308 3797 Martial!
1336 3753 1342 3757 ·

328 3857 336 3865 ·
399 3837 753 3898 Germanice
771 3836 999 3915 singula
1016 3832 1308 3895 Martialis
1331 3831 1766 3912 Epigrammata
1791 3852 1838 3892 s.
1858 3839 2176 3907 verterunt,
2199 3848 2243 3893 s·
2260 3832 2517 3895 carmine

318 3933 633 3994 vernaculo
651 3932 861 3993 imitati
882 3941 1040 4003 sunt,
1057 3931 1235 3991 Mart.
1254 3929 1550 4010 Opitzius,
1564 3929 2234 4003 Weruikius‚'1'rillerus,
2252 3931 2515 3993 Tscher-

319 4031 573 4111 ningius,
604 4030 894 4102 Weissius,
952 4033 1293 4108 Anonymus
1346 4027 1404 4086 in
1457 4025 1825 4087 Collectione
1880 4026 2200 4103 carminum
2253 4028 2514 4093 comico-

317 4148 471 4201 rum,
509 4125 847 4207 lyricorum,
893 4135 955 4187 et
1011 4123 1644 4204 epigrammaticorum,
1692 4123 1964 4185 Francos.
2012 4134 2072 4184 et
2118 4124 2518 4205 Lips.1764.

319 4225 652 4305 Hymmius,
683 4222 1060 4297 Wilkensius,
1088 4230 1149 4282 et
1173 4222 1274 4300 qui
1319 4240 1523 4282 omnes
1571 4220 1746 4282 facile
1772 4230 1905 4309 post
1934 4241 1995 4281 se
2019 4221 2297 4302 relinquit
2325 4223 2402 4283 cl.
2432 4222 2516 4282 G.

1951 4420 1966 4453 ἱ
