2985 4937
744 442 821 491 M.
850 441 1040 507 satin.
1087 437 1510 489 Mum-mnis
1559 418 1810 488 Epion.
1858 438 2001 485 nm.
2049 439 2101 486 1.

319 586 421 648 nia,
454 588 687 653 inquam,
731 588 928 638 minora
978 592 1033 638 et
1079 583 1386 650 protritiora

318 678 443 724 esse,
488 679 641 728 quam
689 672 747 713 ut
805 671 1157 728 spectatorem
1192 661 1380 711 morari

318 739 538 802 possint,
562 746 654 789 aut
677 746 890 804 stupore
915 739 1141 803 defigere
1161 755 1175 788 ι
1212 738 1229 766 ‘
1251 738 1383 786 Haec

315 817 498 866 transit
522 825 701 867 tamen
721 827 777 867 ut
803 817 999 867 minora
1028 817 1257 882 quisquis
1280 815 1382 864 Ve-

310 902 462 943 natus
481 895 705 944 humiles
732 895 874 945 videt
891 892 1136 956 leonum,’
1154 896 1252 943 &c.
1305 890 1381 942 Ut

310 970 363 1021 in
388 971 731 1035 sequentibus
765 971 940 1021 videre
982 979 1094 1020 est:
1130 970 1244 1034 quis
1268 970 1381 1034 jam

312 1061 375 1095 ex
421 1047 538 1097 istis
585 1048 758 1096 dicere
781 1050 944 1111 possit
968 1049 1194 1112 Libycos
1218 1063 1383 1108 ursos,

310 1125 487 1174 leones
510 1139 628 1175 esse
649 1141 664 1187 ς
684 1125 788 1176 imo
813 1127 926 1190 quis
943 1141 1049 1175 non
1065 1125 1380 1176 contrarium

310 1198 546 1251 asserat?
579 1202 678 1252 hoc
699 1203 1055 1266 spectaculum
1080 1203 1284 1252 leonum
1309 1202 1380 1251 le·

309 1292 463 1340 potes
482 1279 800 1342 venantium,
832 1288 887 1329 et
908 1279 1094 1329 illaesos
1117 1278 1390 1330 dimitten-

311 1355 458 1417 tium,
500 1357 633 1406 adeo
677 1370 915 1420 magnam
962 1357 1244 1421 miramque
1267 1371 1377 1407 rem

308 1432 475 1482 videri
497 1434 629 1494 vult,
661 1434 790 1483 utin
828 1432 1220 1495 comparatione
1251 1432 1377 1483 nihil

309 1508 410 1558 sint
482 1517 777 1561 ceterarum
845 1511 1071 1559 omnium
1148 1508 1376 1560 ferarum

306 1586 777 1637 mansuefactarum
800 1587 1062 1639 miracula.
1098 1587 1376 1638 Saluianum.

306 1662 443 1712 Vide
488 1662 723 1726 Lipsium
744 1664 929 1713 -Elect.
965 1667 1014 1714 2.
1038 1679 1156 1728 cap.
1180 1668 1232 1714 4.
1256 1679 1377 1713 con-

304 1738 613 1789 tendentem
635 1741 811 1791 leones
837 1756 866 1790 a
894 1741 1137 1791 Romanis
1162 1749 1269 1790 tum
1296 1754 1377 1791 ru-

306 1812 477 1872 dibus,
534 1815 689 1865 obvia
740 1825 966 1882 notaque
1022 1833 1149 1867 voce
1202 1816 1374 1869 dictos

305 1892 466 1943 fuisse
503 1895 758 1960 ‘Libycos
804 1894 1031 1946 Ursosz’
1067 1902 1125 1947 nt
1168 1905 1226 1948 et
1270 1899 1374 1954 ele-

309 1969 575 2034 phantem,
608 1972 824 2022 ‘bovem
853 1975 1043 2025 Lucam
1062 1974 1099 2037 ;'
1132 1976 1374 2026 struthio·

308 2052 444 2112 dem,
493 2049 788 2113 ‘passerem
832 2053 1083 2102 marinum
1106 2051 1147 2114 ς)
1191 2060 1375 2102 contra

308 2139 455 2189 quem
490 2141 557 2175 ex
582 2126 740 2176 Plinii
761 2129 1068 2192 autoritate,
1092 2131 1126 2180 l.
1150 2133 1199 2179 8.
1219 2144 1267 2180 c.
1290 2133 1372 2181 36.

308 2210 363 2250 et
400 2207 486 2252 58.
538 2203 696 2254 docte
731 2204 1094 2268 disserentem,
1130 2221 1248 2258 cum
1285 2207 1374 2257 alii

310 2278 518 2340 plurimi
554 2288 785 2346 autores,
825 2290 933 2333 tum
956 2285 1039 2334 hic
1062 2283 1192 2335 facit
1217 2287 1375 2349 locus,

306 2355 390 2417 ubi
431 2357 737 2409 inductione
778 2373 1086 2412 caeterarum
1130 2362 1375 2425 ferarum,

304 2432 440 2483 inter
463 2449 592 2499 quos
608 2442 664 2486 et
688 2451 944 2501 ursorum,
961 2438 1259 2490 ascenditur
1271 2439 1372 2491 dis-

305 2508 469 2560 tincte
484 2511 551 2561 ad
573 2512 766 2563 leones.

365 2593 398 2639 6
435 2590 680 2646 Quantum
721 2594 953 2658 Calydon,
994 2595 1104 2658 ξω]
1159 2596 1372 2661 Calydon

305 2664 429 2716 urbs
452 2668 684 2732 AEtoliae,
702 2684 819 2734 quae
845 2672 974 2721 aluit
1006 2687 1188 2737 aprum
1222 2674 1368 2724 illum

303 2753 622 2796 vastatorem
656 2762 688 2796 a
725 2747 995 2811 Meleagro
1029 2758 1084 2798 et
1115 2748 1369 2800 Atalanta

304 2838 515 2875 caesum.
603 2825 739 2875 Vide
776 2839 860 2890 ep.
904 2831 984 2876 15.
1022 2827 1157 2876 libro
1196 2834 1367 2892 spect.

303 2914 429 2950 vers.
458 2905 506 2951 1.
1321 2909 1326 2913 ’

363 2982 395 3028 7
429 2978 701 3042 Purpureis
741 2978 880 3043 aper]
937 2981 1110 3045 Supra
1153 2993 1283 3030 vers.
1316 2983 1368 3028 2.

308 3055 570 3120 capistris]
624 3058 939 3120 Capistrum,
983 3058 1242 3108 vinculum
1276 3063 1372 3120 est,

300 3136 435 3199 quod
458 3135 630 3198 mulis,
652 3134 836 3197 bobus,
870 3135 1089 3199 aliisque
1118 3135 1374 3204 jumentis

303 3212 598 3272 adhibetur,
636 3226 701 3261 ne
739 3209 962 3276 fugiant,
995 3222 1052 3262 et
1074 3213 1208 3277 quod
1230 3215 1374 3264 cirea

248 3323 249 3326 ,
303 3303 359 3336 os
392 3288 698 3351 involvitur,
734 3279 804 3339 ne
836 3303 1052 3351 gramen
1085 3299 1324 3354 carpant.

364 3370 396 3416 8
430 3366 631 3427 Rauda,
660 3364 768 3427 ξω]
800 3366 998 3415 Currus
1020 3366 1370 3419 Britannicos.

300 3443 479 3506 Bima]
517 3443 670 3504 Fere,
688 3441 835 3492 cervi
849 3442 1032 3506 figura.
1136 3489 1143 3494 Χ

363 3525 396 3570 9
431 3520 626 3582 Molles,
681 3521 786 3585 ξω]
836 3521 989 3573 Quod
1045 3521 1370 3586 Elephantns

301 3598 496 3648 saltans
514 3606 666 3661 paret
684 3599 877 3648 rectori
894 3613 987 3648 suo
1006 3613 1073 3647 ex
1097 3599 1374 3663 AEtbiopia.

300 3675 468 3739 epigr.
503 3679 584 3726 77.
608 3677 642 3726 l.
665 3681 716 3726 6.
741 3684 799 3726 et
829 3677 951 3726 vide
977 3676 1163 3726 AElian.
1192 3678 1229 3727 1.
1247 3683 1296 3729 2.
1319 3693 1368 3729 c.

303 3756 384 3803 11.
400 3754 543 3803 Plin.
567 3754 603 3802 l.
628 3758 677 3802 8.
698 3769 744 3803 c.
768 3758 819 3803 2.

332 3821 333 3826 ¹
362 3835 427 3881 10
462 3831 627 3893 Nigro
649 3831 803 3902 bellua
823 3832 896 3881 nil
914 3830 1085 3895 negat]
1119 3830 1182 3880 In
1200 3830 1371 3881 Aron·

301 3907 423 3959 dell.
439 3908 636 3970 inveni,
654 3924 749 3958 nou
763 3914 927 3971 negat.
980 3908 1134 3960 Quod
1155 3909 1372 3960 Martia·

300 3985 365 4036 lis
387 4000 508 4036 csse
533 3992 681 4050 puto,
695 3994 751 4036 et
774 3993 1029 4037 mutatum
1054 3987 1121 4037 ab
1144 3987 1262 4048 illis,
1280 3987 1367 4053 qui

186 4106 195 4117 ,
298 4064 606 4115 nesciebant
640 4065 901 4129 ‘negare,'
956 4066 1262 4130 simpliciter
1304 4082 1368 4117 ac

299 4140 411 4191 sine
445 4156 570 4192 casu
601 4156 738 4203 esse,
770 4157 874 4192 non
917 4158 1124 4208 parere,
1145 4154 1249 4193 non
1283 4159 1368 4194 ce·

302 4220 443 4271 dere.
525 4221 615 4271 Sic
655 4216 878 4285 ‘equum
915 4220 1137 4270 stimulis
1174 4235 1368 4284 negan-

304 4298 444 4346 tem’
479 4299 738 4366 Lucanus,
779 4297 856 4348 sie
890 4301 1048 4349 ‘saxa
1094 4297 1235 4349 ferro
1277 4314 1370 4349 ne·

306 4374 510 4440 gautia’
545 4375 747 4425 Statius
788 4376 943 4440 dixit,
964 4385 1022 4426 ut
1047 4376 1110 4426 ad
1142 4375 1278 4426 hunc
1315 4376 1367 4425 in

1458 581 1700 633 Distriba
1737 581 2125 633 observavimus
2170 581 2358 644 primi;
2407 596 2528 633 nam

1461 658 1595 708 adeo
1634 659 1827 723 placuit
1867 656 2076 708 summis
2115 656 2257 721 viris,
2289 665 2347 707 ut
2380 671 2527 708 sunm

1459 750 1574 786 esse
1599 737 1830 785 mallent.
1854 736 2140 786 Gronovius.

1526 816 1586 862 11
1623 812 1856 876 Deorum]
1890 813 2172 871 Caesarum,
2193 811 2379 877 quibus
2399 812 2527 867 ferae

1458 904 1560 938 non
1576 891 1745 939 minus
1764 896 1967 952 parent,
1985 903 2139 954 quam
2155 888 2281 952 ipsis
2299 888 2431 939 Diis.
2450 889 2527 938 sic

1457 967 1620 1018 Mart.
1638 967 1673 1018 l.
1696 967 1873 1029 Spect.
1892 981 1979 1030 ep.
2003 969 2084 1015 17.
2106 964 2174 1015 de
2198 965 2523 1028 Elephante:

1457 1044 1664 1095 ‘Crede
1719 1044 1844 1094 mihi
1886 1057 2077 1094 numen
2132 1043 2296 1094 sentit
2318 1050 2374 1093 et
2422 1043 2512 1092 ille

1459 1124 1644 1175 tunm.’

1525 1206 1588 1251 12
1623 1201 1749 1251 Hoec
1786 1203 1985 1262 transit,
2021 1200 2130 1265 qm]
2179 1201 2315 1252 Haec
2348 1206 2526 1250 tamen

1454 1280 1630 1329 omnia
1652 1286 1867 1343 superat
1883 1280 2118 1344 leporum
2143 1280 2288 1330 lusus
2310 1292 2405 1343 per
2428 1277 2530 1328 ric-

1458 1363 1542 1407 tus
1561 1357 1785 1407 leonum.

1523 1437 1585 1484 14
1623 1434 1755 1491 Quos
1770 1435 1927 1495 velox,
1948 1432 2053 1497 &cd
2090 1432 2261 1496 Supra
2283 1431 2451 1496 epigr.
2474 1436 2526 1483 7.

1457 1516 1537 1560 15.
1556 1515 1636 1560 23.
1658 1516 1741 1562 45.
1763 1515 1845 1560 49.
1869 1516 1951 1561 52.
1972 1515 2056 1561 61.

1515 1592 1577 1637 21
1616 1588 1742 1638 Haec
1762 1588 2036 1651 sumentia]
2063 1587 2243 1637 Totius
2266 1586 2528 1651 epigram-

1450 1664 1610 1715 matis
1647 1680 1766 1714 curn
1805 1665 2208 1729 epiphonemate
2240 1663 2528 1725 conclusio,

1453 1759 1555 1808 qua
1592 1735 1802 1793 leonum
1847 1744 1900 1793 in
1946 1743 2153 1806 lepores
2192 1740 2522 1791 clementiam

1451 1820 1719 1871 divinitati
1743 1821 1967 1871 Caesaris
1982 1818 2254 1880 adscribit,
2269 1817 2416 1881 cujus
2433 1831 2525 1866 nu·

1451 1911 1569 1947 men
1593 1897 1823 1947 sentiant
1844 1898 2041 1958 leones,
2073 1897 2227 1962 eique
2250 1895 2316 1944 ad
2339 1902 2526 1945 nutum

1450 1974 1704 2025 serviant.
1739 1975 1920 2025 Rader.
1991 1975 2127 2023 Vide
2160 1980 2523 2037 argumentum

1449 2050 1602 2115 hujus
1640 2055 1807 2117 epigr.
1845 2066 2006 2115 supra
2039 2066 2127 2116 ep.
2153 2055 2235 2100 15.
2257 2051 2409 2114 hujus
2431 2049 2523 2098 lib.

1449 2137 1507 2180 et
1528 2145 1611 2194 ep.
1635 2134 1715 2180 17.
1736 2130 1829 2180 lib.
1852 2136 2021 2193 spect.

1516 2208 1681 2256 Eme.
1726 2220 1842 2257 ονι.
1898 2212 1923 2256 1
1964 2204 2135 2268 Ovidi]
2188 2205 2380 2253 Vinum
2438 2202 2522 2252 liic

1448 2284 1855 2345 Nomentanum,
1886 2284 2033 2348 cujus
2068 2288 2209 2332 esset
2241 2279 2432 2343 ingenii
2466 2285 2524 2327 et

1447 2365 1652 2411 naturae
1676 2360 1852 2411 docet.
1887 2361 2089 2410 Recens
2114 2359 2412 2421 ingratum;
2437 2371 2521 2404 ve·

1451 2445 1649 2489 tustate
1692 2445 1864 2488 tamen
1898 2436 1963 2486 ad
2012 2434 2303 2502 perfectam
2349 2441 2523 2484 coctu-

1450 2532 1559 2566 ram
1601 2517 1810 2579 adduci,
1852 2523 1909 2567 et
1945 2523 2149 2566 certare
2192 2527 2346 2578 posse
2402 2527 2521 2562 cnm

1446 2594 1873 2659 generosissimis.
1945 2593 2175 2646 Quincte
2221 2589 2402 2640 Ovidi.
2452 2588 2520 2637 ad

1447 2688 1603 2738 quem
1627 2672 1752 2722 alibi
1774 2685 1933 2735 saepe.
2004 2670 2142 2726 Quod
2161 2668 2390 2724 noscitur,
2409 2665 2520 2730 δῖος]

1446 2752 1634 2800 Vinum
1658 2764 1724 2798 ex
1751 2764 1878 2813 agro
1909 2762 2023 2797 meo
2050 2745 2397 2804 Nomentano,
2430 2742 2522 2793 ubi

1446 2833 1720 2878 vetustate
1764 2827 2043 2889 decoctum
2085 2820 2417 2882 maturuerit,
2452 2820 2523 2867 vi·

1447 2904 1563 2954 deri
1602 2910 1780 2967 potest
1817 2901 2026 2952 exuisse
2064 2911 2254 2948 nomen
2270 2896 2520 2960 vatrium

1446 2981 1661 3047 (recens
1714 2980 1852 3029 enim
1902 2978 2076 3026 vinum
2134 2976 2520 3026 Nomentanum

1449 3057 1698 3107 audiebat
1742 3057 1925 3106 durum
1980 3062 2038 3105 et
2087 3051 2327 3116 insuave)
2360 3059 2520 3128 atque

1447 3142 1687 3184 naturam
1712 3141 1989 3195 austeram,
2024 3146 2143 3180 cum
2166 3129 2299 3179 vinis
2324 3128 2406 3178 vel
2429 3142 2519 3191 op·

1450 3211 1588 3261 timis
1611 3209 1952 3269 contendere,
1971 3217 2025 3258 et
2050 3206 2381 3271 Opimianum
2398 3205 2522 3267 dici,

1451 3289 1533 3338 vel
1558 3289 1854 3350 Falernum,
1876 3288 1959 3337 vel
1993 3284 2134 3336 aliud
2175 3284 2520 3351 quodcunque

1447 3366 1630 3416 addito
1674 3365 1939 3431 amphorae
1983 3364 2156 3429 titulo,
2191 3362 2520 3414 commendav-

1450 3451 1553 3495 tnr.
1801 3475 1804 3478 -
2193 3493 2200 3500 ,

1512 3526 1543 3571 8
1578 3520 1763 3585 Mores]
1797 3517 2152 3583 Asperitatem
2180 3525 2237 3567 et
2259 3517 2520 3580 ingratum

1445 3614 1707 3663 saporem.
1774 3596 1981 3659 Nomen]
2041 3595 2248 3657 Nempe
2292 3591 2521 3655 cujusvis

1447 3673 1828 3740 generosissimi
1886 3673 1995 3722 vini
2047 3672 2277 3731 nomine,
2344 3669 2519 3716 vinum

1446 3752 1578 3804 illud
1618 3750 1883 3815 indigitari
1919 3764 2093 3815 posse,
2131 3757 2190 3797 ut
2230 3747 2312 3797 vel
2342 3745 2521 3795 Faler-

1444 3845 1572 3880 num
1607 3828 1892 3892 voces,-vel
1922 3827 2192 3888 Calenum,
2225 3825 2309 3874 vel
2332 3822 2522 3872 Massi-

1445 3922 1584 3969 cum,
1628 3910 1726 3956 διο.
1758 3905 1901 3978 nullo
1943 3904 2080 3955 enim
2114 3901 2348 3953 deterius
2382 3913 2518 3949 esse.

1445 3988 1683 4038 Musamb.
2182 3990 2186 3995 '

1510 4068 1543 4114 4
1574 4062 1736 4126 Anus]
1769 4063 2061 4127 Metonym.
2086 4058 2249 4110 cadus
2284 4070 2377 4106 seu
2410 4069 2520 4104 am-

1446 4143 1609 4208 phora
1648 4148 1873 4191 vetusta.
1906 4140 2028 4190 vide
2064 4153 2219 4202 supra
2253 4136 2393 4201 epig.
2432 4138 2515 4184 4⁰.

1441 4234 1583 4270 vers.
1609 4225 1655 4270 1.
1723 4258 1730 4266 ,

1508 4299 1665 4347 EPIG.
1686 4310 1825 4347 cvn.
1860 4299 1886 4344 1
1911 4292 2197 4356 Interponis,
2228 4287 2334 4353 qma]
2369 4285 2518 4336 Deri-

1443 4376 1536 4426 det
1548 4373 1757 4436 Rufum,
1773 4371 1964 4423 frustra
1981 4373 2374 4433 exspectantem
2396 4365 2519 4415 Νειτ-

2356 398 2528 489 1131
2627 382 2642 393 ’
