2985 4937
504 398 693 466 ‘1218

517 562 657 609 mum
673 557 888 623 quodvis
909 555 962 607 in
977 570 1070 608 suo
1087 567 1278 622 genere
1296 555 1374 607 sic
1392 555 1581 606 voc'are

517 635 667 685 solet.

578 716 609 759 5
645 711 841 759 Euadne
859 709 1092 774 Μινωὶς,
1120 708 1228 772 elsa]
1263 709 1394 759 Quae
1435 721 1494 756 se
1526 706 1578 756 in

515 801 698 850 rogum
720 785 954 850 Capanei
970 785 1206 849 conjugis
1228 782 1423 847 injecit.
1457 782 1581 832 Ovi·

514 862 630 913 dius
651 867 699 912 3.
725 861 793 912 de
815 861 966 926 Arte,
985 867 1041 911 et
1062 859 1250 925 Papin.
1270 859 1364 911 lib.
1380 863 1462 908 12.

580 945 614 991 6
646 941 896 1002 Alconem,
916 939 1027 1003 &rs-‚J
1054 934 1186 992 Qu'ae
1219 939 1454 1003 conjugis
1478 936 1581 987 Ad·

514 1017 642 1066 meti
669 1024 886 1066 mortem
906 1031 999 1066 sua
1021 1014 1277 1064 redemit:
1309 1013 1414 1064 fab.
1438 1020 1579 1064 nota.

579 1098 610 1142 7
646 1089 923 1157 Ίὶηεῐίιις]
953 1092 1061 1142 Sc.⁴
1082 1098 1134 1141 te
1175 1091 1405 1156 gessisti,
1427 1105 1580 1155 quam

498 1166 731 1220 'Euadne
768 1177 824 1219 et
858 1168 1119 1229 Alcestis3
1158 1167 1342 1233 quibus
1363 1174 1424 1216 ut
1444 1181 1580 1216 amo·

514 1260 623 1296 rem
655 1246 706 1294 in
730 1245 978 1309 conjuges
1014 1244 1318 1310 probarent,
1339 1244 1470 1293 mori
1492 1256 1579 1292 ue-

511 1338 662 1375 cesse
691 1321 811 1374 fuit.
875 1323 1083 1374 Deinde
1122 1322 1392 1387 subjungit
1431 1322 1581 1371 aitio-

510 1401 728 1464 logiam:
766 1401 904 1451 Nam
928 1407 985 1451 tu
1025 1401 1261 1465 pignore,
1300 1398 1356 1448 id
1391 1405 1496 1462 est,
1518 1411 1582 1447 ea

512 1476 852 1540 liberalitate,
873 1492 974 1542 qua
1006 1491 1128 1526 usus
1162 1490 1218 1525 es
1240 1476 1291 1524 in
1320 1474 1582 1535 maritum,

514 1561 662 1604 certo
682 1554 845 1618 vitae,'
859 1554 1004 1604 nulla
1039 1557 1275 1618 cogente'
1292 1552 1473 1602 mortis
1495 1566 1582 1601 ne-

488 1620 792 1692 ‘cessitate3
825 1631 919 1681 sed
962 1631 1018 1680 in
1056 1643 1255 1680 summa
1294 1627 1583 1694 tranquilli-

514 1715 628 1759 tate
671 1709 921 1772 meruisti,
954 1716 1013 1758 ut
1056 1714 1233 1758 tantus
1276 1721 1421 1756 amor
1461 1713 1583 1756 tuus

511 1786 799 1850 videretur,
838 1793 1061 1852 quantus
1098 1791 1274 1850 posset
1310 1783 1499 1846 videri,
1539 1783 1583 1834 si

513 1865 858 1931 proconjuge
881 1871 1097 1913 mortem
1119 1862 1460 1927 oppetiisses:
1485 1861 1582 1911 ita-

486 1932 618 2006 ‘que
641 1939 999 2004 praeferendus
1021 1954 1164 1989 amor
1185 1947 1324 2000 tuus,
1347 1938 1433 2003 qui
1457 1938 1584 2001 vita,

511 2033 617 2068 non
657 2025 844 2081 morte,
867 2013 1154 2082 'spectatus
1191 2015 1311 2067 fuit.
1348 2017 1585 2067 Ramires.

513 2094 636 2157 Vel,
673 2100 733 2145 ut
770 2092 1178 2144 Musambertius
1213 2092 1466 2156 exponit:
1501 2092 1583 2141 Tu

513 2170 699 2220 melius
737 2171 979 2235 Nigrina,
1024 2184 1141 2234 quae
1185 2176 1332 2219 certo
1363 2168 1584 2233 pignore

512 2247 660 2309 vitae,
678 2262 771 2297 seu
801 2247 940 2311 viva,
978 2252 1121 2296 certo
1155 2246 1210 2296 in
1249 2246 1491 2295 maritum
1515 2243 1587 2294 vi·

513 2331 724 2373 ventem
749 2322 968 2389 pignore
989 2322 1354 2374 communicati
1381 2336 1500 2372 cum
1522 2334 1585 2371 eo

512 2401 811 2465 patrimonii
833 2401 928 2458 tui,
964 2397 1209 2459 effecisti,
1241 2405 1318 2461 ut,
1350 2399 1450 2448 etsi
1480 2412 1586 2448 non

512 2494 612 2545 pro
622 2477 741 2530 ‘viro
764 2486 853 2529 aut
871 2494 988 2529 cum
1007 2478 1117 2528 viro
1130 2478 1392 2541 moriaris,
1409 2492 1584 2542 quem-

512 2550 797 2606 admodum
811 2554 1027 2620 Euadne
1054 2554 1175 2604 olim
1216 2545 1308 2602 aut
1335 2552 1587 2616 Alcestis,

511 2646 618 2683 non
639 2631 827 2683 minori
850 2640 1024 2682 tamen
1044 2646 1195 2696 quam
1218 2631 1318 2680 iuae
1337 2630 1405 2681 sis
1431 2631 1585 2681 laude

511 2707 673 2759 officii
689 2715 746 2758 et
768 2708 955 2758 amoris
978 2721 1103 2771 erga
1123 2707 1412 2771 conjugem.
1478 2706 1585 2757 Alii

508 2790 670 2848 certae,
694 2784 779 2833 vel
801 2788 946 2834 certe.
985 2784 1108 2840 Juv.
1125 2784 1142 2812 ‘
1165 2783 1323 2834 Certe
1353 2785 1588 2834 meruisti

513 2859 732 2926 pignora
754 2860 914 2911 vitae.'

564 2942 609 3006 ¹8
637 2939 704 2987 Ut
726 2937 818 2987 tibi
838 2953 951 3001 non,
971 2938 1078 3002 lfa]
1114 2937 1189 2986 Ut
1208 2936 1471 3001 Epigrxs.
1497 2937 1588 2989 lib.

498 3018 558 3063 -1.
583 3021 642 3065 et
659 3015 840 3079 Epigr.
863 3018 944 3063 67.
962 3014 1053 3063 lib.
1074 3016 1153 3063 n.

510 3114 539 3159 j
576 3094 736 3142 Eme.
763 3105 958 3142 mxxvr.
993 3091 1234 3141 Ridicule
1271 3090 1448 3156 docet,
1483 3109 1587 3158 quo

507 3176 666 3234 pacto
703 3169 769 3219 ab
806 3170 993 3231 amico,
1020 3168 1295 3219 'dimidium
1330 3171 1585 3236 'postulati

511 3246 653 3296 dare
668 3246 842 3311 solito,
866 3249 1051 3296 ‘totum
1082 3246 1365 3310 impetrare
1404 3249 1612 3313 possisc

511 3320 771 3373 Quoniam
828 3328 887 3371 tu
941 3322 1059 3372 tibi
1088 3324 1583 3386 caves,*dimi‹liato

508 3396 646 3461 quod
665 3398 926 3461 petebam,
940 3398 1084 3464 (vide
1102 3397 1280 3464 Epigr.
1298 3404 1380 3450 76.
1399 3401 1490 3449 lib.
1508 3401 1584 3467 l.)

508 3469 605 3540 ego
628 3478 931 3527 necessitati
953 3492 1083 3527 meae
1104 3480 1365 3546 consulam
1391 3479 1445 3527 iu
1470 3494 1582 3543 pos-

507 3558 680 3603 terum
721 3555 953 3617 petendo
995 3555 1254 3618 geminum
1299 3556 1409 3619 ejus
1448 3571 1582 3605 snm·

503 3644 623 3693 mae,
651 3645 755 3695 qua
778 3631 898 3679 mibi
921 3645 1053 3695 opus
1075 3629 1252 3681 fuerit.
1319 3632 1400 3679 Ex
1423 3631 1581 3694 cuja-

494 3706 575 3764 ,cii
598 3714 791 3772 mente,
812 3708 901 3772 qui
939 3707 1102 3758 dicit:
1137 3707 1263 3757 Plus
1296 3708 1577 3772 petendum

504 3796 620 3832 esse
661 3799 814 3848 quam
854 3792 936 3834 sat
971 3791 1070 3848 est,
1103 3790 1164 3833 ut
1201 3797 1579 3848 consequamur

491 3867 732 3924 quantus
755 3866 840 3911 sat
861 3868 963 3911 est.

568 3938 731 3988 Eme.
754 3951 972 3988 nxxvn.
1007 3938 1209 3988 Zoilum
1238 3939 1464 3989 invidum
1489 3939 1579 3990 de-

501 4014 671 4078 pingit
709 4014 935 4078 eleganti
969 4014 1253 4079 paradoxo,
1280 4015 1410 4064 dum
1443 4015 1577 4065 dicit

501 4097 706 4140 mutata
757 4091 1026 4141 voluntate
1078 4101 1133 4140 se
1179 4092 1393 4141 divitem
1412 4096 1414 4098 ’
1436 4093 1573 4142 velle

500 4165 635 4229 fieri,
662 4181 816 4230 quum
841 4181 999 4231 supra
1021 4169 1198 4218 multis
1225 4169 1578 4234 Epigramma-

501 4243 569 4290 tis
622 4249 985 4304 paupertatem
1025 4245 1293 4309 'amplecti
1346 4251 1575 4296 'testatus

502 4325 661 4382 esset,
703 4324 759 4369 ut
785 4318 962 4370 Zoilus
1002 4335 1107 4385 prae
1147 4320 1340 4370 invidia
1374 4337 1429 4371 se
1464 4337 1569 4371 sus·

1199 410 1418 461 NOTAE
1468 410 1871 460 vammum
1913 412 2001 459 ἸΝ

1640 552 1873 617 pendat.
1905 554 2151 605 Rau-ires.
2181 580 2184 583 ·

1720 633 1751 677 3
1783 631 2070 693 Paupertas,
2105 630 2209 694 ese-J
2245 622 2723 696 Paupertati5qu7ae

1654 709 1778 757 mibi
1822 709 2076 758 hactenus
2106 708 2254 759 cordi
2282 716 2336 758 et
2359 710 2413 758 in
2436 709 2572 759 votis
2596 715 2728 768 erat,

1643 784 1756 848 jam
1771 785 2045 847 renuncio;
2064 793 2263 836 mutato
2278 785 2497 837 consilio
2515 793 2570 835 et
2588 793 2727 849 voto,

1655 860 1918 910 ditescere
1959 861 2105 911 volo:
2159 863 2506 912 uec'alia'de
2551 876 2729 923 causa,

1653 951 1807 1001 quam
1832 946 1893 988 ut
1913 938 1968 996 ii,
1988 938 2075 1002 qui
2091 938 2245 987 rebus
2262 941 2391 988 meis
2413 939 2617 988 modice
2638 938 2727 988 lw-

1654 1016 1719 1064 tis
1752 1014 2006 1076 invident,
2036 1016 2324 1065 laetissimas
2357 1016 2448 1065 ubi
2484 1013 2730 1076 viderint,

1654 1091 1850 1141 invidia
1889 1096 2215 1156 rumpantur,
2247 1092 2440 1142 autad
2482 1092 2726 1158 laqueum

1654 1166 1875 1232 fugiant·
1915 1234 1916 1237 Ἴ

1720 1246 1879 1295 Erro.
1931 1258 2171 1296 nxxvru.
2214 1246 2411 1295 Varum
2452 1245 2728 1310 quemdam

1655 1327 1715 1372 ut
1749 1335 1935 1371 vanum
1973 1321 2330 1384 reprehendit,
2370 1321 2458 1386 qui
2498 1320 2729 1371 convivis

1658 1408 1896 1452 ornatum
1923 1400 2140 1452 divitem
2173 1399 2493 1462 ostentabat,
2529 1414 2728 1449 coenam

1658 1476 1848 1528 autem¹
1884 1479 2157 1541 parvulam
2189 1476 2520 1542 apponebat.
2590 1477 2728 1527 Ven-

1658 1560 1866 1609 tremse
1884 1553 2033 1617 dicit,
2066 1569 2169 1604 non
2205 1555 2386 1604 oculos
2409 1560 2619 1618 pastum
2645 1567 2731 1604 ve-

1660 1631 1816 1681 nisse.
1842 1631 2079 1683 Remis-es.

1725 1712 1752 1756 l
1786 1708 1869 1757 Ad
1905 1723 2081 1761 coenam
2112 1724 2281 1777 nuper,
2321 1709 2432 1773 alfa]
2477 1707 2726 1772 Ejusdem

1658 1786 1949 1848 argumenti
2003 1786 2125 1836 vide
2169 1788 2354 1852 Epigr.
2375 1790 2475 1838 ³44.
2533 1787 2631 1837 lib.
2680 1793 2728 1837 1.

1658 1860 1839 1925 Epigr.
1862 1865 1944 1910 59.
1966 1862 2057 1912 lib.
2076 1867 2123 1912 3.
2156 1871 2212 1913 et
2248 1864 2429 1930 Epigr.
2450 1869 2534 1915 68.
2568 1862 2730 1917 lib-'4-
2764 1880 2769 1885 ’

1651 1934 1995 2001 ‘Abjudicans
2014 1940 2111 1991 boc
2141 1939 2415 2006 epigram.
2454 1943 2690 1999 Martiali
2710 1960 2725 2004 ς

1658 2027 1756 2062 nec
1788 2014 1980 2077 injuria
2019 2015 2156 2079 quod
2194 2015 2326 2081 Adr.
2362 2018 2549 2069 Junius
2582 2025 2641 2067 ut
2674 2027 2730 2069 et

1658 2089 1895 2155 quedam
1918 2093 2022 2141 alia
2043 2093 2545 2158 adoptavit'primus.
2565 2094 2731 2159 Ἀργυ-

1657 2162 1739 2232 ρέρ
1764 2167 1887 2228 λιμῷ·
1905 2182 1997 2218 ’τις
2039 2168 2105 2218 es·
2123 2167 2365 2229 εἰλαπίνην
2390 2188 2450 2232 με
2488 2169 2732 2222 xanaiae&

1649 2243 1869 2302 Ἤκουσε,
1887 2244 2052 2296 Anth.
2075 2245 2165 2298 lib.
2187 2251 2238 2296 2.
2261 2248 2383 2312 cap.
2406 2251 2489 2297 50.

1723 2325 1757 2371 6
1788 2322 1892 2372 Aut
1922 2337 2113 2387 ‘appone
2139 2327 2322 2387 ‘dapem
2363 2324 2469 2388 εμπ]
2517 2325 2728 2376 Nullum

1658 2406 1891 2463 acumen,
1907 2399 2031 2448 unlli
2051 2401 2199 2452 sales.
2241 2402 2511 2452 ‘Rescribe
2545 2417 2732 2453 venus-

1659 2475 1856 2526 tissimo
1878 2491 2030 2527 sensu
2049 2495 2064 2528 ε
2084 2478 2185 2529 Aut
2204 2494 2382 2543 appone
2398 2481 2562 2543 dapes,
2588 2481 2735 2541 Vere,

1658 2555 1733 2602 vel
1752 2553 1916 2614 aufero
1933 2569 2057 2618 opes.
2121 2555 2156 2606 J
2163 2554 2287 2605 ubet
2306 2555 2441 2604 enim
2455 2555 2734 2621 Martialis,

1661 2637 1721 2680 ut
1762 2641 2092 2695 apponantur
2139 2632 2319 2696 dapes,
2360 2646 2461 2681 non
2509 2645 2730 2693 anrum;

1660 2722 1797 2770 nam,
1820 2708 2107 2773 nisi‘dapes
2130 2712 2474 2772 apponantur,
2502 2708 2733 2758 minatur

1662 2799 1718 2834 se
1736 2783 2031 2835 ablaturum
2053 2800 2233 2834 aurum
2269 2784 2406 2849 quod
2435 2784 2731 2847 appositum

1662 2867 1805 2924 erat3
1843 2861 2270 2927 quemadmodum
2291 2876 2321 2912 e
2354 2860 2580 2923 dapibus
2611 2874 2733 2925 par·

1662 2944 1768 2989 tem
1787 2937 1992 2988 domum
2014 2937 2341 2988 auferebant.
2371 2936 2579 2986 Peticus.

1726 3015 1888 3065 Eme.
1902 3028 2095 3066 mxxix.
2105 3014 2402 3065 Insectatur
2413 3013 2735 3065 facetissime
2833 3017 2838 3024 “

1659 3091 1846 3142 Afrum
1889 3092 2143 3158 quendam
2168 3091 2519 3155 arde-limem,-
2538 3091 2734 3156 impor-

1633 3161 1640 3242 ζ
1661 3175 1785 3218 tune
1801 3176 1858 3218 et
1874 3169 2242 3233 intempestive
2255 3167 2559 3231 officiosum,
2575 3183 2734 3232 quem

1659 3247 2051 3309 sexagenarium
2079 3245 2189 3308 Jam
2210 3253 2405 3307 monet,
2441 3251 2501 3295 ut
2533 3259 2600 3294 ea
2620 3241 2733 3296 offi-

1657 3321 1737 3371 cia
1752 3321 2049 3386 junioribus
2071 3322 2353 3386 relinquat.
2389 3322 2626 3372 Rama-es.
2659 3369 2662 3374 ,

1697 3403 1749 3448 Ἰ
1785 3400 2101 3462 Sexagesima
2140 3399 2326 3463 means]
2364 3398 2429 3451 Id
2473 3406 2576 3461 est,
2605 3407 2727 3450 oum

1647 3475 1759 3539 jam
1779 3477 2143 3541 sexagenarius
2158 3478 2246 3540 sia,
2268 3485 2324 3527 et
2341 3478 2483 3527 canis
2506 3475 2727 3530 obsitus.

1687 3555 1690 3560 '
1720 3557 1751 3602 8
1785 3554 2176 3619 Discurris'totu,
2200 3554 2306 3619 ξω]
2340 3555 2631 3607 Ambitiosa
2645 3558 2726 3608 in-

1656 3630 1842 3695 dagine
1880 3629 2138 3681 officiosus
2175 3646 2272 3696 per
2310 3633 2480 3682 omnia
2507 3633 2729 3685 divitu'm

1655 3709 1803 3771 atria,
1829 3724 1956 3774 quos
1982 3711 2063 3758 vel
2082 3710 2135 3759 in
2156 3710 2279 3774 ipsis
2296 3711 2440 3760 atriis
2455 3707 2728 3775 egredien-

1640 3790 1755 3848 tes,
1775 3786 1859 3835 vel
1881 3785 1936 3834 in
1966 3786 2229 3836 cathedris
2257 3787 2498 3844 sedentes
2524 3789 2728 3840 admis-

1654 3876 1740 3911 sus
1783 3863 1993 3924 salutas,
2013 3862 2293 3927 discurris,
2328 3872 2543 3927 portans
2581 3865 2727 3931 inep-

1654 3935 1765 3988 tum
1799 3938 1814 3966 ‘
1835 3937 1993 4001 Ave,'
2035 3940 2117 3989 cui
2139 3940 2248 4004 jam
2275 3933 2627 4004 'sexagenario
2668 3949 2723 3996 et

1652 4031 1784 4066 cano
1801 4015 2076 4066 dicendum
2095 4027 2098 4030 ’
2116 4017 2291 4081 potius
2313 4016 2482 4069 fuerat
2523 4021 2537 4048 ‘
2556 4017 2724 4070 Vale!

1649 4093 1784 4144 Vide
1808 4093 1911 4156 Ep.
1934 4098 2015 4162 6³..
2046 4094 2213 4144 lib.·5.
2265 4093 2399 4144 Vide
2432 4096 2619 4149 Seuec.
2643 4093 2717 4146 ‘de

1649 4170 1924 4233 Tranquil.
1946 4185 2062 4233 cap.
2090 4174 2169 4220 12.

1713 4253 1741 4296 5
1768 4248 1839 4296 Et
1859 4248 1980 4311 sine,
2001 4248 2105 4310 ξω]
2136 4247 2319 4310 Epigr.
2340 4250 2423 4296 99.
2444 4246 2536 4298 lib.
2559 4252 2641 4297 11.

1685 4327 1740 4371 ·7
1777 4323 1926 4374 Sucro
1965 4324 2137 4386 decies,
2167 4323 2281 4386 &ej
2312 4323 2596 4376 Multoties-
2623 4337 2717 4389 per
