2985 4937
697 417 774 464 Μ.
825 415 993 463 VAL.
1045 413 1462 465 MAR'PIAMS
1521 414 1767 465 EPIGR.
1820 416 1962 464 mn.
2011 368 2144 463 IV..

371 565 400 610 4
434 558 610 609 Sancto
655 573 764 608 cm
804 558 944 623 duce]
995 557 1132 613 Quia
1152 570 1367 609 summo

307 637 643 701 magistratu3
679 636 801 701 qnia
823 650 921 700 pro
945 636 1064 688 Deo
1097 650 1153 686 se
1188 635 1368 685 haberi

306 711 463 761 voluit
485 727 501 773 ς
526 711 649 775 quia
666 726 843 775 aequus
863 714 947 776 (ut
967 709 1152 762 1²0&ae
1168 708 1368 775 placet)

303 787 566 854 princeps.
639 788 880 839 Candidus
925 787 1130 851 sederet]
1186 786 1368 837 Albati

303 863 561 914 sedebant
581 877 761 913 omnes
795 872 852 913 et
896 864 1058 928 togati
1092 864 1147 912 in
1190 862 1366 913 ludis:

299 943 569 1009 Epigram.
595 945 708 993 18⁷.
729 941 819 992 lib.
838 945 921 992 14.

357 1023 393 1068 6
423 1016 569 1070 Albis
584 1023 783 1084 spectat,
820 1016 925 1082 qma]
976 1015 1150 1068 Dubio
1183 1014 1368 1081 procul

298 1092 480 1160 inique
527 1097 764 1146 'tulerunt
798 1095 905 1157 Dii,
938 1093 1097 1159 pulla·
1118 1090 1367 1142 assedisse

296 1171 435 1222 ludis
460 1188 493 1222 a
528 1171 682 1223 Dom.
706 1171 860 1221 editis
881 1170 1181 1231 Horatium,
1207 1175 1366 1234 atque

296 1248 428 1298 adeo
446 1248 622 1300 subita
643 1247 764 1298 nive
786 1247 1074 1312 perpluisse
1089 1247 1368 1312 bominem,

293 1332 350 1375 ιιι
368 1327 580 1376 albatus
605 1327 814 1377 caeteris
839 1326 1242 1376 assimilaretur.

361 1405 531 1454 Eme.
552 1417 644 1453 111.
678 1407 704 1453 1
744 1402 1039 1465 heitar-um]
1076 1403 1164 1451 De
1185 1399 1368 1451 iisdem

293 1479 504 1531 nivibus
527 1485 611 1529 est
629 1479 730 1530 hoc
752 1479 1124 1543 Epigramma3
1146 1478 1236 1528 ubi
1258 1479 1366 1527 lau-

296 1557 391 1608 dat
413 1556 712 1607 Domitiani
735 1556 1116 1616 constantiam3
1148 1555 1254 1620 qui,
1277 1554 1367 1603 de-

293 1632 511 1683 cidente
559 1633 697 1691 nive,
751 1633 966 1683 immoto
1015 1632 1165 1683 vultu
1218 1631 1368 1680 ludos

292 1714 593 1772 spectaret:
613 1718 669 1759 et
684 1708 868 1759 ultimo
883 1708 1014 1758 dicit
1031 1722 1088 1758 se
1102 1707 1372 1774 suspicari,

295 1801 328 1835 a
346 1785 458 1836 filio
479 1785 720 1851 Caesaris,
753 1791 956 1836 mortuo
969 1786 1082 1850 jam
1104 1791 1164 1834 et
1184 1798 1367 1835 conse-

294 1870 463 1926 crato,
485 1863 635 1913 nives
656 1852 1077 1913 demissas‘fuisse
1100 1861 1208 1912 ludi
1224 1877 1368 1912 caus·
1389 1889 1399 1904 ·

288 1955 365 1990 sa.
399 1941 646 1990 Καικίνα.
718 1939 1013 2007 Tacitus-un]
1050 1939 1188 1992 *Quae
1223 1939 1365 1988 nullo

297 2017 521 2080 strepitu
540 2017 806 2081 ingruunt,
820 2023 881 2067 ut
894 2015 1093 2081 grando
1109 2022 1165 2066 et
1187 2014 1365 2067 imber.

306 2095 469 2145 Velius
487 2093 741 2158 aquarum]
763 2094 955 2162 Nivem
976 2093 1152 2144 Graeci
1176 2101 1365 2145 vocant

297 2172 475 2237 ἐριῶδες
507 2171 643 2236 ὕδωρ.
676 2170 879 2222 Arnob.
903 2175 953 2224 2.
978 2174 1059 2220 11.
1091 2171 1108 2199 ‘
1132 2168 1363 2235 plumeas

298 2250 575 2313 crustulas,
615 2257 674 2300 et
714 2250 862 2299 nives
892 2247 1158 2312 plumeas?
1221 2249 1238 2277 ‘
1261 2247 1368 2302 Qui

297 2325 391 2376 dat
446 2326 624 2376 nivem
667 2325 803 2376 sicut
853 2326 1024 2374 lanam
1049 2321 1084 2374 ε’
1138 2324 1364 2374 Psaltes.

296 2404 314 2430 ⁸
331 2402 517 2453 Vellus
533 2401 549 2426 '
583 2402 732 2467 dicit,
751 2402 873 2470 quia
891 2402 983 2452 nix
1016 2400 1209 2453 cadens
1228 2401 1367 2452 simi.

298 2481 531 2532 lis'lanae.

357 2561 389 2609 2
427 2559 655 2622 Indulget
699 2562 876 2623 iumen,
915 2558 1023 2624 ζα]
1055 2559 1250 2611 Domit.
1286 2566 1363 2611 ta·

294 2650 432 2700 meu,
468 2641 530 2685 ut
552 2637 712 2700 plene
741 2643 1071 2700 operaretur,
1105 2635 1365 2687 neclados

293 2713 447 2765 hosce
464 2713 516 2784 iu
530 2713 677 2766 Jovis
686 2711 823 2763 forte
835 2714 1084 2764 honorem
1098 2712 1365 2764 institutos

296 2790 600 2856 impediret,
655 2789 902 2841 sustinuit
955 2790 1053 2840 sub
1113 2791 1364 2855 ningeute

295 2869 451 2932 Jove,
486 2868 541 2919 id
573 2874 676 2933 est,
710 2867 855 2932 a’e’re,
883 2881 1210 2933 permanere.
1273 2867 1363 2919 Sic

294 2947 508 2999 Sueten.
530 2946 683 2997 Dom.
707 2960 827 3010 cap.
843 2948 896 2997 4.
1216 2969 1221 2973 ·

358 3028 392 3074 4
420 3025 678 3074 Concretas
691 3023 860 3088 aquus]
881 3022 1066 3075 Nives.
1086 3021 1363 3087 Periphra·

298 3100 366 3151 sis
384 3101 778 3166 Philosophica.

362 3173 579 3228 &Sidus
600 3176 924 3242 Hyperborei,
959 3174 1064 3240 aa]
1096 3173 1203 3227 Qui
1223 3177 1306 3226 vel
1329 3191 1362 3225 a

284 3254 462 3319 ‘puero
481 3249 729 3321 (namque
746 3268 881 3317 pene
894 3259 1027 3317 p'uer
1038 3260 1222 3303 contra
1239 3253 1363 3303 Cat-

299 3336 400 3396 tos,
419 3335 477 3379 et
498 3337 686 3395 postea
706 3328 968 3378 Sarmatas
985 3342 1047 3379 ac
1071 3328 1249 3378 Dacos
1271 3328 1362 3378 de-

300 3412 640 3472 pugnaverat.
676 3406 893 3456 Sueton.
916 3420 1031 3470 cap.
1062 3410 1113 3455 2.
1137 3402 1365 3468 Domit.)

298 3484 560 3535 didicerat
574 3482 820 3547 tolerare,
834 3484 989 3533 immo
1003 3482 1263 3546 patientia
1283 3480 1362 3531 fa·

299 3562 468 3627 tigare
489 3560 658 3625 frigus
669 3561 766 3611 sub
785 3560 958 3625 gelido
977 3558 1362 3626 Septentrione.

300 3637 634 3704 Hyperborei]
686 3637 1144 3703 Septentrionalis.
1167 3636 1363 3701 Βοὸιο]

300 3716 517 3775 Sideris,
532 3713 671 3781 quod
687 3715 876 3765 Ursam
894 3714 1142 3779 majorem
1162 3714 1364 3779 insequi

299 3792 524 3855 videtur,
530 3791 621 3857 qui
637 3797 694 3841 et
707 3789 1018 3856 Arctophyl.
1033 3804 1065 3840 e
1076 3794 1166 3840 ΞΟ.
1178 3789 1361 3841 stellis.

359 3875 393 3921 6
441 3869 669 3935 Helicen]
720 3869 925 3934 Frigus,
959 3868 1172 3932 imbres,
1212 3867 1360 3918 nives

300 3947 568 4009 Boreales,
605 3959 710 4011 qua
743 3944 847 3996 sita
881 3951 965 3995 est
1003 3944 1196 3996 Helice
1240 3953 1360 3994 ursa

303 4023 486 4087 major,
520 4026 654 4073 ew.
694 4020 881 4073 stellis.
944 4020 1358 4071 Dissimulureeo·

302 4099 417 4163 mis]
448 4100 573 4149 Ρη
595 4111 652 4149 se
683 4097 823 4149 ferre
843 4112 947 4149 non
968 4099 1297 4150 commoveri.

290 4235 293 4242 ‚
365 4182 398 4227 ’1
443 4176 598 4227 &ocis
632 4176 783 4243 aquis,
813 4175 919 4241 ᾴσρ]
946 4176 1106 4239 Nive,
1120 4192 1188 4228 ex
1212 4176 1359 4244 aquis

306 4260 562 4306 concreta.
664 4277 667 4278 ⁷
888 4273 894 4279 ·

2326 400 2500 467 1193
2537 454 2544 463 .

1507 564 1539 609 8
1570 557 1793 624 Suspicor
1812 561 1916 623 laus,
1939 559 2048 624 ζα]
2083 558 2384 612 Adulatorie
2420 563 2499 612 in·

1440 635 1557 685 nuit
1578 637 1725 686 nives
1747 636 1838 686 has
1874 636 2121 691 immissas
2159 651 2190 685 a
2208 651 2368 701 puero
2391 638 2498 687 Do-

1439 711 1662 776 mitiani,
1713 728 1865 778 quem
1904 713 2099 762 tulerat
2151 727 2217 762 ex
2262 713 2499 763 Domitia

1440 786 1700 853 Augusta,
1732 803 1900 853 nuper
1935 789 2173 839 extincto
2208 788 2340 839 etin
2363 790 2500 840 Deo·

1439 877 1553 913 rum
1569 865 1743 915 album
1766 866 1947 915 relato.

1506 942 1668 993 Erre.
1687 956 1766 992 ιν.
1802 943 1864 992 Iu
1881 941 2105 1006 Bassam]
2135 943 2313 993 Bassae
2328 942 2501 1006 cujus·

1440 1017 1558 1068 dam
1600 1020 2005 1083 graveolentiam
2027 1016 2299 1083 describit,
2319 1020 2500 1068 iuduc-

1440 1095 1583 1146 tione
1622 1103 1676 1145 et
1711 1097 2045 1146 contentione
2069 1110 2237 1146 rerum
2260 1096 2501 1160 gravissi-

1437 1186 1578 1221 mum
1600 1171 1811 1222 odorem
1833 1172 2225 1236 exspirantium.

1508 1253 1534 1298 l
1574 1249 1715 1305 Quod
1734 1249 1887 1313 decre,
1907 1247 2015 1313 εγω]
2046 1248 2183 1299 Vide
2206 1247 2508 1315 hujusmodi„

1439 1325 1801 1390 hyperbolicas
1824 1326 2150 1388 oollatIoues,
2184 1326 2284 1389 Ep.
2300 1328 2387 1375 93.
2408 1323 2499 1376 lib.

1439 1405 1491 1452 6.
1525 1402 1735 1455 Anthol.
1770 1404 1863 1455 lib.
1887 1409 1938 1455 2.
1958 1418 2080 1468 cap.
2100 1407 2181 1454 14.
2211 1442 2215 1446 -

1506 1486 1539 1531 2
1576 1481 1861 1543 Crudarum,
1881 1483 1990 1547 εγὼ]
2006 1481 2227 1532 Tetrum
2250 1494 2498 1545 vaporem

1441 1563 1498 1607 et
1526 1555 1795 1621 mephitim
1829 1571 1895 1606 ex
1929 1557 2222 1622 sulphureis
2244 1557 2389 1621 aquis
2409 1571 2502 1606 ex-

1443 1634 1765 1684 halantium:
1801 1635 1946 1700 quasi
1983 1648 2086 1685 non
2126 1633 2261 1685 bene
2304 1649 2336 1683 a
2372 1633 2498 1683 solis

1443 1713 1601 1762 radiis
1636 1714 2029 1763 concoctarum:
2069 1711 2357 1777 Epigr.'13.
2390 1711 2427 1760 l.
2449 1712 2498 1761 1.

1441 1804 1579 1842 vers.
1603 1793 1654 1844 2.
1727 1787 2086 1841 ‘Crudarum'
2122 1793 2297 1837 autem
2341 1785 2499 1848 dixit,

1441 1872 1723 1932 propterea
1741 1866 1878 1931 quod
1894 1865 1996 1916 illae
2018 1864 2219 1916 nebulae
2241 1876 2393 1913 mane
2410 1877 2500 1911 ex-

1440 1945 1691 2009 citantur,
1713 1951 1990 2010 antequam
2011 1941 2146 1993 Solis
2167 1940 2325 1990 radiis
2340 1939 2503 1989 veluti

1440 2022 1801 2089 decoquantur
1829 2035 1997 2088 aquae,
2019 2025 2075 2071 et
2091 2019 2349 2070 matutino
2369 2024 2500 2067 tem-

1438 2110 1569 2163 pore
1611 2100 1717 2151 siut
1747 2096 1925 2150 ·veluti
1969 2096 2162 2162 erudae,
2196 2095 2253 2147 id
2274 2104 2374 2160 est,
2393 2110 2500 2145 non

1438 2181 1608 2227 coctae
1644 2176 1766 2227 solis
1785 2175 1973 2226 ardore
1999 2191 2014 2226 t
2050 2188 2167 2225 uam
2187 2173 2331 2225 calor
2349 2172 2502 2222 meri·

1439 2252 1545 2302 diei
1562 2252 1784 2303 discutit
1823 2252 2039 2305 nebulas
2069 2251 2206 2313 illas,
2243 2257 2301 2300 et
2334 2249 2516 2300 etiam'

1439 2342 1615 2379 earum
1634 2328 2057 2394 graveolentiam.
2077 2329 2311 2378 Ramires.
2349 2327 2498 2378 Albu-

1437 2405 1615 2471 larum]
1668 2404 1753 2456 Ad
1794 2403 2063 2472 planitiem
2082 2403 2270 2454 Tiburi
2292 2402 2497 2468 subjec-

1439 2491 1548 2533 tam
1584 2482 1872 2533 scaturiunt
1910 2496 2062 2548 aquai
2092 2480 2298 2546 gelide,
2327 2495 2443 2546 quoe
2466 2495 2501 2529 a

1439 2561 1613 2609 colore
1630 2560 1822 2617 lacteo,
1862 2572 2015 2623 quem
2050 2571 2082 2606 a
2124 2555 2270 2606 venis
2303 2556 2499 2607 habent

1438 2635 1748 2699 sulphureis,
1763 2633 1965 2684 Albulas
1983 2633 2246 2695 dicuntur,
2257 2638 2318 2682 ut
2338 2631 2429 2682 lib.
2444 2636 2496 2683 l.

1439 2713 1621 2777 Epigr.
1654 2716 1735 2763 1³.
1758 2710 1988 2762 dictum:
2022 2714 2039 2740 ‘
2059 2710 2304 2775 Canaque
2337 2705 2499 2758 sulfu-

1437 2791 1543 2840 reis
1563 2786 1760 2843 Albula
1776 2786 1947 2839 fumat
1968 2785 2149 2853 aquis?
2234 2798 2236 2801 ⁴

1501 2870 1533 2916 3
1572 2866 1797 2929 Piscinoe,
1834 2864 1944 2929 lfa]
1974 2866 2019 2914 E
2055 2863 2228 2915 balnei
2265 2863 2489 2929 piscina,

1436 2946 1554 3010 qum
1580 2958 1732 3009 aquae
1755 2941 1986 2993 foeteutis
2008 2948 2108 3007 est,
2138 2949 2195 2992 ει
2223 2944 2367 3006 quasi
2391 2957 2497 2994 ma·

1434 3022 1579 3073 rinae.
1591 3021 1876 3086 >Angustia
1896 3020 2116 3085 princip.
2132 3018 2361 3069 Dialeet.
2380 3034 2500 3086 cap.

1433 3102 1484 3149 6.
1551 3099 1761 3149 Piscinae
1801 3104 1955 3162 vetus,
1988 3095 2097 3162 qt]
2128 3096 2228 3146 Vel
2252 3110 2349 3162 per
2386 3095 2502 3158 Hy-

1435 3175 1839 3241 pallagen,pro:
1865 3172 2003 3240 quod
2024 3172 2229 3224 redolet
2244 3186 2372 3223 aura
2389 3171 2498 3236 pis·

1432 3252 1569 3304 ciuae
1593 3252 1804 3302 marium
1826 3250 2048 3301 veterist
2099 3262 2219 3298 nam
2240 3259 2375 3316 aqua
2391 3262 2500 3297 ma-

1433 3329 1589 3392 rina,·
1612 3328 1657 3378 si
1694 3329 2088 3391 corrumpatur,
2114 3325 2252 3393 quod
2274 3325 2499 3375 crassior

1433 3406 1505 3456 sit
1523 3405 1732 3456 caeteris
1748 3404 1915 3468 aquis,
1939 3403 2090 3469 pejus
2110 3403 2234 3453 olet.
2256 3402 2499 3453 Renum.

1499 3486 1531 3533 4
1568 3484 1708 3540 Quod
1739 3496 1902 3547 pressa
1926 3478 2094 3545 piger]
2143 3478 2368 3532 Quando
2404 3478 2497 3528 diu

1432 3558 1489 3609 in
1512 3559 1654 3610 coitu
1686 3560 2006 3622 immoratur,
2027 3564 2089 3607 ut
2105 3563 2162 3607 et
2182 3556 2273 3606 lib.
2291 3559 2344 3606 ³.
2369 3555 2497 3620 Epi·

1435 3651 1651 3701 gramm.
1687 3641 1769 3688 98.
1805 3636 1981 3687 dixitz
2038 3635 2056 3666 ⁴
2080 3635 2154 3685 Et
2195 3632 2321 3684 illud
2355 3631 2497 3682 oleas
2571 3631 2574 3638 ”

1435 3714 1576 3781 quod
1589 3713 1687 3763 viri
1709 3710 2063 3778 capellarum.’
2097 3710 2249 3760 Idm.

1497 3794 1528 3840 ὅ
1560 3789 1724 3853 Lassi]
1756 3790 1936 3854 Longa
1956 3787 2145 3838 militia
2165 3793 2223 3837 et
2240 3792 2497 3850 provecta

1434 3874 1614 3919 aetate.
1678 3868 1867 3921 Juuius
1902 3864 2034 3929 legit
2072 3862 2213 3925 Lazi,
2248 3861 2336 3927 qui
2369 3862 2497 3927 Scy-

1435 3935 1559 3995 thiae
1590 3959 1716 4009 pop.
1772 3940 2009 3994 Βαναία-ἰ
2026 3939 2099 4003 os]
2152 3938 2339 3990 Militis
2378 3939 2504 3989 bar-

1432 4021 1568 4086 bari,
1582 4021 1668 4072 cui
1688 4018 1859 4085 gravis
1874 4017 2056 4067 anim
2073 4014 2221 4065 odor.
2269 4014 2497 4065 Bardiaei

1432 4106 1607 4150 autem
1624 4096 1827 4161 Illyrici
1849 4093 2046 4160 populi,
2084 4105 2300 4157 quorum
2336 4104 2497 4156 opera

1433 4176 1502 4226 ad
1535 4173 1769 4224 crudelia
1803 4185 1899 4222 sua
1931 4168 2222 4220 ministeria
2257 4180 2378 4218 usus
2410 4173 2495 4218 est

1432 4251 1650 4304 Marius.
1708 4247 1976 4302 Plutarch.
2008 4245 2148 4298 Mar.
2196 4243 2384 4296 Gravis
2403 4257 2493 4295 au·
2601 4253 2604 4260 ’
