2985 4937
513 458 823 509 comens
873 459 949 509 m
1002 451 1379 507 nmmorn.
1428 455 1675 509 mu'r'r.
1723 460 2166 512 AssssnvA'rr.
2271 447 2447 514 1479

235 606 351 671 riis
397 605 804 672 lectionibus
836 611 902 672 et
931 606 1138 685 notis,
1166 607 1520 673 mutilatus
1550 606 1874 691 quiddam
1904 608 2031 672 sub
2067 608 2281 689 initio,
2322 609 2446 674 sed

247 716 623 794 reparatus.
712 709 854 774 Sub
898 708 1094 775 finem
1134 711 1411 795 paulum
1441 709 1700 791 deficit,
1729 711 2039 777 desinens
2068 712 2197 777 hoc
2232 732 2330 778 vs.
2372 713 2446 779 in

250 828 335 876 xl
347 830 410 876 v.
441 812 597 878 217.

414 916 551 982 Dic
579 922 828 1003 quotus
857 925 930 984 et
956 917 1188 1003 quanti
1209 919 1450 1004 cupias
1478 936 1770 999 coenare,
1796 937 1922 982 nec
1954 936 2182 983 unum.

331 1019 659 1087 Canonici
687 1019 837 1088 Lat.
854 1021 962 1088 84.
982 1021 1132 1087 cod.
1173 1020 1511 1087 Martialis
1542 1021 1838 1087 chartac.
1869 1039 2024 1086 saec.
2056 1037 2185 1084 xv,

328 1157 411 1168 —
439 1121 551 1188 85.
579 1123 732 1188 cod.
775 1124 1109 1189 Martialis
1153 1125 1512 1190 membran.
1564 1142 1729 1189 saec.
1782 1139 1948 1188 xlv.
1976 1122 2094 1188 fol.
2122 1143 2276 1189 cum
2305 1127 2442 1191 tab.

241 1223 546 1308 praefixa.
593 1226 718 1291 Est
744 1221 1039 1312 elegans,
1057 1227 1271 1293 literis
1294 1227 1703 1313 capitalibus
1721 1227 1978 1312 pictis3
2002 1230 2072 1291 at
2091 1227 2237 1292 sine
2261 1229 2442 1294 notis

249 1333 319 1391 et
344 1328 555 1393 variis
583 1329 1010 1396 lectionibus,

332 1429 420 1494 ln
467 1430 786 1499 Biblioth.
822 1432 1022 1499 Bodl.
1058 1433 1261 1499 etiam
1299 1437 1403 1498 est
1429 1431 1637 1500 editio
1668 1434 2063 1520 Gryphiana
2108 1433 2444 1501 Martialis

244 1532 444 1599 1535.
472 1533 632 1600 svo.
657 1554 812 1600 cum
841 1537 1018 1601 notis
1046 1536 1219 1602 Mss.

332 1633 511 1700 Ibid.
525 1635 862 1703 Martialis
892 1638 1097 1705 editio
1117 1638 1335 1705 Paris.
1354 1638 1551 1706 1539.
1567 1641 1723 1707 8vo.
1745 1659 1858 1724 ap.
1878 1639 2043 1705 Sim.
2062 1638 2445 1706 Colinaeum

247 1758 401 1803 cum
419 1739 602 1804 notis
632 1738 804 1806 Mss.

331 1842 510 1906 Ibid.
542 1842 878 1909 Martialis
898 1844 1106 1911 editio
1125 1845 1339 1913 Basil.
1360 1845 1553 1912 1559.
1571 1846 1726 1913 Svo.
1754 1866 1912 1913 cum
1927 1846 2107 1912 notis
2138 1846 2316 1914 Mss.
2419 1889 2422 1892 2

330 1944 521 2012 Inter
563 1947 839 2013 codices
883 1949 1054 2016 Mss.
1084 1956 1154 2015 et
1181 1951 1551 2035 impressos
1581 1971 1735 2018 cum
1764 1949 1942 2016 notis
1972 1948 2140 2015 Mss.
2187 1946 2449 2013 Dorvil-

246 2047 576 2217 &alm-{95
623 2051 686 2116 1.
713 2053 777 2115 5.
807 2052 913 2117 31.
957 2060 1064 2120 est
1122 2053 1463 2120 Martialis
1500 2053 1653 2119 cod.
1671 2054 2027 2120 membran.
2059 2057 2128 2117 et
2156 2052 2446 2119 chartac.

280 2171 322 2216 o
355 2198 372 2215 .
533 2197 550 2216 .
572 2153 716 2218 4t0.

337 2270 418 2318 x.
463 2255 525 2318 1.
571 2256 636 2321 5.
688 2255 799 2321 32.
861 2256 1195 2323 Martialis
1251 2256 1783 2341 Epigrammata,
1831 2257 1984 2324 cod.
2039 2256 2332 2323 chartac.
2382 2260 2453 2323 et

245 2357 613 2422 membran.
640 2357 856 2424 forma
882 2359 1192 2444 oblonga.

338 2479 419 2528 x.
450 2463 517 2529 1.
544 2462 607 2527 5.
646 2462 752 2529 20.
804 2462 1145 2549 Excerpta
1172 2485 1263 2531 ex
1292 2465 1499 2531 variis
1544 2462 2017 2548 scriptoribus,
2075 2461 2249 2528 inter
2290 2483 2448 2548 quae

248 2572 406 2633 sunt
435 2566 747 2651 quaedam
767 2587 856 2632 ex
874 2565 1200 2633 Martiale.
1247 2568 1415 2635 Cod.
1432 2570 1646 2634 forma
1663 2566 1918 2632 minori.
1937 2564 2185 2631 Deficit
2199 2566 2324 2630 sub
2341 2567 2451 2632 fin.

944 2788 1197 2857 Codices
1230 2789 1790 2878 Cantabrigienses.

338 2939 523 3006 [nter
549 2941 757 3007 libros
799 2940 970 3007 Mss.
1008 2939 1278 3029 Collegit·
1332 2939 1523 3027 Covp.
1582 2940 1820 3007 Christi
1866 2946 2247 3007 asservatur
2292 2939 2447 3006 cod.

249 3043 619 3123 membran.
669 3041 892 3129 (236.)
940 3063 1100 3110 saec.
1136 3061 1313 3111 xm.
1346 3047 1693 3111 continens
1732 3044 2068 3110 Martialis
2105 3043 2452 3130 Epigram-

250 3150 453 3228 mata.
541 3146 653 3210 Ex
681 3146 856 3212 dono
879 3146 1184 3214 Danielis
1214 3148 1514 3234 Rogerii.
1596 3147 1981 3234 Nasmythii
2005 3146 2223 3215 Gatal.

338 3247 424 3313 In
462 3246 769 3313 Biblioth.
802 3245 998 3314 Publ.
1027 3251 1192 3316 nihil
1221 3259 1464 3337 praeter
1500 3252 1849 3338 Excerpta
1873 3270 1963 3316 ex
1993 3250 2449 3337 Epigramma-

251 3353 439 3417 tibus
464 3351 819 3433 Martialis,
843 3353 1162 3419 2296.15.

339 3455 425 3519 In
457 3453 773 3521 Biblioth.
808 3452 983 3519 Trin.
1019 3452 1183 3520 Coll.
1216 3456 1554 3521 Martialis
1571 3454 2101 3541 Epigrammata3
2137 3457 2346 3525 liber
2325 3480 2449 3524 un·

243 3576 537 3643 pressuS,
568 3577 720 3623 cum
748 3559 971 3625 multis
995 3559 1170 3625 Mss.
1194 3558 1506 3625 collatus.

1062 3780 1268 3847 Codex
1298 3779 1652 3848 Edinemis.

344 3936 663 4007 Omnium
691 3936 1029 4003 Martialis
1051 3937 1383 4016 codicum,
1417 3936 1628 4022 quiin
1651 3933 2089 4001 Bibliothecis
2118 3931 2452 3999 Britanni-

255 4040 358 4106 cis
393 4049 832 4120 asservantur,
869 4062 1041 4107 unus
1070 4042 1140 4107 in
1181 4039 1488 4107 Biblioth.
1521 4039 1983 4105 Advocatorum
2026 4037 2207 4123 apud
2250 4035 2452 4102 Edin-

262 4146 548 4230 burgum
566 4145 830 4212 videtur
857 4164 1003 4212 esse
1025 4145 1530 4230 antiquissimus
1561 4165 1580 4227 3
1621 4144 1898 4210 fortasse
1930 4160 2008 4209 x.
2029 4142 2141 4207 vel
2160 4157 2272 4207 xi.
2289 4158 2450 4208 saec.
