2985 4937
475 415 660 481 '1404

485 578 669 627 mentis
688 575 816 627 fecit
838 575 988 648 viam,
1016 576 1198 640 quibus
1221 590 1326 625 non
1351 575 1539 640 Hispa·

484 656 585 706 niae
600 662 702 705 suta
715 663 885 715 natus,
904 653 996 705 sed
1014 653 1273 717 Hispanus
1291 655 1345 702 in
1363 653 1538 703 trium·

484 732 641 795 phum
695 738 749 781 et
806 729 1159 795 pontificatum
1203 730 1537 792 assurgeret?

483 809 611 858 Cum
636 808 849 858 dicimus
879 808 1160 871 Hispanus,
1191 807 1357 872 inquit
1393 806 1533 854 Sosi-

480 894 653 949 pater,
694 899 880 935 nomen
924 883 1145 933 nationis
1184 881 1533 944 ostendimus;

479 977 595 1011 cum
620 969 791 1012 autem
832 961 1212 1025 Hispaniensis,
1251 974 1532 1024 cognomen

477 1052 652 1088 eorum
675 1040 760 1103 qui
795 1037 1107 1101 provinciam
1131 1037 1434 1101 Hispaniam
1453 1037 1533 1087 in·

476 1116 671 1178 colunt,
690 1116 791 1164 etsi
814 1129 915 1164 non
943 1114 1179 1178 Hispani.

540 1193 700 1243 Eme.
723 1206 763 1241 1.
796 1191 1005 1240 Librum
1042 1190 1223 1240 Prisco
1253 1187 1410 1240 offert
1438 1206 1530 1255 op·

474 1279 696 1334 por-tune
728 1268 1017 1332 legendum.

540 1352 566 1396 1
608 1345 750 1395 Retia
783 1347 910 1401 dum,
947 1343 1055 1408 ξω]
1085 1344 1222 1393 Dum
1246 1350 1418 1395 cessat
1441 1359 1528 1396 ve·

472 1420 631 1471 nandi
653 1422 878 1471 studium
901 1435 996 1485 per
1029 1421 1149 1471 anni
1180 1427 1415 1484 tempus:
1451 1424 1526 1473 vi-

472 1497 628 1547 detur
647 1497 806 1549 fuisse
832 1513 923 1547 ver
946 1499 1027 1548 vel
1057 1505 1354 1561 autumnus,
1384 1500 1524 1551 horoe

471 1576 608 1624 enim
631 1589 799 1640 neque
834 1575 1047 1635 aestivae,
1086 1583 1141 1625 et
1178 1589 1416 1638 aprorum
1440 1591 1525 1626 ve-

468 1652 665 1702 nationi
686 1652 897 1702 inservit
917 1653 1111 1716 hyems.
1160 1652 1526 1717 Latrotoresque

467 1726 687 1787 Molossi]
710 1729 877 1778 Canes
900 1743 931 1778 e
952 1728 1291 1779 Molossorum
1315 1744 1525 1796 genere,

467 1805 553 1869 qui
578 1815 743 1855 acres.

530 1885 562 1930 4
597 1882 703 1931 Nec
732 1884 900 1931 oestiva
932 1888 1020 1943 est,
1042 1880 1155 1945 ξω]
1187 1882 1306 1931 Non
1330 1885 1519 1947 longis-

465 1957 614 2018 sima,
655 1959 831 2021 quales
868 1965 987 2007 sumt
1024 1958 1164 2007 horae
1200 1959 1418 2022 aestivae,
1455 1976 1521 2010 ex

466 2034 718 2084 divisione
735 2035 860 2097 diei,
876 2050 973 2100 pro
998 2037 1116 2086 anni
1142 2043 1376 2101 tempore
1398 2040 1521 2089 inae·

465 2112 650 2176 qualis,
668 2112 720 2161 in
745 2116 825 2162 12.
849 2120 1042 2177 partes.

528 2189 690 2240 Eme.
715 2204 776 2240 ιι.
821 2197 847 2241 1
875 2192 995 2247 Quoe
1016 2193 1146 2241 modo
1170 2193 1398 2254 littoreas,
1414 2196 1520 2260 εγω]

464 2264 723 2327 Carmina,
754 2267 922 2331 qualia
962 2268 1103 2331 prius
1138 2282 1204 2316 ex
1244 2269 1374 2318 urbe
1407 2273 1519 2321 misi

461 2340 664 2404 Pyrgos
681 2343 889 2393 Tusciae
909 2344 1154 2407 oppidum
1189 2346 1520 2410 maritimum,

456 2418 800 2485 dispergenda
826 2421 947 2471 iude
970 2437 1067 2486 per
1086 2423 1209 2472 alias
1232 2423 1373 2474 orbis
1399 2439 1516 2490 par-

457 2500 557 2556 tes,
572 2500 708 2547 nunc
724 2513 822 2561 ego
843 2500 994 2549 mitto
1011 2515 1076 2549 ex
1094 2500 1195 2550 alia
1211 2500 1349 2550 orbis
1367 2510 1518 2566 parte

455 2571 506 2621 in
532 2575 731 2626 urbem.
765 2576 943 2640 Epigr.
964 2591 1073 2641 seq.

521 2656 552 2700 3
585 2653 701 2701 Jam
733 2668 844 2715 uon,
882 2654 988 2717 ξω]
1026 2654 1258 2704 Humida
1295 2655 1517 2720 seilicet,

449 2738 580 2777 vere
612 2729 695 2779 vel
726 2738 989 2793 autumno,
1025 2738 1083 2780 ut
1114 2733 1293 2795 priore
1329 2734 1513 2797 Epigr.

454 2817 589 2853 vers.
616 2811 663 2855 1.

518 2882 676 2931 Eme.
701 2896 790 2932 ιιι.
823 2889 853 2933 3
878 2883 1114 2945 Auriferi,
1140 2884 1248 2949 syci]
1285 2887 1364 2935 Ex
1388 2886 1511 2936 His-

441 2959 611 3020 ·pania
647 2960 874 3010 ‘metallis
916 2962 1129 3025 celebri,
1175 2964 1263 3012 ubi
1310 2964 1511 3014 aurifex

450 3036 623 3099 Tagus
659 3045 715 3087 et
754 3038 894 3098 Salo,
939 3038 1089 3102 cujus
1128 3040 1272 3104 aquis
1311 3038 1510 3090 ferrum

454 3119 794 3175 temperatur.
829 3114 1093 3177 Epigram.
1117 3119 1196 3165 50.
1234 3116 1267 3165 l.
1291 3121 1335 3166 1.
1373 3131 1509 3168 vers.

445 3188 530 3237 15.
548 3197 604 3238 et
626 3194 707 3240 12.
766 3191 1033 3254 Tetricique
1052 3190 1260 3256 Salonis]
1283 3192 1507 3256 Propter

447 3268 670 3326 montes,
684 3265 770 3314 vel
790 3266 1010 3317 accolas.

512 3345 543 3390 4
580 3342 687 3390 Dat
718 3342 917 3406 patrios,
946 3343 1055 3408 qm]
1089 3343 1195 3394 Ubi
1230 3354 1504 3410 parentum

448 3431 667 3467 eineres.

509 3499 542 3543 6
578 3495 723 3557 cnjus
755 3496 893 3546 habet
916 3496 1129 3561 fratres]
1164 3500 1323 3565 Cujus
1348 3506 1503 3566 pater

444 3579 699 3636 autor-que
740 3573 933 3623 vixerit
978 3574 1156 3624 Romae
1196 3580 1277 3626 84.
1318 3592 1499 3628 annos.

447 3647 562 3713 Tot]
584 3649 763 3699 Libros
781 3651 960 3716 Epigr.
977 3652 1236 3714 undecim,
1251 3653 1379 3703 duos
1396 3656 1500 3709 dis-

441 3718 715 3790 tichorum,
734 3729 1146 3791 spectaculorum
1168 3745 1340 3781 unum.
1397 3735 1500 3783 Do-

442 3818 546 3853 mus
565 3803 691 3867 alta]
725 3805 904 3856 Roma.
927 3806 1033 3866 alii,
1056 3806 1241 3856 Domus
1260 3825 1369 3860 aaa.

506 3883 537 3930 ⁷
569 3884 692 3930 ,ἷκτο
710 3886 792 3930 tuo
822 3885 1102 3947 veneranda,
1123 3885 1228 3949 aaa]
1261 3889 1500 3953 Namque

442 3958 691 4021 templum
716 3960 798 4009 est
821 3959 1077 4024 Apollinis
1121 3971 1176 4013 et
1212 3964 1498 4028 Musarum,

431 4033 502 4081 *ab
526 4033 757 4097 Augusto
780 4036 833 4084 in
859 4036 1068 4087 Palatio
1090 4039 1406 4104 excitatum3
1443 4043 1497 4092 in

439 4121 544 4172 quo
566 4104 845 4160 Poetarum
869 4127 1030 4174 opera
1064 4114 1418 4167 recitabantur
1440 4125 1497 4167 et

438 4184 664 4249 probata
696 4190 1082 4251 reponebantur
1111 4204 1229 4241 cum
1262 4194 1495 4258 imagini·

434 4262 789 4403 huss-Remu]
809 4340 856 4391 A
874 4341 1054 4392 Nerva
1070 4344 1327 4398 restituta.
1376 4348 1492 4399 Pie-

1183 433 1400 481 No'rAE
1445 433 1850 484 VAmoRUM
1900 433 1979 483 :N

1602 576 1686 625 -rio
1705 575 1865 639 choro]
1900 576 2064 626 Musis
2088 582 2145 627 et
2158 577 2350 641 poetis.

1676 656 1709 701 9
1730 654 1896 702 Primo
1910 651 2122 715 Subura]
2143 653 2223 704 Ad
2243 655 2519 706 Consulem
2537 654 2666 706 Stel·

1606 730 1713 777 lam
1737 729 1786 776 in
1811 729 1979 791 prima
1997 730 2220 792 Subura,
2250 731 2347 781 boc
2381 739 2482 792 est,
2523 730 2663 781 aditu

1611 805 1827 854 Suburae
1841 805 2176 856 habitantem.
2205 807 2501 870 lucipiebat
2515 821 2545 855 a
2556 805 2663 856 soro

1602 881 1875 939 -Romano;
1924 881 2198 933 desinebat
2227 883 2294 931 ad
2326 884 2538 934 initium
2568 885 2663 934 viae

1609 958 1972 1009 Praenestinas.
2028 960 2162 1009 Vide
2202 962 2386 1025 Epigr.
2426 966 2509 1013 35.
2548 963 2581 1012 l.
2618 966 2661 1011 1.

1607 1048 1743 1084 vers.
1763 1039 1813 1084 6.

1680 1114 1742 1159 10
1791 1111 2009 1161 Consulis
2044 1111 2161 1175 mei]
2207 1114 2404 1173 Stellae,
2443 1114 2529 1164 cui
2567 1123 2660 1177 ego

1606 1188 1929 1237 consulatum
1966 1188 2100 1239 vovi.
2149 1189 2331 1253 Epigr.
2365 1193 2452 1240 4³.
2489 1191 2577 1240 lib.
2613 1194 2659 1238 9.

1605 1263 1707 1313 Vel
1730 1265 1847 1313 milii
1870 1263 2119 1314 faventis.

1668 1345 1731 1391 12
1766 1342 1938 1391 Clarus
1970 1340 2230 1407 Hyanteoe]
2273 1342 2452 1393 Toties
2489 1342 2660 1393 toties-

1604 1431 1704 1483 que
1722 1418 1915 1480 monui,
1933 1424 1992 1467 ut
2012 1418 2268 1488 scribatur
2291 1419 2527 1482 Iantheoe,
2547 1418 2661 1469 ’letr-

1600 1498 1711 1559 01⁰5,
1744 1497 1914 1560 inquit
1950 1496 2255 1547 Scriverius.
2321 1496 2396 1547 At
2419 1497 2509 1546 ille
2529 1497 2658 1548 faui:-

1603 1580 1703 1624 tur.
1758 1573 1902 1624 Nihil
1923 1574 2022 1623 huc
2043 1572 2169 1623 facit
2192 1574 2514 1633 Violantilla,
2536 1575 2658 1624 nibil

1594 1650 1715 1703 ‘fons
1769 1652 2057 1703 Ianthidos.
2160 1653 2398 1718 Hyantea
2449 1653 2660 1718 scripsit

1600 1730 1878 1780 Martialis.
1956 1730 2026 1780 Et
2063 1730 2080 1760 ‘
2101 1730 2343 1796 Hyantea
2377 1730 2545 1795 aqua’
2576 1739 2655 1781 est

1592 1808 1737 1857 unda
1759 1808 2000 1859 Castalis.
2046 1809 2338 1859 Ausonium
2370 1811 2387 1839 ‘
2406 1817 2464 1860 et
2480 1809 2655 1872 Hyan·

1599 1892 1687 1933 tea
1709 1883 2024 1950 Aganippe!
2079 1886 2269 1935 Ovidio
2291 1885 2510 1934 Actaeon
2545 1885 2654 1949 ‘ju-

1597 1961 1739 2010 venis
1758 1961 2051 2026 Hyantius.’
2084 1962 2251 2012 Statio
2283 1962 2563 2027 ‘Hyantiae
2579 1975 2654 2010 so-

1596 2037 1773 2087 rores'
1807 2040 1991 2089 Mnsoe.
2066 2040 2266 2090 Rursus
2302 2039 2525 2089 Ovidius
2564 2037 2650 2087 lib.

1595 2119 1644 2165 8.
1697 2118 1714 2146 ⁴
1738 2122 1792 2166 et
1838 2118 2087 2181 Hyanteo
2129 2117 2309 2167 Iolao.’
2370 2116 2648 2166 Gronovius.

1597 2192 1813 2257 Petitur]
1847 2195 1976 2256 Alii,
2007 2196 2186 2245 sititor.
2253 2194 2415 2243 Stella
2437 2194 2527 2243 diu
2549 2207 2648 2242 am·

1588 2269 1726 2320 bivit
1753 2271 2117 2322 Violantillam.
2147 2272 2344 2322 Statius
2369 2273 2422 2320 in
2444 2271 2649 2334 Epitha-

1594 2347 1745 2397 lamio
1771 2350 1918 2414 Sylv.
1937 2355 1985 2399 1.
2007 2351 2058 2399 in
2089 2350 2240 2415 cujus
2263 2349 2465 2399 aedibus
2486 2348 2649 2411 limpi-

1588 2424 1828 2476 dissimus
1847 2426 1951 2477 fuit
1963 2426 2109 2490 fons;
2133 2428 2201 2476 de
2216 2442 2318 2493 quo
2337 2426 2455 2476 vide
2475 2425 2648 2491 Epigr-

1590 2507 1672 2554 49.
1700 2504 1788 2553 lib.
1813 2510 1863 2554 7.
1886 2513 1941 2554 et
1963 2505 2054 2555 lib.
2076 2508 2127 2553 6.
2164 2505 2348 2568 Epigr.
2370 2508 2454 2555 47.

1657 2584 1718 2630 13
1756 2582 1995 2631 Castalius
2010 2618 2024 2632 .
2042 2618 2058 2635 .
2077 2617 2092 2633 .
2115 2582 2269 2646 Unde,
2283 2580 2388 2645 qa]
2422 2581 2647 2646 Propter

1587 2659 1801 2710 Stellam
1828 2661 2048 2710 Poetam

1654 2740 1715 2784 15
1751 2737 1864 2801 Ille]
1896 2737 2080 2786 Stella.

1653 2817 1716 2862 16
1751 2814 1851 2862 Nec
1871 2815 2086 2874 ninnium,
2106 2813 2213 2877 ξω]
2248 2815 2367 2864 Prae
2392 2812 2644 2864 desideria

1585 2890 1686 2938 mei
1709 2887 1883 2938 effusis
1906 2890 2157 2955 lacrymis.

1649 2971 1710 3016 1⁷
1749 2968 1960 3017 Titulum
1985 2968 2164 3032 poscis]
2202 2968 2414 3018 Antoris
2440 2970 2641 3019 nomine

1582 3043 1901 3108 insignitum.

1660 3121 1821 3170 Eme.
1867 3135 1944 3170 tv.
2007 3121 2245 3171 Priscum
2290 3122 2636 3171 Maecenatem

1581 3210 1747 3259 sunum,
1785 3199 1879 3260 ait,
1903 3198 2115 3262 dignum
2149 3206 2350 3247 aeterno
2382 3197 2638 3262 praeconio

1576 3274 2002 3340 immortalitatis,
2055 3278 2171 3341 ejus
2219 3276 2372 3326 simul
2414 3277 2637 3325 virtutes

1578 3352 1847 3416 praedicat.

1644 3437 1668 3482 1
1709 3433 1904 3498 F'lacoo]
1938 3425 2177 3484 Horatio.
2246 3428 2505 3498 Varioque,
2536 3432 2638 3496 &cij

1576 3508 1752 3559 Nobili
1787 3510 1977 3573 poe'tae.
2011 3512 2402 3576 Epigrammate
2438 3516 2518 3560 18.
2550 3510 2636 3560 lib.

1574 3588 1623 3636 8.
1657 3600 1796 3636 vers.
1819 3590 1870 3636 7.

1639 3667 1671 3712 2
1705 3663 1944 3712 Moecenas
1974 3661 2151 3723 atavis,
2186 3658 2288 3726 ξω]
2329 3661 2531 3712 Alludit
2569 3662 2631 3711 ad

1572 3739 1792 3804 primum
1818 3739 2024 3789 Horatii
2051 3754 2290 3790 versum.
2331 3741 2628 3790 ‘Maecenas

1569 3816 1736 3865 atavis
1759 3815 1901 3864 edite
1924 3814 2170 3878 regibusss

1630 3894 1666 3940 4
1687 3891 1849 3953 Anus]
1874 3892 2154 3955 Longaeva.
2188 3886 2325 3942 Vide
2349 3850 2531 3958 Epigr.
2550 3889 2626 3942 to‘.

1571 3968 1667 4020 lib.
1690 3974 1741 4018 2.
1767 3983 1900 4017 vers.
1925 3974 1976 4019 2.

1632 4050 1666 4095 6
1700 4046 1950 4110 Ingenua]
1978 4045 2210 4095 Literato
2232 4046 2387 4096 otio.
2428 4049 2624 4098 Munera

1563 4120 1807 4186 pigritie]
1830 4122 2092 4171 Gruterus
2107 4137 2173 4172 ex
2190 4123 2517 4174 melioribus:
2539 4126 2625 4173 dus

1568 4200 1686 4250 mihi
1697 4200 1930 4264 pig-ritioe.
1965 4200 2324 4251 Hexastichon
2343 4201 2475 4251 illud
2496 4203 2620 4251 Mac·

1571 4284 1617 4328 te
1637 4279 1807 4341 animi,
1836 4280 1917 4342 ²5⁶·
1954 4279 2271 4340 demigrasse
2295 4280 2413 4331 ltine
2437 4282 2488 4330 in
2511 4294 2617 4329 sex-

1566 4363 1677 4407 tum
1716 4356 1869 4420 Epig.
1902 4356 2201 4420 auspic-atur
2231 4357 2389 4408 Turn.
2421 4358 2457 4406 l.
2477 4361 2616 4406 atho.
