2985 4937
470 386 645 453 1166

468 545 569 612 tat)
600 546 831 596 natalem
873 543 1040 610 patris
1076 545 1176 607 tui,
1216 558 1318 610 quo
1363 544 1537 596 editus

422 662 423 669 ,
469 632 569 687 est,
591 622 781 673 iu'dias
813 621 1017 672 luminis
1050 636 1223 684 auras,
1249 622 1417 671 velex
1439 634 1540 672 coe·

466 702 589 751 lesti
610 700 932 750 revolutione
956 714 1238 749 reversum.
1277 698 1483 750 Farnob.

534 784 567 829 4
599 776 887 842 Βίὸαι,ᾁνσ.]
920 778 1095 841 Atque
1118 778 1217 826 hoc
1243 776 1427 826 eodem
1451 775 1539 826 die

465 860 691 924 primam
732 856 948 908 barbam
984 855 1290 920 deposuisti,
1314 855 1401 920 qui
1424 855 1539 921 qui·

467 935 590 986 dem
624 934 737 985 dies
781 932 968 999 priscis
1010 945 1178 995 sacer,
1215 931 1444 982 solennis
1483 938 1539 982 et

467 1019 739 1081 perpetuae
777 1009 1060 1061 memoriae.
1111 1010 1330 1059 Sueton.
1365 1023 1413 1060 c.
1455 1012 1537 1059 12.

470 1092 670 1142 Neron.
709 1095 766 1139 et
808 1088 1110 1152 xiphilinus
1149 1087 1204 1137 in
1242 1087 1457 1138 Nerone
1480 1094 1539 1136 et

466 1166 835 1233 Heliogabalo.
867 1166 1059 1217 Juven.
1080 1168 1130 1214 3.
1150 1164 1207 1214 S.
1231 1168 1344 1214 186.

533 1254 563 1297 6
600 1248 786 1307 Magna
821 1244 953 1304 licet,
985 1244 1092 1308 δῖα]
1138 1242 1372 1293 Martial.
1409 1242 1446 1292 l.
1487 1245 1536 1291 1.

464 1324 635 1388 epigr.
655 1327 740 1373 88.
772 1321 790 1350 ‘
814 1326 1023 1371 tonsum
1046 1318 1133 1370 fac
1175 1319 1298 1379 cito,
1323 1333 1441 1369 sero
1465 1319 1539 1369 vi·

468 1399 621 1451 rum!
656 1397 785 1450 Rari.

532 1483 566 1528 6
599 1476 725 1528 Plus
742 1490 997 1540 nunquam,
1034 1472 1145 1539 ξω]
1198 1472 1333 1524 Filio
1370 1472 1537 1525 dulcis

465 1561 550 1605 est
566 1553 731 1619 patris
747 1553 870 1602 vitae
885 1551 1136 1602 memoria
1152 1550 1537 1600 anniversaria:

464 1631 605 1697 patri
648 1630 786 1681 nulla
829 1629 942 1679 dies
989 1629 1207 1693 gratior,
1242 1642 1395 1692 quam
1436 1641 1539 1692 qua

462 1709 558 1759 filii
614 1708 710 1758 viri
752 1705 886 1756 facti
927 1706 1226 1756 memoriam
1281 1703 1536 1755 celebrat.

465 1785 695 1837 nonnulli
733 1785 936 1849 legunt,
969 1783 1210 1846 praestitit
1263 1782 1361 1831 ulla
1412 1781 1535 1831 dies.

380 1849 383 1854 ‘
463 1862 586 1913 vide
603 1860 884 1924 Antbolog.
906 1860 944 1908 l.
964 1863 1010 1909 1.
1028 1874 1074 1908 c.
1089 1860 1172 1909 26.
1186 1858 1355 1922 epigr.
1372 1856 1538 1921 Apol-

463 1940 630 1990 lonid.
676 1936 791 1986 Ἢδὺ
809 1934 1044 2002 παρηΐδων
1063 1938 1246 1999 πρῶτον
1260 1932 1390 1998 θέρος
1418 1934 1538 1995 ἦμα-

460 2038 509 2068 τι
529 2016 681 2081 τούτῳ
701 2013 883 2080 Κείρεο,
906 2033 952 2064 κ.
971 2033 1018 2064 τ.
1036 2022 1090 2064 λ.
1126 2012 1176 2064 F
1173 2013 1336 2062 amab.

531 2096 694 2145 Erre.
720 2107 822 2143 vu.
856 2093 934 2142 De
945 2090 1179 2155 sportula]
1212 2092 1382 2142 Notat
1404 2090 1540 2142 divi·

461 2177 574 2222 tum
598 2168 951 2234 σμικρολογίαν,
975 2175 1031 2219 et
1054 2183 1262 2218 avaram
1298 2167 1538 2218 ambitio-

462 2264 603 2313 nem,
619 2249 708 2313 qui
731 2248 956 2298 levicula
975 2245 1201 2311 pecunia
1237 2245 1539 2295 miserorum

463 2325 830 2376 clientulorum
873 2331 1030 2389 atque
1085 2322 1539 2372 anteambulonum

463 2399 638 2452 officia
673 2401 807 2452 bene
846 2399 1108 2451 munerari
1149 2399 1539 2449 existimabant.

463 2478 630 2546 Atqui
665 2486 922 2531 mutatum
966 2493 1079 2529 esse
1123 2491 1295 2527 rerum
1343 2484 1539 2528 statum

460 2556 568 2619 ait;
604 2572 665 2607 ac
697 2550 811 2622 jam
843 2571 946 2605 non
981 2555 1269 2619 sportulam
1309 2560 1539 2617 tenuem,

463 2633 557 2682 sed
580 2633 824 2683 salarium
859 2627 1085 2681 dandum
1127 2645 1261 2681 esse.
1300 2631 1449 2681 Suet.
1484 2630 1539 2680 in

461 2703 707 2759 Tiberio:
743 2715 760 2738 ‘
784 2708 1028 2758 Pecuniae
1049 2723 1234 2769 parcus
1259 2722 1321 2757 ae
1354 2713 1538 2771 tenax,

464 2787 683 2838 'comites
727 2786 1206 2851 peregrinationum
1247 2785 1537 2849 expeditio-

463 2874 709 2928 numque,
756 2877 1021 2927 nunquam
1075 2862 1283 2925 salario,
1324 2860 1537 2911 cibariis

462 2946 667 2990 tantum
690 2939 1037 2988 sustentavit.’
1067 2937 1272 2987 Herald.

530 3022 558 3066 l
584 3018 804 3076 Centum,
827 3013 936 3079 85c.]
967 3014 984 3042 ‘
1012 3015 1158 3064 Nero
1181 3028 1382 3063 coenam
1424 3029 1534 3065 rec-

463 3098 573 3143 tam
595 3091 876 3141 clientibus
906 3089 1196 3140 exhibitam
1220 3106 1252 3139 a
1275 3091 1534 3154 potentio-

462 3169 606 3218 ribus
639 3166 916 3231 redegerat
958 3165 1026 3217 ad
1065 3168 1374 3230 sportulam,
1416 3183 1535 3233 quae

462 3245 702 3295 calathus
723 3242 826 3292 fuit
849 3258 950 3308 quo
963 3243 1186 3308 primum
1209 3244 1422 3293 obsonia
1444 3243 1535 3295 da-

461 3320 672 3381 bantur,
709 3327 893 3383 postea
933 3328 1148 3371 centum
1188 3320 1538 3386 quadrantes’

462 3396 632 3463 (board
650 3396 1017 3463 woges):‚Suet.
1038 3399 1079 3447 l.
1097 3402 1146 3448 6.
1168 3413 1214 3448 c.
1239 3403 1321 3449 16.
1356 3399 1536 3448 Domi-

462 3475 634 3524 tianus
667 3474 941 3539 antiquato
975 3474 1063 3523 illo
1096 3473 1326 3526 Neronis
1358 3475 1536 3526 edicto

463 3554 734 3604 revocavit
750 3569 940 3604 coenas.
966 3556 1111 3605 Suet.
1141 3555 1339 3604 Domit.
1365 3558 1417 3604 7.

525 3636 559 3681 2
593 3631 1000 3695 Anteambulonis,
1021 3630 1127 3696 ξα]
1179 3630 1400 3682 Clientis
1425 3628 1537 3681 offi-

461 3707 591 3770 ciosi
610 3722 835 3759 merces.

526 3789 557 3835 3
595 3785 727 3842 Quos
746 3785 987 3836 dividebat
1018 3783 1286 3847 balneator]
1321 3783 1536 3834 Clienti-

462 3860 562 3912 bus
584 3861 822 3927 singulis,
847 3863 933 3927 qui
961 3877 1065 3911 una
1086 3861 1355 3925 lavabant,
1373 3860 1482 3910 dati
1505 3876 1538 3910 a

461 3939 845 4002 potentioribus
857 3943 970 3988 100.
987 3937 1327 4004 quadrantes,
1341 3945 1534 3989 nostrae

461 4023 686 4065 monetae
713 4021 790 4066 18.
820 4016 874 4064 d.
899 4016 987 4066 ob.
1010 4032 1061 4081 q.
1083 4031 1211 4081 quos
1232 4015 1369 4066 forte
1403 4017 1535 4067 divi-

463 4094 627 4146 debat
646 4096 940 4146 balneator.
964 4096 1132 4160 epigr.
1156 4100 1240 4145 60.
1271 4096 1306 4145 l.
1344 4100 1389 4147 1.
1414 4095 1535 4145 vide

464 4180 523 4223 et
535 4170 766 4223 Turneb.
796 4172 835 4221 l.
866 4175 948 4221 30.
971 4186 1020 4220 c.
1042 4175 1089 4223 8.
1111 4178 1168 4222 et
1186 4176 1268 4222 30.
1333 4171 1537 4237 Eli-ras]

463 4248 736 4315 Aquarum
759 4257 814 4298 et
832 4263 1080 4312 vaporum
1095 4250 1270 4301 calore
1292 4256 1491 4299 coctus.

527 4328 561 4374 4
595 4325 767 4376 Fames
807 4325 1084 4389 amicorum]
1138 4325 1244 4378 Qui
1280 4326 1532 4390 sportulae

1176 398 1396 451 NOTAE
1443 400 1852 451 VARIORUM
1902 403 1982 451 m

1615 545 1876 596 tenuitate
1899 552 1954 597 et
1976 543 2113 596 fame
2148 545 2407 597 enecastis
2442 545 2683 596 clientes.

1657 628 1707 683 1ὃ
1743 625 1899 685 Regis
1916 623 2127 688 superbi]
2174 624 2440 691 Quicquid
2464 625 2678 674 insultet

1607 699 1696 749 bic
1740 702 2033 751 Ramiresio
2072 701 2383 762 Scriverius,
2427 708 2575 750 recte
2613 699 2682 749 ab

1610 776 1701 827 illo
1723 778 2055 828 observatum
2081 787 2206 842 puto
2239 778 2255 806 ‘
2278 779 2477 843 Regem
2502 790 2685 841 super·

1611 853 1764 905 bnm'
1791 855 1878 904 hic
1921 869 2037 905 esse
2066 855 2350 914 Neronem,
2384 861 2440 904 et
2479 867 2685 904 accom-

1609 932 1877 981 modatum
1898 932 2018 982 huic
2035 932 2151 982 luco
2168 933 2308 981 illum
2333 934 2554 982 alterum
2570 947 2684 982 ver·

1614 1022 1747 1073 sum,
1781 1009 2076 1060 ‘Invidiosa
2096 1009 2198 1061 feri
2231 1010 2509 1060 radiabant
2544 1009 2682 1059 atria

1613 1084 1792 1150 regis!
1854 1086 2070 1137 Patroni
2109 1102 2268 1152 qnare
2313 1087 2381 1137 ob
2425 1086 2687 1150 sportulas

1612 1163 1859 1215 dicantur
1898 1166 2072 1229 potius
2132 1165 2367 1228 superbi,
2412 1179 2566 1230 quam
2612 1162 2683 1213 ob

1613 1255 1814 1291 eoenam
1834 1250 2059 1308 rectam,
2073 1242 2214 1291 nulla
2245 1242 2381 1291 ratio
2414 1248 2512 1291 est.
2578 1239 2685 1290 Sed

1609 1318 1627 1346 ‘
1651 1319 1787 1382 regis
1823 1319 2034 1385 superbi
2070 1318 2352 1383 sportulae’
2384 1325 2506 1368 sunt
2542 1330 2687 1383 spor-

1613 1396 1740 1446 tulae
1767 1397 2037 1448 aNeroue
2074 1398 2410 1460 introductae,
2447 1413 2565 1462 qnae
2605 1410 2686 1445 re·

1613 1481 1884 1524 cesserunt
1906 1475 1988 1524 vel
2012 1473 2278 1538 abrogatae
2302 1482 2423 1523 sunt
2443 1473 2685 1522 instituto

1612 1550 1920 1601 Domitiani.
1978 1553 2189 1601 Gronov.
2257 1550 2430 1613 Regis,
2471 1549 2578 1615 ξπ]
2634 1549 2685 1600 Α

1613 1628 1840 1692 superbo
1885 1635 2105 1693 patrono
2141 1628 2252 1693 (qui
2290 1628 2446 1677 ‘rex’
2477 1625 2689 1678 diceba-

1612 1703 1725 1769 tur)
1746 1704 2013 1755 exbibitae.
2645 1752 2648 1755 ,

1677 1787 1711 1831 6
1745 1783 1904 1844 Nihil,
1925 1781 2035 1846 εμπ]
2069 1782 2216 1833 Nihil
2239 1779 2439 1832 fraudis
2464 1781 2579 1844 jam
2602 1778 2682 1831 fa·

1613 1858 1856 1910 ciendum
1887 1866 1969 1910 est
2004 1859 2205 1921 clienti,
2246 1873 2398 1925 quem
2430 1872 2574 1924 saepe
2609 1858 2688 1907 in·

1610 1935 1832 1986 vitatum
1869 1941 2115 2002 tanquam
2150 1936 2217 1986 ad
2256 1950 2451 1986 coenam
2486 1942 2687 1985 rectam

1613 2010 1919 2062 dimiserunt
1960 2013 2173 2062 tandem
2202 2027 2319 2062 cum
2333 2012 2516 2076 jejuna
2541 2025 2688 2075 spor-

1614 2090 1756 2151 tula;
1798 2089 1983 2155 στροφὴ
2014 2090 2367 2153 tergiversatio,
2411 2104 2442 2137 a
2483 2086 2692 2153 στρέφου.

1613 2167 1852 2217 Salariam
1874 2169 2081 2218 dandum
2096 2169 2188 2232 est]
2239 2168 2417 2228 Coena,
2440 2178 2557 2230 quae
2581 2166 2691 2216 Ro-

1614 2243 1780 2292 manis
1802 2239 2014 2308 ἆλάριον,
2048 2243 2297 2305 cibariam,
2321 2257 2522 2292 annona
2543 2242 2686 2292 diur-

1615 2333 1701 2383 na,
1724 2335 1789 2368 ex
1808 2329 1966 2384 pacto
1984 2320 2254 2370 debitum:
2287 2328 2349 2369 ut
2379 2320 2397 2348 ‘
2413 2320 2692 2385 sportula,’

1616 2411 1681 2445 ex
1704 2398 1915 2461 placito.

1682 2475 1843 2526 Eme.
1863 2487 1991 2524 vm.
2026 2478 2053 2523 1
2085 2473 2269 2523 Thaida
2286 2473 2545 2537 Quinc-tas]
2570 2475 2685 2525 Cae-

1615 2553 1830 2602 citatem
1857 2551 2094 2616 Quincti,
2129 2566 2232 2600 non
2268 2552 2555 2616 oculorum,
2592 2553 2689 2602 sed

1613 2631 1779 2695 ipsius
1802 2630 1955 2680 animi
1976 2630 2163 2680 irridet
2179 2632 2275 2680 hoc
2291 2630 2686 2695 epigrammate.

1614 2706 1843 2757 Amabat
1858 2710 1996 2757 euim
2016 2707 2217 2757 Thaida
2235 2707 2564 2757 meretricem
2581 2708 2687 2758 lus-

1612 2798 1746 2845 cam,
1782 2788 1937 2849 qu‘am
1972 2799 2122 2834 nemo
2162 2784 2264 2832 nisi
2302 2798 2473 2833 caecus
2511 2798 2688 2834 amare

1613 2868 1807 2925 posset.
1863 2862 1982 2926 Illa,
2006 2862 2195 2929 inquit,
2214 2877 2314 2912 uno
2331 2864 2483 2913 oculo
2507 2869 2686 2926 caret;

1613 2937 1841 2990 Quintus
1863 2938 2083 2988 dnobus.

1675 3020 1707 3065 2
1742 3015 1907 3079 Duos]
1939 3005 2174 3082 Utroque
2194 3022 2343 3067 caret
2364 3017 2533 3066 oculo.
2568 3017 2685 3066 Me-

1611 3094 1753 3158 taph.
1774 3093 1827 3145 id
1851 3100 1950 3158 est,
1968 3109 2139 3144 caecus
2162 3100 2244 3143 est
2262 3107 2453 3156 amore,
2468 3094 2554 3159 qui
2578 3107 2687 3143 non

1612 3171 1788 3222 videat
1810 3173 1960 3222 vitia.
1981 3169 2117 3221 infra
2139 3171 2309 3235 epigr.
2329 3174 2413 3219 30.

1680 3250 1840 3301 Eme.
1866 3264 1945 3300 11.
1998 3253 2031 3298 2
2059 3250 2168 3297 Non
2204 3246 2391 3310 scribit,
2430 3247 2541 3312 ξω]
2597 3247 2684 3298 Sic

1614 3328 1780 3391 epigr.
1800 3330 1883 3376 64.
1905 3327 1941 3374 l.
1963 3330 2013 3374 6.
2048 3324 2340 3374 Pessimum
2364 3324 2575 3387 poetam
2597 3338 2689 3374 no·

1613 3410 1712 3461 tat,
1734 3404 1884 3468 cnjus
1905 3402 2135 3452 carmina
2168 3400 2387 3464 perinde
2411 3400 2685 3465 negligan-

1612 3487 1717 3544 tur,
1739 3496 1801 3529 ac
1826 3481 1869 3530 si
1890 3480 2085 3543 scripta
2106 3492 2363 3541 nunquam
2388 3475 2630 3527 fuissent.

1675 3558 1836 3608 Eme.
1871 3571 1930 3607 x.
1983 3554 2331 3618 Philomusam]
2398 3553 2687 3605 Philomusi

1611 3641 1763 3699 pater
1796 3642 2061 3684 menstrua
2084 3632 2190 3682 filio
2212 3648 2305 3682 suo
2328 3632 2450 3680 luxu
2470 3632 2682 3696 perdito

1611 3710 1985 3774 constituerat,
2022 3722 2191 3774 eaque
2232 3708 2447 3771 singulis
2492 3708 2681 3760 diebus

1610 3787 1884 3850 erogabat,
1921 3801 1989 3837 ne
2026 3800 2131 3835 uno
2170 3785 2257 3835 die
2286 3785 2445 3835 totius
2490 3788 2683 3835 mensis

1610 3866 1853 3920 alimenta
1891 3871 2235 3915 consumeret.
2326 3864 2402 3916 At
2442 3865 2531 3930 qui
2574 3864 2683 3916 filio

1609 3956 1705 3992 suo
1731 3951 1833 3991 tam
1869 3947 2156 4006 'prospecte
2180 3951 2394 3993 caverat
2416 3950 2473 3993 et
2498 3958 2683 3993 consu-

1608 4019 1778 4068 luerat
1800 4018 1919 4068 dum
1942 4019 2161 4082 viveret,
2194 4019 2241 4069 is
2264 4019 2490 4084 pessime
2505 4019 2675 4070 eidem

1610 4096 1754 4146 cavit
1777 4101 2092 4146 testamento
2127 4111 2251 4159 suo;
2303 4111 2407 4161 quo
2431 4111 2549 4146 eum
2592 4097 2679 4147 be-

1610 4173 1784 4223 redem
1819 4188 1885 4223 ex
1907 4187 2020 4223 asse
2054 4174 2293 4240 reliquit;
2328 4190 2484 4239 quum
2507 4173 2556 4225 ei
2590 4175 2681 4224 ali·

1607 4257 1784 4301 menta
1812 4251 1981 4316 potius
2007 4251 2208 4313 diurna,
2242 4258 2297 4301 et
2330 4252 2545 4314 singulis
2570 4252 2678 4302 die·

1609 4328 1704 4379 bus
1726 4330 2044 4393 praestanda,
2064 4328 2357 4393 relinquere
2391 4327 2675 4380 debuisset.
