2985 4937
693 421 771 468 Μ.
820 418 987 467 vAL.
1035 413 1457 467 HARTIAMS
1511 414 1782 465 EPIGR-
1814 417 1962 466 LIB.
2010 418 2124 465 111.

296 564 476 619 Quare
494 578 562 614 eo
579 566 1027 625 tentamentum„
1038 560 1189 610 heres
1204 559 1371 623 scrip·-

296 649 378 691 tus
408 647 511 700 est,
535 653 722 689 revera
742 644 823 688 est
843 636 1214 686 exheredatus:
1252 650 1372 685 cnm

297 728 358 770 eo
387 718 533 769 facto
566 717 956 781 patrimonium,
1012 714 1152 780 quod
1192 713 1371 763 statim

295 793 628 860 dilapidavit,
660 792 728 843 ad
767 805 885 841 euru
909 791 1021 840 sine
1052 789 1171 841 ullis
1191 789 1372 839 condi-

295 871 525 924 tionibus
546 869 868 934 pervenerit.
902 867 1109 917 Her-ald.

355 956 389 1002 2
423 948 708 1013 Menstrua]
773 949 837 998 ln
894 947 1185 996 dimensum
1231 958 1371 995 men·

292 1033 511 1078 struum.
575 1027 766 1090 Perque
809 1035 969 1074 mes
1004 1023 1244 1087 prostitit
1282 1022 1371 1073 illa

289 1104 416 1168 dies]
482 1104 608 1155 Non
649 1102 874 1167 accipio,
938 1100 1088 1166 qnasi
1138 1101 1371 1153 demensi

290 1180 548 1231 menstrui
583 1185 762 1244 partes
805 1179 857 1229 in
892 1178 1124 1243 singulos
1145 1179 1260 1229 dies
1288 1180 1367 1230 di-

288 1258 496 1322 viserit,
532 1257 624 1307 sed
669 1258 826 1322 plane
862 1262 1031 1306 totum
1064 1255 1365 1307 demensum

289 1342 614 1385 menstruum
660 1340 882 1398 propter
918 1331 1224 1384 immodicos
1264 1335 1367 1386 sibi

289 1420 494 1462 sumtus
517 1411 572 1460 in
588 1410 822 1473 singulos
857 1410 970 1459 dies
1007 1423 1251 1474 erogasse
1272 1426 1365 1475 pa-

290 1492 444 1539 trem.
512 1488 587 1538 Et
620 1489 721 1539 hoe
749 1498 869 1537 eum
900 1487 1161 1538 exhausit.
1225 1489 1364 1539 Nam

287 1575 447 1630 quum
496 1566 599 1616 boe
639 1571 959 1615 menstruum
1006 1564 1368 1629 constitueret,

288 1641 507 1694 videtur
529 1643 607 1693 ita
627 1647 952 1706 supputasse,
984 1647 1041 1691 ut
1072 1641 1124 1690 in
1154 1643 1363 1705 longum

288 1719 367 1769 sic
383 1719 436 1769 ei
467 1718 837 1784 patrimonium
861 1714 1146 1771 sufficeret.
1212 1718 1362 1768 Men·

290 1801 445 1847 strna
463 1795 740 1846 constituit
779 1793 877 1846 tibi
906 1793 1048 1854 bina,
1088 1800 1149 1844 et
1181 1795 1362 1844 eadem

288 1886 385 1937 per
434 1874 669 1937 singulos
722 1871 836 1921 dies
888 1871 1157 1936 prestitit,
1207 1885 1365 1937 quum

288 1950 548 2001 luxuriam
574 1948 834 2013 praeteriti
854 1948 959 1998 diei
998 1956 1301 2013 sequeretur
1335 1961 1367 1997 a

291 2033 441 2091 tergo
461 2026 689 2090 proximi
708 2024 904 2089 inopia,
937 2038 1031 2074 sen
1061 2036 1221 2089 quum
1242 2039 1365 2090 quo-

290 2102 367 2152 vis
410 2101 501 2152 die
545 2109 864 2152 menstruum
922 2101 1180 2165 integrum
1225 2107 1365 2151 esset

289 2185 675 2243 consumptum,
712 2191 812 2228 nec
836 2178 1115 2243 quidquam
1138 2183 1369 2227 restaret

287 2256 341 2306 iu
361 2257 692 2307 crastinum-2
728 2261 787 2305 et
800 2255 921 2305 bina
937 2254 1025 2304 illa
1045 2254 1227 2318 millia,
1246 2270 1364 2319 qnae

287 2333 373 2384 ille
395 2333 743 2384 constituerat
759 2339 1046 2397 menstrua,
1069 2333 1113 2381 si
1137 2339 1190 2384 te
1213 2333 1364 2385 vitio·

288 2422 402 2459 sum
441 2415 501 2459 et
534 2408 855 2459 luxuriosum
891 2423 998 2459 aere
1031 2409 1204 2458 alieno
1235 2409 1365 2459 libe·

286 2501 400 2537 rum
424 2486 613 2550 vellet,
634 2492 813 2537 essent
857 2487 1126 2550 eroganda
1157 2488 1363 2537 diurna.

285 2562 614 2628 Quamquam
637 2570 693 2613 et
730 2562 982 2626 suspicari
1018 2563 1184 2627 possis
1206 2564 1367 2627 scrip·

285 2640 414 2690 sisse
475 2646 784 2691 auctorem:
839 2645 978 2689 tanto
1036 2640 1226 2692 diurna.
1293 2642 1365 2691 Et

285 2724 492 2767 tantum
528 2718 767 2781 quolibet
804 2731 906 2767 uno
942 2718 1030 2768 die
1061 2725 1200 2768 esset
1234 2718 1364 2768 dan·

285 2793 409 2844 dum
438 2794 525 2844 vel
545 2793 886 2858 praebendum
910 2795 1052 2844 luxui
1077 2802 1184 2845 tuo.
1236 2796 1363 2844 Gro-

284 2871 469 2925 novius.
538 2872 728 2935 Perque
756 2886 935 2936 omnes,
965 2871 1074 2936 ὁτι]
1123 2874 1194 2922 Et
1228 2872 1365 2922 illins

286 2946 511 2997 dimensi
533 2949 791 2998 menstrui
813 2948 1041 3012 singulas
1063 2955 1243 3015 partes
1264 2950 1364 3001 sin·

288 3026 425 3089 galis
446 3024 628 3075 divisit
648 3024 852 3076 diebus.
959 3019 970 3026 ’

344 3106 382 3152 8
416 3101 709 3166 Luxuriosa,
743 3103 850 3169 ᾴα]
900 3103 1067 3170 quue
1097 3111 1158 3154 ut
1179 3104 1364 3155 crasti-

289 3192 408 3226 nam
466 3185 826 3230 anteverteret
878 3186 1167 3244 egestatem
1216 3180 1363 3231 coer·

288 3254 459 3306 cando
497 3255 802 3307 hodiernum
837 3258 1033 3309 luxum.
1100 3257 1364 3309 Heraldns

290 3333 597 3396 Egestatem
632 3333 697 3383 ab
732 3333 923 3398 Inopia
949 3335 1028 3384 sic
1053 3333 1361 3399 distinguitx

287 3409 303 3435 ‘
325 3409 656 3472 Egestatem’
694 3410 899 3461 luxuria
935 3416 1030 3461 ant
1052 3410 1228 3476 aliqua
1269 3411 1363 3461 lm-

281 3484 513 3548 jusmodi
537 3486 698 3550 pestis
716 3486 905 3550 soepins
924 3484 1118 3537 conflat
1139 3503 1155 3549 ;
1203 3489 1219 3516 ‘
1239 3488 1362 3538 lno-

291 3563 405 3628 pia'
437 3570 498 3614 et
527 3565 826 3629 Paupertas
855 3573 1033 3631 potest
1071 3566 1171 3616 alio
1205 3566 1363 3617 modo

290 3642 613 3707 contingere.
700 3642 881 3695 Quare
936 3644 1237 3707 Paupertas
1305 3651 1363 3696 et

290 3716 481 3782 Inopia
519 3718 768 3769 innocens
800 3733 913 3769 esse
950 3725 1162 3784 potest:
1202 3721 1362 3785 Eges-

288 3799 369 3841 tas
393 3793 483 3843 vix
506 3794 699 3858 absque
719 3795 942 3857 scelere,
968 3801 1062 3848 ant
1088 3795 1157 3845 ad
1189 3799 1361 3848 scelus

294 3870 660 3933 propensione.

356 3948 387 3996 ⁵
420 3947 558 3997 Idem
578 3952 627 3997 te
658 3949 1001 4015 moriens‚4·e.]
1052 3951 1212 4002 Certe
1243 3964 1362 4001 cum

294 4032 350 4073 te
383 4024 482 4074 tibi
504 4024 800 4090 reliquerit,
823 4024 1114 4092 feceritque
1145 4027 1364 4077 haeredi-

295 4106 461 4151 tatem
481 4100 559 4150 tui
568 4101 725 4165 juris,
749 4108 803 4151 te
832 4103 978 4166 qnasi
996 4102 1362 4154 exheredavitz

297 4190 412 4227 nam
432 4185 487 4226 tu
501 4178 686 4243 rapide
699 4179 871 4229 omnia
889 4180 1142 4230 absumisz
1176 4179 1362 4230 melius

294 4256 636 4307 consuluisset
656 4263 747 4307 tuo
769 4257 913 4320 luxui
936 4257 1060 4308 dato
1080 4263 1341 4308 curatore.

360 4333 521 4385 Erre.
560 4347 643 4385 ιι.
693 4339 728 4385 2
768 4335 1025 4386 Disticha-n
1061 4349 1161 4386 ms
1201 4336 1365 4401 putas]

298 4409 678 4464 Succensuerat
698 4413 937 4464 Martiali
969 4414 1228 4467 Quinctus
1251 4414 1364 4481 qui-

2271 377 2276 381 ’
2343 401 2516 468 1107

1451 558 1592 622 dam,
1609 558 1680 609 ob
1704 559 1941 623 superins
1964 562 2011 611 8.
2027 559 2363 625 epigramma.
2413 561 2521 616 Qui

1448 636 1709 687 Quinetus
1751 637 2091 688 Hermionem
2139 639 2372 688 amabat.
2437 640 2521 690 lr-

1447 712 1635 763 risorie
1699 714 1988 777 respondet
2046 714 2236 777 poeta:
2303 715 2359 764 Si
2429 724 2522 768 tua

1448 790 1647 852 puella,
1687 805 1720 840 o
1746 781 2000 855 Quint-te,
2039 792 2332 842 neo.'1'hais
2371 808 2523 845 voca-

1447 873 1554 930 tur,
1626 881 1726 917 nec
1789 869 1938 919 lusca
2006 877 2109 931 est,
2182 883 2278 919 cur
2339 869 2520 921 existi-

1444 956 1557 992 mas
1593 941 1850 994 distichon
1890 944 2017 994 illud
2066 945 2119 1017 in
2159 952 2212 997 te
2260 959 2373 996 esse
2408 944 2521 1003 fae-

1446 1021 1592 1071 tum?
1643 1022 1700 1071 Si
1724 1023 1901 1086 puella
1931 1029 2026 1073 tua
2063 1023 2183 1072 Lais
2226 1032 2519 1096 vocaretur,

1445 1098 1645 1163 aliquid
1685 1106 1896 1163 poterat
1934 1100 2102 1149 videri
2152 1100 2341 1163 simile,
2380 1103 2518 1166 quod

1443 1175 1599 1225 Thais
1644 1182 1700 1226 et
1742 1176 1869 1226 Lais
1919 1175 2095 1226 affinia
2137 1177 2518 1242 quodammodo

1445 1253 1655 1303 nomina
1685 1261 1826 1304 sunt.
1890 1254 1996 1305 Sed
2020 1254 2065 1305 si
2095 1261 2189 1304 tua
2210 1254 2387 1318 puella
2427 1268 2519 1305 vo·

1442 1336 1595 1380 catur
1631 1330 1936 1392 Hermione,
1977 1331 2100 1396 quid
2143 1331 2312 1381 simile
2357 1331 2520 1382 habet

1442 1423 1562 1459 cum
1581 1408 1812 1461 Thaide?
1844 1407 1921 1458 At
1952 1407 2099 1458 dices
2132 1414 2210 1471 tu,
2231 1408 2519 1460 Quinctnm

1440 1485 1638 1535 notasti
1659 1499 1723 1534 eo
1755 1484 1998 1541 disticho,
2022 1483 2065 1533 is
2095 1499 2222 1535 vero
2257 1498 2356 1546 ego
2385 1497 2519 1535 sum.

1440 1560 1708 1611 Mutemns
1731 1560 1952 1610 amantis
1967 1574 2174 1611 nomen.
2240 1558 2375 1610 Nam
2397 1571 2518 1611 cunt

1442 1646 1543 1700 ego
1580 1637 1756 1686 ludam
1789 1650 1997 1700 semper
2035 1636 2324 1686 nominibus
2355 1637 2516 1700 fictis,

1442 1713 1569 1777 quid
1611 1714 1851 1775 interest,
1888 1713 2173 1765 Quinctnm
2215 1729 2399 1765 vocem
2447 1729 2517 1765 an

1440 1790 1659 1840 Sextum
1682 1790 1899 1841 Thaidis
1935 1792 2257 1841 amatorem?
2290 1793 2360 1842 sit
2378 1807 2517 1843 ama·

1443 1876 1527 1917 tor
1547 1869 1766 1931 Sextus3
1808 1876 1864 1918 et
1889 1868 1967 1918 sic
1985 1874 2101 1918 tota
2132 1869 2198 1919 lls
2229 1867 2401 1918 dirimi
2421 1883 2514 1934 po-

1442 1946 1589 1996 terit.
1623 1946 1863 1997 Reunires.
1929 1945 2113 2010 Epigr.
2138 1950 2189 1995 8.
2210 1959 2386 2009 supra.

1505 2027 1536 2073 8
1572 2022 1671 2073 Sed
1700 2023 1875 2088 daile,
1914 2023 2024 2087 ism]
2075 2023 2299 2088 Urgebis
2337 2031 2514 2074 tamen

1441 2112 1525 2149 me
1558 2099 1708 2149 nimis
1742 2107 1926 2164 aperte
1966 2100 2147 2149 lusisse
2180 2100 2233 2149 in
2258 2098 2515 2151 affinitate
2579 2114 2584 2121 ·

1440 2177 1726 2240 nominum,
1764 2177 1856 2228 ubi
1897 2192 1992 2242 pro
2045 2177 2207 2227 Laide
2257 2184 2349 2228 tua
2402 2178 2515 2228 dixi

1438 2254 1655 2306 Thaida.
1687 2269 1868 2305 verum
1901 2269 2005 2305 non
2043 2255 2205 2317 magis
2220 2254 2342 2305 hine
2365 2260 2517 2305 nota-

1441 2335 1529 2381 tur
1545 2346 1700 2397 quam
1735 2331 1780 2383 si
1802 2331 2149 2397 appellassem
2166 2347 2282 2383 eam
2307 2330 2516 2382 Hermi-

1441 2422 1612 2461 ouem.

1507 2492 1537 2536 5
1574 2488 1649 2537 Tu
1681 2492 1857 2552 tamen,
1893 2487 2000 2553 elsa]
2046 2487 2126 2536 Te
2160 2493 2334 2537 tamen
2365 2491 2515 2538 nota-

1442 2568 1552 2611 tum
1578 2576 1783 2625 argues,
1808 2562 1947 2628 quod
1971 2562 2231 2615 Quinctus
2256 2560 2475 2611 vocaris.

1505 2644 1539 2690 6
1570 2640 1753 2690 Sextus
1787 2642 1937 2705 amet]
2002 2639 2159 2692 Quod
2196 2639 2237 2688 si
2299 2638 2395 2689 tibi
2440 2639 2514 2688 ita

1439 2729 1599 2783 grave
1621 2718 1689 2767 sit
1724 2717 1923 2767 Thaida
1943 2717 2105 2766 amari
2130 2731 2161 2765 a
2183 2714 2369 2765 fictitio
2391 2727 2511 2766 meo

1440 2794 1660 2856 Quinto,
1699 2808 1763 2842 ne
1805 2800 1863 2843 tu
1898 2791 2033 2843 forte
2067 2793 2119 2842 in
2162 2791 2510 2856 suspicionem

1438 2872 1651 2934 venias3
1694 2871 1923 2926 diluetur
1952 2872 2051 2922 hoc
2087 2870 2243 2922 facile
2282 2877 2339 2920 et
2361 2883 2512 2920 cura·

1437 2948 1600 3014 bitur,
1621 2956 1822 2999 mutato
1844 2949 2050 2999 nomine
2073 2947 2287 3000 Quincti
2302 2947 2357 2997 in
2379 2947 2512 3000 Sex·

1440 3032 1571 3077 tum.

1501 3106 1665 3157 Eme.
1688 3118 1788 3155 ιιι.
1825 3108 1850 3154 1
1884 3104 2210 3170 Unguentum]
2240 3100 2512 3154 Describit

1435 3180 1522 3231 hic
1542 3181 1797 3231 bominem
1811 3180 2000 3230 stolide
2020 3193 2225 3242 vanum,
2246 3178 2334 3244 qui
2352 3192 2511 3243 quum

1436 3258 1609 3307 lautus
1652 3257 1819 3307 videri
1853 3256 1998 3320 velit,
2016 3255 2069 3305 in
2104 3257 2263 3305 rebus
2296 3254 2510 3306 minime

1437 3335 1744 3385 necessariis
1766 3340 2029 3397 sumptum
2062 3329 2264 3394 faciat3
2311 3330 2364 3379 in
2393 3330 2510 3381 aliis

1436 3419 1637 3475 autem,
1659 3426 1776 3477 qnae
1809 3416 2071 3473 sumptum
2097 3407 2395 3458 necessario
2418 3407 2510 3458 de·

1434 3488 1687 3549 siderant,
1722 3486 1899 3537 sordes
1940 3500 2057 3535 suas
2081 3484 2330 3549 explicet.
2396 3478 2510 3535 Ho-

1435 3565 1603 3615 mines
1625 3565 1752 3614 istos
1768 3563 1940 3614 Graeci
1957 3560 2223 3619 βαναύσους
2239 3561 2510 3627 appellant

1435 3648 1494 3692 et
1515 3638 1863 3705 ἀπειροκάλους.
1908 3640 2113 3690 Hercu.

1495 3720 1532 3768 2
1570 3716 1816 3780 Convivis]
1869 3715 1920 3765 A
1940 3714 2157 3766 Balneis
2188 3719 2243 3764 et
2264 3720 2386 3765 ante
2402 3723 2509 3764 cue*-

1434 3809 1551 3846 narn
1575 3795 1733 3860 prisci
1754 3794 2154 3859 inungebantur.
2203 3791 2368 3843 Her-e.-
2400 3792 2508 3856 sed]

1435 3867 1587 3924 Heri.
1609 3880 1670 3922 ut
1694 3872 1863 3936 epigr.
1886 3875 1969 3922 44.
2005 3872 2039 3920 l.
2061 3876 2109 3921 1.
2179 3870 2322 3919 Nihil
2341 3869 2511 3919 scidis-

1433 3949 1501 4013 ti]
1550 3950 1694 4000 Nihil
1732 3949 1967 3999 convivis
2002 3947 2334 4011 distribuisti,
2355 3962 2508 4013 carp·

1400 4064 1410 4071 .
1432 4027 1565 4077 sisti.

1501 4108 1532 4152 3
1556 4103 1839 4167 sanaem]
1876 4103 2154 4165 Ridicula3
2187 4102 2271 4152 vel
2285 4101 2509 4167 Ironice,

1434 4179 1488 4229 id
1514 4187 1614 4242 est,
1630 4179 1825 4234 insulsa
1842 4186 1898 4228 et
1919 4180 2121 4244 inepta,
2154 4180 2298 4229 vivos
2327 4193 2507 4228 nurne-

1434 4271 1551 4308 rare
1589 4257 1729 4308 inter
1762 4264 2032 4319 mortuos;
2087 4259 2232 4323 quasi
2274 4263 2506 4307 mortuos

1433 4336 1728 4399 invitasses,
1749 4351 1852 4388 uon
1875 4336 2017 4386 vivos
2031 4334 2097 4385 ad
2114 4334 2425 4385 convivium.

1498 4417 1532 4463 4
1569 4412 1666 4470 Qui
1685 4427 1776 4463 non
1814 4417 1985 4470 emt,
2022 4412 2132 4477 ξω]
2173 4410 2502 4462 Silicernium
