2985 4937
720 392 798 439 M.
843 392 1018 440 vah·
1063 393 1485 441 MARTIAMS

303 542 505 586 uoniam
522 536 745 587 divitem
768 544 826 588 et
848 538 1217 602 potentiorem,
1237 534 1369 587 Poe·

303 615 368 664 tis
391 616 407 642 ‘
426 615 625 678 Regem
642 614 657 635 ’
689 614 905 666 dietum.

363 695 396 740 7
430 693 551 741 Esse
570 698 649 742 sat
670 697 742 742 est
763 690 975 754 seruum]
1012 691 1272 742 Renuntio
1288 690 1371 741 of·

299 766 474 818 ficium
494 769 775 833 salutandi,
790 770 1198 833 comitandi‚&c.
1214 783 1374 834 quau·

301 844 584 909 doqnidem
622 845 736 911 ipse
771 847 900 896 illud
919 847 1096 908 subis3
1141 847 1266 896 satis
1281 855 1372 898 est

300 935 382 970 me
428 935 546 971 esse
580 937 808 980 servum,
849 924 971 974 nolo
1003 939 1119 974 esse
1147 923 1373 975 vicarius

298 999 575 1062 servi‚hoc
608 1009 711 1064 est,
730 1016 908 1052 ser-vus
941 1002 1099 1052 servi.
1144 1003 1374 1052 Raderma-

306 1075 528 1125 Vicarius
540 1077 667 1141 esse]
700 1078 818 1128 Sive
832 1079 1040 1129 vicarius
1054 1084 1126 1129 est
1141 1079 1223 1143 qui
1237 1093 1373 1128 servo

293 1158 456 1215 paret,
466 1153 587 1202 etin
599 1152 797 1204 familia
806 1156 902 1204 sub
915 1156 1126 1206 alterius
1136 1155 1272 1205 servi
1283 1169 1373 1219 po·

303 1236 496 1280 testate
513 1239 616 1291 est,
633 1231 721 1296 qui
745 1241 800 1282 et
823 1233 1112 1282 ordinarius
1136 1239 1371 1282 vocatur.

365 1299 410 1359 δ’
437 1310 538 1366 Qui
561 1311 674 1360 Rex
690 1316 781 1375 est,
797 1311 908 1375 Rus]
943 1310 1091 1361 Infra
1112 1327 1197 1376 ep.
1220 1316 1305 1362 32.

363 1387 528 1437 Eric.
573 1402 696 1438 xix.
744 1394 771 1439 1
803 1389 1030 1454 Felicem,
1070 1388 1180 1452 ᾄω]
1233 1390 1373 1439 Beat

296 1465 508 1530 quidem
532 1467 678 1517 lauta
701 1481 866 1529 coena,
901 1476 989 1517 tua
1026 1481 1372 1533 nequaquam,

299 1557 420 1609 quae
455 1541 687 1604 sordida,
710 1551 765 1592 et
803 1542 963 1606 digna
986 1543 1262 1605 mendicis,
1281 1544 1370 1609 qui

295 1618 370 1668 ad
399 1618 636 1669 Ariciam
671 1625 729 1669 et
765 1619 954 1669 clivum
978 1620 1149 1670 Virbii
1173 1634 1374 1669 recum·

294 1698 460 1749 bunt:
493 1697 569 1747 sic
590 1695 833 1747 Juvenal.
866 1699 881 1725 ‘
904 1696 1108 1759 Dignus
1129 1695 1371 1747 Aricinos

298 1774 389 1838 qui
415 1772 740 1822 mendicaret
757 1773 823 1823 ad
845 1774 1000 1825 axes!
1042 1774 1148 1825 Sed
1184 1773 1237 1822 in
1261 1773 1371 1825 die·

301 1852 446 1901 tione
485 1851 755 1901 recumbere
789 1851 943 1915 ludit,
975 1860 1037 1902 ut
1076 1851 1285 1925 conuiuis
1317 1857 1374 1901 et

302 1926 534 1977 mendicis
562 1927 834 1979 communi.

366 2004 532 2053 Eme.
560 2015 654 2053 xx.
691 2007 718 2052 1
759 2004 988 2054 Carmina
1022 2002 1223 2056 Paullus
1243 2006 1376 2069 emit,

300 2081 407 2145 ξω]
440 2080 768 2145 Plagiarium
809 2081 1032 2134 Paulum
1076 2082 1374 2134 excusando

301 2158 495 2227 carpit,
522 2157 631 2222 qui,
651 2173 807 2223 quum
830 2158 1062 2209 carmina
1076 2167 1294 2221 emeret,
1316 2166 1374 2210 ut

303 2250 393 2284 sua
413 2233 710 2285 recitabat:
733 2250 855 2285 nam
872 2236 1136 2300 emptione
1156 2251 1240 2286 res
1253 2243 1375 2287 sunt

306 2312 577 2377 emptoris.
610 2312 857 2363 Ramires.
920 2312 1009 2364 Sic
1045 2313 1080 2362 l.
1127 2318 1174 2364 1.
1206 2313 1374 2378 epigr.

305 2393 387 2441 30.
407 2396 468 2441 et
487 2389 522 2439 1.
539 2394 589 2441 6.
611 2388 781 2453 epigr.
806 2394 885 2440 12.

367 2468 534 2518 Erre.
556 2480 680 2517 xxx.
705 2472 731 2516 t
759 2464 1032 2530 Dextrum]
1055 2467 1375 2519 Exosculan·

305 2544 444 2596 dam.
515 2545 727 2594 Malunt
759 2543 850 2594 alii
881 2543 1212 2608 simpliciter,
1258 2558 1374 2609 pre·

304 2620 634 2681 hendendam
651 2619 1101 2685 tangendamque:
1139 2620 1283 2686 quod
1315 2621 1375 2670 il-

303 2697 392 2746 lud
417 2696 569 2746 nimis
593 2694 884 2747 fastuosum
907 2696 997 2760 sit,
1015 2705 1074 2747 et
1085 2697 1376 2762 Imperato-

307 2788 422 2826 rum
449 2773 736 2839 proprium.

368 2857 402 2903 2
442 2853 579 2901 Malo
617 2850 833 2914 mum]
888 2850 1193 2916 Displicent
1238 2851 1374 2901 enim

307 2929 456 2980 basia
477 2930 659 2995 spurci
680 2929 819 2993 oris;
851 2930 1012 2993 supra
1034 2928 1198 2992 epigr.
1221 2932 1301 2988 10.
1319 2936 1376 2980 et

310 3012 390 3059 12.
1050 3047 1054 3052 .

372 3086 701 3135 Emonam.
740 3088 766 3134 1
791 3081 987 3146 Phoebe,
1006 3080 1114 3147 ξω]
1158 3080 1243 3131 ‘N
1251 3081 1376 3132 umi-

310 3175 376 3210 na
421 3159 614 3210 cultori
651 3159 944 3224 perniciosa
977 3157 1112 3220 suo,'
1146 3158 1303 3209 ovid.
1325 3162 1376 3210 2.

307 3236 463 3287 Trist.
487 3250 713 3301 namque
730 3251 812 3286 me
829 3234 972 3300 prius
987 3233 1175 3285 leviter
1196 3241 1374 3292 notum

311 3311 525 3362 dimidio
545 3312 692 3361 basio
715 3311 998 3374 salutabat,
1012 3311 1126 3375 Jam
1159 3326 1224 3361 ex
1264 3326 1374 3362 car·

310 3389 535 3440 minibus
561 3388 816 3440 notiorem
834 3404 916 3440 me
937 3397 1050 3441 toto
1060 3404 1162 3440 ore
1176 3391 1376 3440 oscula·

310 3474 420 3519 tur:
456 3482 611 3533 quam
630 3474 836 3532 gratum
847 3474 1023 3518 autem
1040 3466 1272 3529 sitillud,
1286 3466 1375 3517 do·

311 3544 424 3594 cuit
444 3543 614 3608 epigr.
638 3549 918 3612 lo.supra.

375 3621 537 3672 Eme.
591 3634 758 3672 xxm.
813 3624 840 3674 1
892 3621 1004 3671 Nms
1057 3624 1230 3686 dicam,
1267 3621 1374 3685 ξω]

312 3697 494 3762 Epigr.
515 3702 595 3748 12.
616 3713 750 3749 vers.
776 3703 824 3750 1.
887 3757 890 3760 Δ

375 3779 407 3825 3
445 3776 578 3833 Quid
595 3773 866 3838 enim,85c.]
897 3774 1006 3824 Cur
1047 3775 1186 3825 enim
1222 3775 1372 3825 velim

311 3852 454 3903 illum
478 3852 748 3917 publicato
761 3852 965 3900 nomine
989 3848 1271 3913 offendere,
1288 3852 1375 3901 cui

314 3927 466 3979 facile
502 3938 590 3978 est
623 3942 726 3991 me,
749 3925 900 3976 foedis
923 3926 1114 3977 osculis
1135 3926 1234 3978 sub
1254 3926 1380 3978 ami·

315 4007 456 4058 citiae
499 4005 710 4056 nomine
742 4004 902 4066 datie,
921 4011 1078 4068 atque
1099 4004 1231 4054 adeo
1252 4003 1377 4053 mihi

313 4096 414 4133 non
445 4081 760 4143 mouendis,
783 4080 1075 4130 vindicare?
1108 4079 1274 4144 epigr.
1295 4083 1379 4131 94.

316 4157 349 4207 l.
366 4162 414 4208 7.
433 4174 572 4208 vers.
594 4162 645 4207 3.
715 4157 802 4206 Ita
822 4155 1106 4206 Artemona
1125 4156 1217 4207 illa
1236 4156 1376 4221 apud

317 4233 556 4285 Plautum
585 4235 639 4283 in
680 4233 945 4283 Asinaria:
993 4233 1008 4260 ‘
1024 4231 1162 4283 Nam
1199 4233 1243 4283 si
1287 4233 1380 4285 do·

314 4326 451 4364 mum
484 4313 708 4371 redieris
750 4311 924 4375 hodie,
963 4310 1246 4362 osculando
1279 4324 1378 4376 ego

1540 394 1785 444 avrea.
1837 399 1980 445 mn.
2029 400 2109 447 ιι.
2158 440 2163 446 .
2250 465 2254 470 ¹
2339 381 2513 449 1143

1447 536 1666 588 ulciscar
1683 538 2040 603 potissimum,'
2058 553 2177 592 cum
2199 541 2340 605 priua
2349 541 2510 595 dixi„

1445 626 1527 668 set
1560 619 1920 679 Demaenetus,
1950 619 2139 669 ‘malle
2181 633 2237 668 se
2267 626 2511 671 nauteam

1446 693 1645 755 bibere,
1664 708 1817 758 quam
1840 693 1980 742 illam
1998 693 2251 747 osculari?

1513 771 1677 821 Erre.
1694 782 1850 820 xxrv.
1874 775 1901 820 1
1926 769 2079 821 Sidet
2091 770 2392 836 εἠἱᾳιιαψω]
2413 774 2511 823 Le-
2593 784 2600 797 ²

1411 884 1416 889 .
1449 862 1514 911 ge
1549 855 1772 912 quatuor
1818 847 2014 911 primos
2055 862 2232 897 versus
2272 862 2340 898 ex
2389 863 2509 912 per·

1447 940 1576 976 sona
1598 924 1840 988 Candidi,
1860 929 1918 974 ut
1939 924 2027 989 qui
2043 937 2185 988 saepe
2200 925 2514 990 promiserat

1447 1017 1503 1051 se
1523 1003 1765 1052 comitem
1788 1001 1902 1051 fore
1929 1002 2182 1064 Martiali,
2202 1001 2246 1051 si
2277 1002 2512 1054 adversm

1449 1092 1533 1127 res
1553 1076 1871 1129 incidissent.
1893 1081 1943 1127 et
1958 1077 2129 1138 fateor
2148 1092 2223 1128 me
2243 1079 2321 1128 hic
2339 1077 2516 1129 disten·

1448 1156 1543 1205 εἰη
1582 1156 1645 1205 ab
1683 1154 1795 1204 aliis
1831 1154 2042 1204 omibus
2073 1154 2411 1218 interpretibus
2429 1157 2515 1219 qai

1447 1232 1548 1281 hoec
1568 1232 1785 1281 tribuunt
1803 1230 1987 1293 Poe‘toe,
2005 1233 2089 1282 sed
2096 1231 2288 1293 judicet
2303 1232 2498 1283 Lector.

1513 1313 1546 1359 2
1579 1309 1875 1375 Sqaeuidas,
1904 1311 2011 1374 ξω]
2042 1309 2268 1359 Reorum
2302 1309 2514 1374 propiu-

1449 1387 1562 1450 quis
1603 1395 1661 1437 et
1688 1385 1867 1437 amicis
1890 1387 2065 1437 niveas
2102 1392 2248 1451 togas
2290 1386 2513 1438 sordidis

1446 1470 1650 1512 mutare
1673 1463 1726 1513 in
1742 1462 1981 1526 judiciis,
2010 1463 2167 1515 moris
2186 1469 2325 1522 erat,
2342 1464 2395 1514 in
2417 1464 2511 1515 mi·

1443 1540 1743 1591 aericordiae
1764 1540 2059 1605 aucupium.

1510 1622 1543 1669 4
1573 1618 1678 1668 Per
1717 1617 1876 1681 freta,
1916 1632 2004 1682 per
2041 1616 2275 1682 scopulos]
2316 1617 2512 1682 Ingens

1446 1711 1635 1761 nempe
1668 1695 1855 1746 amoris
1876 1703 1933 1745 et
1958 1696 2201 1748 amicitia
2224 1694 2386 1746 firma‘.
2404 1711 2514 1747 eer-

1448 1780 1623 1838 taeque
1645 1778 2026 1837 argumentum.
2162 1813 2166 1826 ,

1511 1857 1542 1901 5
1579 1852 1682 1902 Dat
1702 1851 1795 1901 tibi
1829 1851 2048 1915 divitias]
2081 1851 2203 1903 Jam
2241 1863 2367 1900 vero
2407 1847 2515 1899 for·

1448 1933 1580 1977 tuna
1603 1927 1696 1976 tibi
1721 1927 1867 1977 dedit
1888 1941 2033 1991 opes,
2064 1926 2297 1992 nunquid
2319 1925 2395 1976 liis
2430 1938 2515 1974 me

1448 2005 1768 2068 participas?
1800 2009 1903 2055 n'on
1927 2018 2130 2069 aequam
2153 2004 2332 2057 irarum
2355 2016 2515 2067 posco

1446 2088 1677 2146 partem,
1695 2095 1994 2147 quanquam
2015 2095 2187 2147 neque
2204 2080 2316 2130 haec
2337 2078 2515 2144 iniqua

1449 2165 1589 2208 esset
1612 2158 1908 2222 postulatio,
1929 2157 2069 2222 apud
2093 2171 2210 2207 eum
2227 2156 2318 2224 qui
2341 2169 2396 2204 se
2417 2155 2514 2211 mi-

1446 2235 1502 2284 hi
1532 2235 1691 2285 toties
1734 2235 2023 2299 ingesserat
2057 2233 2394 2284 adversarum
2433 2247 2516 2282 re-

1449 2325 1562 2361 rum
1606 2311 1822 2374 socium,
1861 2319 1920 2361 et
1952 2311 2038 2363 cui
2077 2324 2282 2375 semper
2311 2310 2371 2358 in
2404 2323 2517 2372 ore,

1446 2388 1582 2441 κοινὰ
1601 2387 1751 2452 φίλων
1763 2386 1937 2452 πάντα,
1969 2387 2104 2439 iufra
2133 2387 2400 2452 epigram.
2417 2384 2515 2436 sed

1449 2467 1572 2516 mihi
1613 2476 1669 2517 tu
1692 2482 1759 2517 ne
1784 2464 2072 2517 teruncium
2091 2463 2317 2530 quidem.

1514 2550 1546 2595 7
1581 2546 1771 2594 Mecum
1792 2545 1889 2594 eris
1906 2557 2021 2605 ergo
2041 2540 2206 2605 miser]
2238 2540 2326 2591 Ita
2345 2539 2513 2590 habeo

1451 2629 1506 2672 te
1522 2622 1730 2689 quidem
1745 2621 1967 2682 amicum
1983 2618 2068 2685 (ut
2082 2616 2184 2683 ais)
2202 2624 2443 2683 paratum
2454 2616 2514 2665 in

1447 2698 1702 2750 adversis.
1770 2699 1911 2755 Quod
1924 2697 2106 2761 sistra]
2133 2696 2240 2747 Sed
2264 2696 2309 2745 si
2319 2694 2513 2746 dexter

1449 2776 1546 2827 tibi
1582 2774 1838 2826 affulserit
1872 2774 2161 2828 Mercurius
2196 2779 2254 2823 et
2285 2770 2512 2835 benigne

1448 2862 1625 2914 tecum
1647 2853 1833 2904 luserit
1869 2850 2099 2914 fortuna,
2122 2849 2219 2900 tibi
2239 2848 2337 2899 soli
2365 2847 2514 2897 dives

1442 2933 1583 2984 eris:
1622 2939 1679 2983 et
1700 2933 1753 2983 in
1787 2930 2016 2985 secunda
2033 2937 2126 2983 tua
2144 2926 2356 2979 fortuna
2376 2940 2460 2978 me
2482 2940 2514 2976 a

1450 3019 1505 3061 te
1529 3010 1758 3075 repellis.

1514 3088 1682 3137 Eme.
1724 3098 1863 3138 xxv.
1913 3090 1940 3135 1
1977 3084 2088 3135 Das
2122 3095 2379 3145 uunquam,
2407 3078 2520 3148 ξω]

1450 3164 1709 3219 Quoniam
1730 3165 1808 3215 ita
1826 3161 2042 3213 lubricae
2065 3174 2158 3211 seu
2179 3164 2513 3225 praeposterae

1447 3257 1504 3292 es
1524 3241 1669 3305 fidei,
1698 3249 1756 3292 ut
1774 3238 2094 3291 contrarium
2124 3249 2331 3300 semper
2349 3232 2516 3284 facias

1448 3317 1512 3368 iis
1528 3334 1644 3384 quae
1660 3316 1958 3382 promiseris
1977 3331 1996 3377 3
2029 3326 2082 3366 te
2097 3314 2223 3365 mibi
2239 3310 2407 3363 ver-bia
2423 3325 2515 3364 new

1448 3410 1574 3461 gare
1597 3397 1734 3457 volo,
1753 3396 1829 3445 ita
1849 3409 1917 3446 ex
1948 3392 2164 3453 usitato,
2181 3389 2352 3442 dabis.
2509 3429 2514 3436 .

1514 3474 1678 3525 Erro.
1721 3485 1884 3523 xxvr.
1938 3476 1970 3521 1Δ
2001 3470 2261 3527 Querulum
2297 3464 2517 3518 acerbam

1446 3551 1623 3615 Inque]
1646 3550 1764 3602 Lib.
1788 3563 1827 3601 1.
1844 3548 2015 3613 epigr.
2032 3551 2114 3597 11.
2132 3546 2198 3596 de
2210 3548 2517 3608 argumento

1447 3628 1599 3693 hujus
1643 3624 2030 3693 epigrammatis
2071 3623 2273 3674 dictum
2317 3624 2422 3680 est,
2445 3616 2515 3666 de

1445 3705 1524 3755 his
1565 3720 1639 3756 sc.
1683 3705 1773 3770 qui
1817 3701 2106 3753 vetularum
2153 3696 2516 3763 aegmmntium

1447 3782 1660 3846 nuptias
1693 3780 2016 3840 ambiebant,
2049 3776 2142 3827 ubi
2186 3782 2244 3825 et
2270 3774 2339 3824 de
2382 3773 2513 3823 tussi

1449 3860 1664 3910 dictunu
1740 3857 1943 3909 Irridet
1977 3868 2117 3906 nunc
2156 3851 2515 3914 Bithynicum,

1451 3938 1540 4002 qui
1576 3938 1688 3987 ltaec
1709 3936 1857 3999 sigua
1890 3934 1944 3983 in
1982 3931 2172 3983 Noevia
2207 3927 2514 3994 propinquas

1449 4014 1634 4064 mortis
1672 4011 1791 4062 esse
1831 4011 1930 4062 sibi
1973 4006 2316 4074 persuaserit,
2355 4017 2515 4069 quum

1450 4099 1629 4142 tamen
1661 4089 1782 4153 ipsa
1815 4086 2140 4138 blandiretur
2179 4084 2250 4144 ei,
2288 4090 2345 4131 et
2381 4078 2515 4129 falsa

1449 4182 1545 4232 spe
1599 4168 1843 4215 lactaret.
1907 4162 2142 4213 Ramires.
2217 4156 2516 4219 Querulum]

1448 4244 1713 4306 Tanquam
1736 4237 2059 4290 moribunda.

1515 4323 1548 4369 2
1581 4317 1726 4380 Suco]
1765 4315 1927 4370 Quasi
1949 4329 2058 4379 prae
2085 4311 2439 4365 imbecillitate
2456 4316 2515 4384 et
