2985 4937
628 421 710 467 M.
754 421 921 469 VAL.
966 416 1384 470 MAR'rrALlS
1434 419 1723 468 LIB.‹DE
1772 382 2120 468 SPEd'rAc.

284 562 348 613 do
376 563 461 614 hic
496 564 597 613 iliis
635 577 761 614 usus
798 578 901 613 non
936 571 1036 627 est,
1069 578 1185 614 cum
1207 562 1335 613 ferae

284 654 414 691 novo
447 639 695 705 artificio,
718 640 888 690 avium
921 641 1025 691 ritu
1047 641 1336 705 capiantur.

282 716 517 766 Rauen-ns.

340 795 373 842 4
409 791 581 856 Torta]
615 793 833 844 Eminus
847 807 1038 859 nempe
1052 795 1258 856 emissa,
1275 799 1338 842 ut

277 866 339 917 fit
364 883 484 918 cum
507 869 747 934 jaculum
768 885 921 919 manu
955 876 1245 936 torquetur,
1281 874 1338 919 et

280 942 529 995 vibratur.

339 1026 370 1069 5
421 1021 708 1084 Deprendut
743 1036 907 1085 vacuo,
943 1021 1053 1086 ξω]
1133 1020 1335 1086 Argute

281 1096 476 1148 clandit
497 1097 668 1161 epigr.
683 1098 975 1160 antithetis,
990 1105 1338 1162 experiunta-

279 1174 412 1225 tione
430 1175 709 1239 utriusque
731 1175 972 1225 artificii:
1006 1183 1020 1204 ‘
1047 1176 1337 1240 deprehen-

278 1252 427 1303 dere’
455 1255 595 1303 enim
621 1255 828 1317 proprie
851 1256 1143 1317 venatoris,
1173 1261 1189 1283 ·
1214 1270 1336 1318 cap·

282 1331 416 1380 tare’
440 1332 659 1396 aucupis
683 1341 794 1382 est:
832 1332 912 1382 vel
935 1334 1037 1383 sic:
1073 1333 1211 1385 Quid
1224 1333 1335 1396 jam

278 1414 533 1471 superest,
556 1407 655 1457 nisi
676 1414 735 1458 nt
756 1406 887 1458 ferre
910 1409 1067 1469 etiam
1092 1409 1333 1472 volitent,

278 1497 465 1548 easque
500 1484 680 1548 capiat
718 1492 969 1546 venator-3
1003 1500 1223 1550 namque
1248 1499 1334 1534 ea·

242 1588 245 1591 ι
280 1557 392 1611 dem
418 1566 535 1608 arte
559 1559 862 1623 capiuntur,
881 1575 984 1625 qua
1007 1575 1128 1610 aves
1149 1561 1168 1608 ἓ

333 1637 621 1686 ΕΡισ.κιι.
674 1641 700 1686 1
729 1638 960 1686 Caesarcoe
989 1637 1182 1700 Dium]
1216 1636 1337 1686 Am·

276 1711 633 1776 phitheatralis
657 1713 966 1774 venationis,
1002 1725 1114 1777 quae
1146 1713 1336 1763 Dianai

273 1803 434 1840 sacra.
454 1788 690 1849 ‘Diana,'
704 1804 799 1852 pro
813 1792 1022 1839 venatu.
1040 1789 1338 1839 Discrimina

275 1865 417 1929 seua]
472 1866 754 1927 Cruentam
796 1880 910 1915 cum
950 1864 1075 1915 feris
1108 1880 1336 1929 pugnam

277 1949 423 1993 notat
439 1959 455 2003 ς
494 1957 598 2007 qua
616 1943 700 1992 vel
719 1957 752 1992 a
766 1942 1015 1992 bestiario
1029 1940 1180 2005 ferae,
1197 1942 1280 1992 vel
1305 1956 1337 1991 a

282 2025 391 2078 fera
412 2028 693 2078 bestiarius
719 2027 1108 2079 conficiebatur.
1192 2050 1197 2055 ·

335 2110 367 2155 2
384 2106 639 2170 ¹Fixisset,
660 2107 769 2170 ξω]
828 2107 959 2157 Cum
979 2108 1164 2156 emissa
1182 2121 1335 2157 manu

275 2183 453 2234 lancea
496 2185 699 2235 fixisset
738 2183 902 2235 feram
955 2199 1099 2235 suem
1134 2184 1336 2250 fugien-

278 2267 398 2312 tem.
788 2284 792 2292 ·

335 2341 366 2387 3
400 2337 609 2402 Exiliit]
640 2338 879 2388 Vulnere
895 2337 1038 2388 facta
1060 2352 1270 2403 patena.

334 2416 366 2462 4
403 2415 449 2463 Ο
484 2415 669 2464 Lucina
693 2415 860 2478 ferox,
896 2415 1006 2479 ism]
1057 2415 1106 2465 Ο
1142 2417 1334 2481 Diana,

275 2491 494 2555 Lucina,
528 2493 738 2557 Ilythia‚
773 2494 887 2542 Dea
922 2493 1335 2557 parturientibus

273 2563 547 2632 praet'ecta,
567 2571 851 2620 crudeliter
882 2584 1003 2620 saue
1025 2570 1334 2621 obstetricio

270 2643 572 2709 defungeris
593 2644 783 2711 officio,
801 2647 843 2696 si
867 2661 965 2711 per
984 2647 1167 2697 vulnus
1201 2647 1335 2712 pari-

274 2721 463 2771 endum
487 2722 574 2772 sit.

330 2802 362 2845 6
397 2798 632 2848 Pluribus
652 2799 755 2862 illa,
776 2797 886 2862 qm]
933 2800 1003 2849 Et
1026 2805 1200 2849 tamen
1225 2800 1334 2864 plu·

271 2872 409 2924 ribus
458 2876 706 2925 voluisset
749 2875 881 2925 mori
915 2875 1236 2936 vulneribuS,
1277 2882 1338 2925 ut

273 2964 363 3013 per
385 2951 603 3002 vulnera
620 2953 813 3002 suculis
829 2951 1064 3015 pluribus
1085 2952 1336 3001 nascendi

276 3033 482 3089 pateret
503 3028 626 3078 iter.
693 3029 772 3077 Ex
797 3028 893 3077 hoc
921 3042 1045 3091 ergo
1070 3042 1221 3077 versu
1246 3042 1335 3090 pa-

278 3110 353 3153 tet
367 3118 523 3154 unum
548 3111 751 3154 tantum
770 3105 1005 3153 suculam
1023 3104 1338 3168 prosiluisse,

275 3185 490 3228 ceteros
508 3179 688 3228 matris
708 3177 895 3228 funere
920 3180 1219 3230 tumulatos.

330 3259 365 3303 6
401 3255 562 3305 Triste
599 3261 807 3319 pateret,
846 3256 952 3320 ism]
999 3257 1244 3307 Vulneris
1278 3262 1333 3306 et

272 3326 486 3380 funeris.

333 3410 364 3455 ⁷
397 3406 571 3455 Suam
607 3413 839 3469 materno,
873 3407 981 3471 qma]
1044 3409 1268 3458 Semeles
1303 3424 1332 3458 a

180 3507 185 3510 v
273 3479 404 3531 Jove
426 3480 716 3533 fulminata
737 3493 885 3534 utero
908 3490 1222 3547 extractum,
1241 3486 1332 3537 Jo-

274 3559 453 3624 visque
497 3557 684 3609 femori
740 3562 988 3623 insutum,
1039 3562 1334 3625 iterumque

272 3641 479 3697 natnm3
520 3635 658 3685 unde
679 3637 1056 3701 Dithyrambus
1090 3644 1148 3687 et
1175 3638 1333 3687 bima-

270 3721 383 3771 ter3
420 3712 571 3764 Jovis
592 3713 729 3762 enim
752 3712 923 3763 femur
946 3713 1018 3762 illi
1043 3728 1139 3777 pro
1169 3715 1335 3764 altera

268 3795 441 3838 matre
461 3797 596 3839 erat.

296 3870 363 3923 „8
400 3868 619 3930 Credite]
662 3865 931 3916 Aminori.
994 3867 1050 3916 Si
1075 3865 1188 3917 fera
1210 3877 1334 3919 nata

273 3948 352 3993 est
385 3957 484 4007 per
516 3944 702 3993 vulnus
741 3952 798 3993 et
835 3943 988 3993 funus
1019 3952 1332 4008 maternum,

279 4031 381 4069 uon
402 4025 581 4081 posset
603 4018 789 4069 eodem
811 4019 968 4069 modo
987 4020 1170 4069 Dens?
1270 4027 1273 4034 ’

341 4094 499 4145 Eme.
522 4107 648 4144 xm.
703 4100 732 4145 1
778 4096 954 4160 Gravi,
991 4099 1097 4163 qm]
1151 4096 1333 4161 Epigr.

276 4171 590 4271 praecedenti
624 4174 641 4201 ‘
663 4161 808 4236 levi,⁶
832 4175 951 4237 quia
974 4174 1206 4228 volatili·

283 4247 494 4313 ‘gravis
515 4249 636 4313 quia
656 4249 855 4299 lethali.

1247 4176 1343 4225 hic.

2296 388 2468 471 1085

1474 576 1508 622 2
1546 573 1738 622 Pariter
1755 573 1921 636 vitam,
1944 572 2050 637 &ct-J
2098 574 2249 624 Suam
2273 576 2468 637 amisit,

1410 651 1591 699 suculo
1613 648 1775 699 dedit.

1474 728 1507 774 4
1543 724 1739 774 Lucinoe
1779 726 1935 797 credo,
1972 726 2080 789 qm]
2147 726 2278 778 Quae
2319 733 2465 776 certo

1398 801 1683 890 jaculatur,
1731 802 1907 852 errare
1946 802 2133 867 nescit,
2171 803 2469 866 εὐστοχωτά·

1407 893 1515 938 της.

1473 961 1503 1004 5
1545 955 1805 1019 Utriusque
1821 956 2139 1022 Dianae,q·c.]
2173 957 2466 1008 Venatricis

1411 1037 1466 1082 et
1491 1032 1805 1083 obstetricis.
1869 1033 2104 1097 Ipsemet
2134 1035 2350 1099 exponit
2382 1050 2471 1084 ex-

1411 1116 1579 1160 tremo
1625 1124 1797 1173 versu,
1850 1116 1910 1159 ut
1965 1109 2080 1160 fera
2130 1111 2199 1160 sit
2253 1119 2468 1175 experta

1415 1192 1685 1250 utramque
1723 1186 1965 1251 Dianam,
2008 1188 2219 1237 vulnere
2263 1203 2470 1252 nempe,

1411 1277 1513 1326 quo
1559 1271 1849 1326 perempta,
1888 1263 2245 1326 venatricem,
2230 1280 2243 1293 ·
2309 1280 2468 1315 onere

1412 1338 1627 1399 ventris,
1654 1353 1756 1403 quo
1780 1339 1969 1400 levata,
1988 1338 2341 1389 obstetricem.

1475 1415 1890 1463 Eme.11V.1
1936 1415 2071 1477 Jam,
2117 1414 2223 1478 qm]
2281 1416 2468 1513 Partui

1409 1492 1664 1555 proxima.

1474 1573 1505 1617 3
1544 1567 1794 1633 Cucurrit]
1829 1568 1988 1620 Quasi
2023 1569 2310 1632 periculum
2350 1583 2466 1619 sen-

1410 1645 1579 1708 sisset,
1599 1644 1734 1710 quod
1758 1644 1884 1709 fuga
1900 1653 2120 1709 cuperet
2134 1646 2468 1697 declinatum.

1407 1721 1576 1784 Supra
1595 1720 1749 1783 dixit,
1769 1721 1785 1747 ‘
1807 1721 1990 1770 Exiliit
2013 1720 2232 1785 partus.’

1476 1803 1509 1847 4
1546 1798 1834 1862 Oquantum
1845 1804 1918 1848 est
1937 1797 2124 1860 subitis,
2138 1796 2245 1860 qm]
2273 1797 2467 1848 ‘Casus

1411 1873 1603 1942 ubique
1629 1873 1799 1924 valet.’
1846 1875 1915 1923 Et
1952 1881 2009 1924 ut
2040 1874 2367 1938 Thucydides
2392 1875 2469 1924 in·

1410 1951 1543 2016 quit,
1576 1952 1593 1979 ‘
1616 1951 1799 2001 Subita
1835 1950 2176 2016 experiuntur
2208 1951 2468 2016 ingenium

1414 2033 1469 2076 et
1492 2017 1761 2077 indicant!

1409 2105 1571 2183 Eme.
1594 2117 1687 2153 xv.
1745 2103 2137 2169 Carpophorum
2163 2118 2327 2168 prope
2351 2105 2472 2154 ado-

1474 2182 1778 2243 lescentem,
1798 2182 2095 2231 Domitiano
2118 2182 2349 2244 charum,
2370 2182 2470 2231 vir·

1476 2259 1605 2307 tutis
1639 2258 1922 2323 gloriaeque
1968 2256 2141 2308 studio
2177 2258 2229 2307 in
2261 2262 2473 2322 θηριομα-

1472 2334 1585 2398 χῖας
1629 2333 2105 2399 Amphitheatrales
2150 2333 2471 2385 descenden-

1473 2418 1598 2475 tem,
1620 2412 1892 2477 Meleagro
1907 2419 1961 2462 et
1981 2411 2197 2462 Herculi
2221 2410 2468 2477 praefert:

1473 2494 1536 2537 ut
1568 2487 1705 2537 infra
1738 2489 1907 2553 epigr.
1931 2494 2015 2541 27.
2044 2490 2224 2541 Jasoni
2258 2496 2313 2538 et
2333 2488 2471 2539 The·

1442 2583 1445 2588 ·
1474 2580 1585 2615 seo.
1636 2566 1773 2615 Vide
1797 2573 1853 2615 et
1875 2567 2039 2629 epigr.
2062 2571 2144 2615 23.

1475 2645 1504 2689 1
1541 2641 1738 2691 Summa
1754 2647 1853 2691 tuae
1871 2640 2213 2705 gloriosam]
2249 2640 2469 2703 Calydo-

1330 2741 1337 2748 ·
1407 2718 1525 2767 nius
1547 2732 1675 2781 aper
1697 2719 1952 2782 neglectae
1975 2719 2163 2769 Dianai
2200 2717 2413 2778 vindex,
2436 2733 2469 2767 a

1407 2794 1682 2859 Meleagro
1720 2793 1829 2858 (vel
1872 2801 1931 2844 ut
1970 2795 2054 2843 alii
2092 2795 2158 2844 ab
2198 2794 2469 2860 Atalanta)

1409 2884 1590 2920 caesus.
1630 2871 1897 2935 Meleagro]
1969 2873 2073 2924 Qui
2095 2871 2249 2921 OEnei
2273 2872 2469 2921 AEtolo-

1410 2962 1526 2996 rum
1565 2948 1700 3011 regis
1736 2946 1894 3011 filius,
1917 2948 2198 3000 immissum
2235 2947 2302 2997 ab
2335 2947 2471 2998 irata

1408 3023 1601 3086 Diana,
1642 3022 1709 3072 ob
1752 3025 1994 3087 neglecta
2040 3015 2206 3087 sacra,
2239 3038 2306 3072 ex
2344 3023 2469 3073 OEta

1407 3107 1585 3150 monte
1600 3101 1652 3150 in
1672 3101 1879 3150 AEtoliae
1902 3109 2035 3161 sata,
2058 3107 2113 3149 et
2136 3099 2288 3150 OEnei
2328 3100 2465 3163 regis

1407 3176 1743 3225 cultissimum
1767 3177 1971 3225 vineam
2002 3190 2204 3241 aprum,
2234 3192 2350 3226 cum
2380 3177 2468 3227 he-

1406 3252 1578 3301 roibus
1605 3253 1710 3302 suis
1736 3251 1982 3302 confecit.

1467 3332 1499 3377 2
1537 3330 1781 3385 Quantula
1806 3330 2123 3395 Carpophori]
2153 3330 2328 3381 Quota
2346 3344 2465 3393 pars

1405 3415 1486 3455 est
1508 3404 1659 3457 famae
1679 3407 2043 3488 Carpophori?
2078 3407 2224 3472 quasi
2247 3406 2466 3469 diceret,

1405 3483 1646 3533 Minima.

1424 3564 1499 3609 3
1536 3560 1809 3625 Praecipiti]
1842 3560 2101 3623 Impetum
2122 3559 2318 3608 ruentis
2336 3556 2463 3607 ferae

1403 3637 1655 3701 explicat.
1706 3638 1841 3687 Vide
1859 3651 1996 3688 vers.
2020 3642 2069 3688 1.
2099 3638 2151 3687 iu
2179 3652 2264 3701 ep.
2286 3641 2367 3686 11.
2383 3650 2466 3684 su·

1403 3729 1518 3778 pra,
1540 3718 1639 3765 διο.

1465 3796 1499 3842 4
1535 3794 1730 3843 Primus
1763 3795 1815 3842 in
1852 3794 2040 3855 Arctoi,
2066 3792 2170 3857 isc]
2201 3792 2463 3842 Maximus

1401 3871 1569 3932 ineis,
1592 3871 1679 3936 qui
1715 3871 1812 3921 sub
1850 3872 2001 3936 plaga
2039 3870 2200 3920 Arcto
2222 3869 2464 3934 subjecta

1400 3953 1491 3997 aut
1509 3948 1698 3997 vicina.
1744 3947 1882 3997 Vide
1903 3963 2060 4013 supra
2078 3962 2214 4017 vers.
2230 3951 2279 3998 3.
2298 3946 2465 4012 epigr.

1400 4026 1448 4073 7.
1491 4021 1598 4071 Alii
1634 4023 1700 4071 ad
1731 4022 1955 4076 Helicen
1992 4038 2162 4074 ursam
2197 4024 2463 4074 coelestem

1403 4099 1666 4162 respicere
1684 4098 1893 4161 poetam
1910 4101 2106 4151 volunt.
2174 4098 2392 4150 Affauiae
2409 4107 2466 4149 et

1399 4175 1531 4223 lirae.
1599 4173 1784 4223 Arctoi
1823 4188 1947 4238 ergo
1986 4177 2167 4240 populi
2201 4177 2464 4238 dicuntur,

1402 4257 1658 4316 quotquot
1672 4251 1737 4300 ad
1752 4252 2171 4316 Septentrionem
2182 4254 2461 4318 pertinent.
