2985 4937
651 399 729 446 u.
778 396 949 444 vm..
996 393 1418 447 anrmms
1469 395 1715 444 aaron.
1763 364 1907 444 mn.
1953 396 2063 445 1x.

2190 356 2463 448 '1345

270 541 402 595 absit
453 539 617 591 omnis
672 538 920 590 tumultus
976 538 1333 596 clamantium,
1387 537 1650 603 Senecam
1688 537 1776 592 lib.
1809 542 1857 589 8.
1891 538 1961 589 de
1986 520 2220 605 *ln-sweep.
2241 542 2292 592 8.
2329 541 2455 595 Gro-

267 619 589 681 saltantinm,
608 616 961 669 ebriosorum:
983 617 1235 681 simulque
1258 616 1323 666 ir-

267 695 401 746 ridet
444 695 649 746 occulte
705 694 966 756 Priscum,
1005 699 1110 743 tam
1151 691 1326 742 multis

269 771 457 823 chartis
480 771 543 820 de
576 771 675 821 hac
709 784 766 820 re
804 769 1177 834 disputantem,
1208 784 1325 820 cum

268 849 423 901 verbo
447 848 555 898 dici
580 847 764 912 possit.

325 930 359 975 6
392 927 454 975 In
476 927 616 990 quod,
643 923 751 989 ξω]
804 924 881 978 Ut
900 924 989 974 ille
1012 924 1198 975 chorus
1220 936 1326 971 mu-

265 1001 399 1052 sicus
420 1002 650 1067 optimus
686 1008 784 1063 est,
819 1001 908 1066 qui
949 1015 1016 1051 ex
1055 1015 1112 1050 se
1145 999 1329 1061 dulcis,

257 1077 512 1141 sublimis,
561 1077 746 1128 doctus
795 1092 898 1128 non
946 1077 1145 1140 indiget
1193 1076 1325 1126 Cho-

262 1156 406 1206 raule
430 1154 520 1219 qni
544 1154 672 1205 tibia
694 1154 854 1205 choro
874 1153 1126 1218 adspiret.
1172 1153 1188 1181 ‘
1208 1153 1327 1205 Bel-

259 1234 324 1283 lis
363 1231 702 1295 homunculis,
727 1238 805 1293 ,ut
841 1230 1071 1282 suaviter
1099 1230 1238 1280 inter
1269 1243 1326 1279 se

255 1310 382 1373 sint,
420 1309 552 1360 nihil
585 1323 716 1372 opns
747 1315 831 1359 est
851 1308 1038 1369 calice,
1059 1307 1187 1357 nihil
1209 1306 1326 1360 tibi-

260 1386 413 1440 cine.'
448 1387 600 1437 Piut.
620 1386 857 1450 Sympos.

323 1466 486 1515 Erro.
512 1476 711 1514 unx·
775 1463 969 1512 Sensus
1010 1468 1121 1511 estz
1169 1460 1327 1511 Galla

260 1541 496 1593 venefica
536 1546 655 1606 post
698 1540 892 1590 occisos
930 1546 1132 1603 septem
1163 1539 1323 1600 viros,

257 1618 353 1669 tibi
386 1616 674 1667 Picentino
694 1615 930 1667 venefico
959 1622 1015 1666 et
1046 1615 1321 1680 parricidae

258 1696 455 1761 nupsit.
525 1696 665 1758 Ergo
687 1693 895 1747 videtur
909 1694 1203 1745 decrevisse
1216 1708 1324 1743 mo·

255 1773 320 1834 ri,
354 1771 497 1837 qnod
538 1772 635 1822 tibi
671 1771 943 1835 nupserit:
979 1771 1064 1836 qni
1106 1770 1324 1836 perinde

253 1851 396 1903 ,tollis
430 1866 463 1900 e
489 1847 662 1899 medio
684 1862 892 1905 uxores,
911 1854 972 1898 nt
992 1848 1151 1915 Galla
1169 1847 1323 1897 viros.

320 2009 352 2055 2
385 2002 539 2068 Sequi
560 2003 681 2063 vau,
700 2001 805 2065 ism]
836 1999 885 2051 A
910 2008 964 2052 te
987 1999 1219 2052 venefico
1238 2014 1325 2050 ex·

258 2083 446 2146 tincta,
494 2088 554 2131 nt
589 2081 680 2130 illa
714 2080 851 2144 prius
880 2085 1081 2143 septem
1111 2077 1325 2129 maritos

256 2161 561 2212 sustulerat.
646 2157 782 2208 Vide
812 2158 1210 2222 Epigrammate
1243 2159 1325 2206 44.

255 2238 384 2289 libro
404 2242 459 2288 8.

319 2316 487 2367 Eme.
511 2325 684 2363 ιω.
747 2309 1026 2361 Blanditnr
1044 2307 1239 2360 Coesari
1271 2315 1326 2358 et

258 2390 587 2443 Caesarianis.
669 2388 910 2438 Priorum
933 2388 1326 2452 Imperatorum

249 2470 456 2522 -familia
475 2475 601 2518 *tam
623 2482 867 2532 arrogans
888 2472 945 2517 et
965 2464 1192 2530 superba
1211 2463 1328 2529 fuit,

255 2557 318 2599 nt
333 2545 672 2598 intoleranda
702 2545 971 2594 videretur
989 2543 1211 2595 civibus:
1237 2550 1329 2593 tua

253 2631 477 2692 tam-est
511 2624 671 2675 comis
694 2631 751 2673 et
771 2622 1007 2685 humana,
1041 2627 1102 2672 nt
1135 2620 1249 2686 plus
1271 2618 1331 2668 il·

258 2705 380 2768 lam,
400 2715 561 2768 qnam
585 2716 642 2751 se
658 2701 881 2765 diligant
899 2700 1057 2749 cives.

320 2786 350 2831 1
385 2780 585 2830 Ducum
593 2778 825 2840 famulos,
841 2775 948 2840 sym]
966 2774 1203 2825 Famulus
1223 2771 1327 2837 pri·

255 2872 400 2909 orum
431 2857 572 2918 Imp.
596 2862 651 2904 et
670 2854 861 2904 fastum
879 2853 1125 2903 aulicum.
1192 2851 1330 2900 Gru-

257 2940 498 2984 terus.ex
522 2933 692 2983 Palat.
716 2930 864 2994 legit,
900 2929 1169 2992 turbamque
1197 2925 1327 2991 prio-

255 3024 378 3074 rem,
404 3014 577 3060 recte.
613 3008 747 3059 Nam
767 3005 918 3067 dicit,
937 3005 954 3033 ‘
970 3005 1124 3055 turba
1147 3002 1327 3069 prior‚’

161 3085 164 3086 ⁷
255 3095 376 3137 sunt
396 3085 602 3148 liberti,
621 3084 709 3151 qui
727 3083 888 3133 servis
903 3081 1086 3148 ntique
1109 3081 1328 3145 priores,

255 3169 311 3213 et
351 3177 476 3228 pm
514 3161 679 3211 servis
718 3158 1045 3219 odiosissimi,
1081 3164 1326 3223 tanquam

235 3240 344 3306 ·qni
389 3243 760 3302 procuratores
806 3234 1203 3300 provinciarum,
1225 3250 1327 3285 ex·

255 3322 474 3366 actores
499 3311 831 3373 tributorum,
850 3306 1204 3374 vectigalium,
1226 3314 1326 3362 διο.

253 3391 562 3454 Tri-bamque
589 3386 817 3456 priorem]
848 3387 933 3436 Sic
967 3394 1117 3438 recte
1154 3402 1184 3437 e
1222 3389 1327 3438 Ms.

257 3467 547 3534 Gruterus,
580 3480 694 3516 cum
728 3464 882 3527 vulgo
913 3463 1197 3529 legeretur,
1225 3470 1327 3514 tur-

256 3544 458 3609 bamque
488 3540 872 3593 nsimremtsed
888 3543 1023 3592 male
1052 3540 1328 3603 intellexit,

255 3626 474 3671 notatus
496 3618 563 3668 ob
584 3619 683 3668 hoc
708 3633 738 3667 a
755 3617 1035 3680 Scriverio,
1060 3618 1147 3682 qui
1167 3618 1333 3682 snbji-

257 3698 609 3763 cippi-torm.
676 3695 782 3746 Sed
837 3702 894 3746 et
937 3696 1052 3759 ipse
1096 3694 1327 3747 fallitur:

261 3789 385 3826 nam
417 3776 433 3804 ‘
458 3775 615 3825 turba
650 3774 795 3837 prior
828 3772 1041 3823 ducum’
1074 3780 1176 3836 est,
1212 3789 1329 3839 qum

258 3853 410 3918 prins
433 3858 552 3902 erat
588 3850 730 3901 circa
760 3851 941 3913 duces,
975 3864 1069 3914 per
1101 3850 1329 3914 hypalla-

259 3942 367 3992 gen
385 3927 620 3977 Martiali
636 3926 1127 3992 frequentissimam.
1191 3926 1331 3976 Prae-

245 4015 415 4058 ‘terea
435 4008 586 4057 malle
609 4008 701 4056 hos
735 4007 1018 4071 scriptores
1057 4007 1133 4057 sic
1172 4005 1332 4070 loqui,

263 4088 323 4132 et
356 4083 373 4112 ‘
395 4084 548 4133 turba
570 4083 770 4144 melior,
789 4082 1161 4144 Atheniensis,
1185 4081 1330 4132 fami·

263 4158 442 4224 liaris,’
463 4163 564 4210 &a
588 4174 740 4224 qnam
775 4160 791 4186 ‘
810 4160 1098 4224 meliorum,
1119 4157 1332 4209 Atheni·
1357 4193 1358 4198 η

265 4236 482 4293 ensium,
524 4234 891 4298 familiarium,’
925 4235 1208 4288 ‚docuimus
1238 4234 1330 4284 aad

401 4318 643 4383 Delph.et
671 4316 786 4366 Var.
809 4315 940 4365 ctas.

1281 4316 1507 4369 Martiul.

1395 631 1580 669 novans.

1459 697 1495 742 2
1528 693 1825 743 Palatinum
1843 693 2168 757 supercilium]
2218 693 2456 749 Aulicutn

1397 770 1612 825 fastum.

1461 854 1492 900 8
1530 849 1601 901 At
1615 865 1737 901 nunc
1757 855 1936 910 taam,
1959 848 2068 913 ism]
2100 849 2380 915 Falsojioc
2402 856 2460 902 et

1400 925 1708 987 adulatorie,
1725 927 2045 978 reclamante
2057 926 2286 978 omnium
2300 927 2459 979 histo·

1401 1001 1623 1052 ricorum
1639 1000 1761 1054 fide.

1465 1084 1498 1129 4
1539 1080 1604 1130 Ut
1626 1079 1690 1128 sit
1711 1078 1895 1144 cuique,
1911 1079 2019 1144 ξω]
2057 1079 2132 1131 Ut
2155 1080 2316 1144 pluris
2336 1079 2461 1132 faci·

1404 1162 1497 1208 ant
1512 1156 1827 1208 Caesarianos
1849 1172 2001 1224 quam
2015 1173 2151 1209 suos.

1465 1238 1497 1284 8
1535 1236 1833 1284 Coesorianus
1878 1233 2039 1298 habet]
2087 1235 2188 1288 Qui
2236 1235 2290 1285 in
2341 1235 2461 1286 nula

1401 1310 1625 1362 Coesaris
1648 1318 1899 1362 versatur.
1932 1312 2156 1376 ‘Regis’
2186 1311 2321 1362 enim
2355 1318 2368 1341 ‘
2391 1312 2456 1362 ad

1398 1388 1690 1450 exemplum
1718 1395 1856 1437 totus
1880 1388 2210 1451 componitur
2225 1387 2399 1440 orbis.'

1449 1463 1623 1513 Eme.
1663 1476 1891 1514 nxxxu.
1977 1463 2220 1515 Carmina
2251 1464 2460 1528 probari

1401 1554 1491 1589 sna
1510 1540 1701 1604 passim
1713 1540 1780 1590 ab
1794 1538 2057 1601 omnibns3
2079 1540 2144 1590 ab
2166 1555 2268 1591 nno
2285 1547 2457 1593 tamen

1398 1617 1900 1681 aliquovituperari,
1928 1616 2073 1666 velut
2105 1631 2208 1667 non
2238 1616 2366 1667 satis
2400 1618 2463 1667 li-

1398 1702 1538 1744 mata
1570 1701 1625 1744 et
1642 1694 1920 1744 emendata
1944 1693 2089 1745 dicit.
2154 1694 2459 1758 Respondet

1400 1771 1572 1822 Poeta
1588 1786 1644 1821 se
1663 1771 1912 1835 convivis,
1931 1785 2034 1821 non
2051 1771 2190 1822 cocis
2211 1771 2457 1829 scribere,

1401 1847 1620 1898 Poetam
1657 1848 1801 1898 illum
1836 1848 2073 1898 aemulum
2112 1862 2230 1899 esse
2258 1861 2458 1912 cocum,

1397 1937 1503 1973 non
1526 1923 1759 1975 poetam.
1794 1919 1973 1974 Ruder.

1441 2005 1491 2051 ³
1531 2002 1676 2064 Nom,
1718 2001 1822 2066 syn]
1878 2002 2014 2052 Volo
2063 2001 2296 2052 carmina
2324 2014 2461 2051 ‘mea

1396 2078 1562 2144 magis
1584 2080 1794 2145 placere
1830 2079 2093 2130 benevolis
2127 2087 2183 2130 et
2217 2079 2464 2144 simplici·
2542 2112 2551 2119 x

1397 2157 1495 2207 bns
1518 2158 1819 2221 lectoribus,
1836 2159 2056 2210 auditori
2065 2159 2279 2225 busque,
2307 2173 2457 2224 quam

1397 2235 1596 2286 zemulis
1625 2242 1695 2286 et·
1714 2236 1928 2286 cnriosae
1951 2236 2255 2300 strictasque
2277 2249 2460 2287 ceusu·

1399 2325 1470 2361 rae
1497 2311 1682 2375 poetis.

1463 2389 1627 2439 Erro.
1657 2402 1898 2441 nxxxm.
1984 2387 2287 2453 Astrologus
2310 2388 2463 2437 Mun·

1397 2480 1516 2515 nam
1539 2463 1723 2532 (velut
1744 2466 1831 2515 alii
1850 2466 1955 2531 leg.-
1968 2463 2212 2529 Cinnam)
2227 2462 2463 2528 divitem,

1397 2541 1545 2593 brevi
1561 2544 1865 2593 moriturum
1890 2542 2239 2609 proedixerat3
2260 2540 2460 2589 Munna

1398 2619 1607 2669 decoxit
1650 2620 1822 2671 subito
1870 2635 2021 2670 omne
2078 2617 2459 2682 patrimonium,

1401 2710 1500 2746 nec
1547 2705 1779 2747 mortuus
1819 2704 1915 2748 est.
1979 2696 2149 2747 Poeta
2179 2696 2460 2756 veridicum

1401 2774 1584 2839 fuisse,
1608 2775 1699 2839 ait,
1716 2775 2049 2839 astrologum,
2072 2787 2192 2823 vere
2215 2771 2351 2822 enim
2377 2787 2464 2837 pe.

1401 2853 1533 2903 risse
1551 2853 1820 2916 Munnam,
1851 2851 2056 2902 cnm-ad
2076 2849 2258 2900 incitas
2280 2848 2462 2900 redac-

1405 2937 1490 2986 tus
1513 2929 1600 2981 sit.
1636 2929 1764 2980 Rad.

1469 3009 1495 3055 1
1534 3005 1764 3068 Dixerat,
1782 3003 1886 3071 ξω]
1941 3004 1978 3056 J
1982 3019 2104 3055 ocus
2126 3009 2209 3054 est
2224 3000 2465 3053 intambi-

1402 3082 1603 3146 gnitate
1623 3082 1710 3132 τοῦ
1728 3084 1745 3111 ‘
1765 3080 1979 3146 perirez'
2002 3080 2141 3146 quod
2156 3079 2468 3144 Astrologus

1402 3158 1666 3210 referebat
1710 3160 1774 3211 ad
1808 3160 1989 3221 vitam,
2032 3158 2201 3208 Poeta
2232 3156 2297 3207 ad
2333 3157 2470 3207 bona

1402 3244 1458 3287 et
1480 3236 1737 3301 fortunas,
1768 3252 1885 3301 quae
1915 3237 2116 3287 Munna
2150 3234 2471 3301 perdiderat,

1401 3313 1571 3364 fretus
1593 3313 1856 3377 Astrologi
1875 3312 2145 3378 praedicto.

1441 3397 1497 3440 .5
1532 3391 1737 3454 Bisque,
1754 3389 1859 3454 qma]
1910 3390 2089 3439 vicies
2110 3395 2335 3440 centena
2357 3387 2469 3437 mil-

1403 3468 1476 3519 lia
1495 3467 1605 3518 HS.
1628 3466 1735 3516 sive
1765 3471 1848 3517 60.
1868 3466 2031 3516 millia
2051 3466 2467 3530 Philippeorum.

1442 3549 1501 3593 -6
1520 3544 1707 3593 Perire
1741 3542 1860 3606 cito]
1914 3543 2135 3606 Elegans
2184 3556 2308 3592 sane
2344 3540 2471 3605 Epi·

1404 3634 1654 3684 gramma,
1674 3625 1730 3668 et
1752 3633 1782 3668 e
1807 3619 2107 3669 Graecorum
2132 3616 2470 3682 myrotheciis

1404 3703 1684 3761 sumptum.
1722 3696 1858 3747 Nam
1874 3695 2059 3748 &uror
2077 3694 2367 3758 appellant,
2380 3692 2470 3740 ho-

1404 3775 1596 3825 minem
1613 3774 1952 3838 luxuriosum,
1974 3778 2031 3823 et
2063 3770 2209 3834 cnjus
2233 3769 2368 3818 salus
2389 3774 2472 3818 est

1406 3853 1679 3917 deplorata
1700 3867 1761 3902 ac
1786 3852 1940 3915 plane
1965 3848 2233 3909 exhausta,
2252 3842 2471 3894 faculta-

1406 3930 1546 3982 tibus
1562 3931 1674 3981 scil.
1694 3929 1978 3979 exhaustis.
2013 3925 2217 3976 Herald.

1470 4008 1635 4057 Erro.
1673 4019 1909 4056 mxxxiv.
1976 3999 2332 4052 Histrionibus
2362 4000 2472 4050 Do·

1405 4080 1648 4134 mitianus
1666 4095 1885 4131 scenam
1914 4077 2209 4139 interdixit,
2241 4075 2470 4127 edictum

1407 4157 1587 4209 laudat
1626 4156 1816 4207 Poeta.
1895 4151 2089 4206 verum
2110 4154 2154 4203 si
2176 4153 2337 4203 altius·
2351 4167 2470 4203 cnm

1405 4236 1585 4298 Li·psio
1630 4234 1894 4301 inspicias,
1944 4232 2228 4296 intelliges,
2269 4230 2354 4280 bic
2403 4229 2472 4279 de

2121 4359 2133 4374 ,
2228 4316 2261 4361 4
2295 4312 2345 4363 Q
