2985 4937
654 459 1430 513 M.VA1..MART1ALIS
1479 458 1726 508 nmen.
1773 457 1920 506 mn.
1966 439 2159 506 v111.¹

294 599 507 673 κριμῆρα,
529 607 779 659 Μενοιτίου
799 607 889 675 υἱὲ,
908 607 1129 670 καθίστα,
1148 606 1350 674 Ζωρότε-

292 703 369 750 ρον
386 684 436 735 δὲ
458 683 660 752 κέραιρε.

357 766 418 813 14
451 762 674 827 Phrygio
693 763 825 828 viro]
847 762 1045 813 AEneoe.

355 845 419 892 16
447 843 510 891 Ιιι
535 842 747 906 Priami,
767 842 874 907 ξω]
905 842 972 891 In
994 840 1359 892 vetustissimis

295 920 491 984 poculis
515 920 743 984 apponit
772 933 961 970 novum
982 919 1175 969 vinum.
1236 920 1362 967 Tor·

297 997 508 1059 tentius,
535 995 605 1044 de
625 995 826 1060 poculis
847 995 1014 1059 novis,
1035 1008 1253 1060 quorum
1276 1008 1364 1042 an·

297 1072 596 1136 tiquitatem
619 1072 819 1122 Euctus
845 1071 1126 1122 ementitus
1156 1077 1253 1133 est,
1287 1072 1363 1119 in-

295 1149 504 1213 telligit.
587 1148 718 1199 Noti
756 1155 879 1199 sunt
914 1148 1156 1198 Priamus
1186 1162 1367 1210 senex,

296 1232 349 1276 et
384 1225 682 1291 Astyanax,
719 1224 857 1275 filius
901 1225 1170 1284 Hectoris,
1214 1236 1365 1288 puer.

295 1301 465 1366 Bibes]
499 1302 718 1352 Gruter.
740 1316 806 1351 ex
830 1302 963 1352 Mss-
994 1301 1197 1351 calathis
1216 1299 1364 1364 Asty-

297 1384 465 1430 anacta
486 1378 633 1428 bibes.
698 1378 975 1430 Calathum
1006 1390 1165 1439 genus
1191 1375 1366 1439 poculi

296 1469 422 1512 esse,
456 1455 534 1504 ait
567 1454 895 1504 Glossarium
911 1454 989 1503 xP.
1010 1452 1278 1503 Danielis:
1312 1451 1366 1500 in

298 1547 397 1598 quo
417 1537 721 1598 preterea:
757 1532 774 1560 ‘
792 1530 1029 1592 Calatbi3
1053 1529 1257 1594 scyphi,
1276 1543 1367 1592 cy-

294 1609 433 1660 athi.'

379 1685 550 1735 Eme.
595 1698 700 1735 vn.
753 1687 785 1733 2
828 1683 1004 1733 Decem
1047 1680 1223 1743 dicere,
1260 1677 1369 1742 ξω]

294 1761 646 1828 synecdoche
665 1759 836 1810 finita.

357 1846 387 1891 3
405 1838 833 1905 clepsydras,8,·c.]
848 1841 936 1889 De
955 1837 1034 1888 bis
1057 1836 1174 1887 vide
1190 1835 1371 1900 Epigr.

297 1925 374 1972 35.
399 1921 493 1970 lib.
521 1924 573 1969 6.
596 1932 734 1968 vers.
755 1923 804 1968 1.
1059 1978 1066 1985 .

358 2002 391 2048 4
426 1999 474 2047 Ο
516 2001 764 2061 quantum,
797 1994 907 2059 ξω]
941 1993 1167 2056 Petiisti,
1191 1992 1372 2053 credo,

297 2069 502 2125 tautum
541 2071 720 2137 spatii,
760 2085 862 2137 quo
897 2078 1124 2135 taceres,
1155 2083 1260 2118 non
1296 2068 1373 2118 di-

300 2166 466 2202 ceres.

362 2228 536 2279 Eme.
562 2239 691 2278 vm.
733 2224 986 2277 Quamvis
1020 2222 1149 2274 felix
1188 2222 1375 2288 praedi·

300 2305 405 2356 cari
437 2303 631 2368 possis,
665 2301 802 2368 quod
839 2302 929 2353 abs
951 2308 1005 2352 te
1026 2303 1150 2351 anni
1186 2300 1375 2365 princi-

300 2383 442 2446 pium
474 2388 540 2431 et
573 2379 859 2444 auspicium
897 2378 1158 2438 ducatur;
1193 2377 1376 2441 tuique

300 2458 499 2509 mensis
540 2455 691 2507 initio
731 2456 967 2506 consules
1003 2458 1286 2521 purpuram
1321 2460 1378 2503 et

300 2535 470 2587 fasces
496 2539 735 2596 sumant3
765 2539 943 2584 tamen
979 2533 1146 2583 multo
1182 2546 1240 2581 es
1262 2529 1377 2580 feli-

303 2614 431 2677 cior,
450 2611 595 2679 quod
616 2625 793 2660 mense
814 2618 902 2659 tuo
921 2608 1254 2660 Domitianus
1272 2607 1377 2656 vic-

304 2698 389 2743 tor
409 2698 469 2742 et
490 2701 721 2754 sospesa
740 2687 992 2738 Sarmatis
1015 2691 1100 2742 est
1121 2698 1378 2735 reversus.

370 2774 397 2820 1
432 2764 762 2830 Principiam]
786 2766 1011 2814 Veteres
1028 2761 1167 2812 enim
1188 2760 1381 2812 Jannm

306 2843 664 2911 praefecerunt
695 2839 1006 2892 reducendis
1029 2837 1177 2889 annis
1197 2844 1254 2889 et
1286 2853 1381 2887 sae·

309 2924 465 2974 culis.

372 3005 406 3051 2
448 2999 518 3048 Et
555 3011 741 3047 revoces
769 2993 928 3058 sidtu]
964 2991 1209 3045 Biformis
1243 2991 1389 3042 eninr

310 3083 367 3126 ct
389 3073 592 3126 bifrons
616 3069 851 3136 fingitur,
869 3070 1009 3136 quod
1033 3070 1305 3134 praeterita
1327 3075 1384 3119 et

311 3154 493 3206 futura
515 3152 690 3203 videat
710 3158 766 3201 et
777 3152 1004 3216 ιᾓιιιιςιιις
1037 3155 1094 3199 et
1111 3148 1230 3197 finis
1255 3163 1385 3213 prae-

311 3231 574 3292 cedentis,
592 3236 648 3280 et
670 3228 984 3294 principium
1007 3226 1276 3292 sequentis
1297 3240 1387 3275 an·

313 3309 389 3359 ni.
425 3309 663 3358 Raderu.
726 3305 904 3369 Supra
922 3303 1311 3368 Epigrammate
1335 3305 1388 3353 2.

316 3401 473 3437 versu
499 3390 547 3435 1.
570 3389 669 3435 ὅτε.

396 3466 429 3512 3
464 3462 685 3512 Primum
716 3458 825 3524 pia]
859 3460 934 3509 Ut
970 3464 1050 3518 tu,
1087 3456 1175 3521 qui
1211 3454 1390 3505 limina

320 3554 519 3601 servas,
548 3537 868 3602 supplicibus
905 3534 1105 3585 aditum
1145 3532 1211 3582 ad
1246 3533 1390 3581 Deos

321 3615 641 3683 patefacias·
680 3612 905 3664 Ovidius
934 3616 980 3663 1.
1014 3611 1157 3660 Fast.
1188 3608 1308 3665 Vel,
1332 3614 1392 3657 ut

322 3709 497 3745 rerum
532 3691 761 3744 omnium
802 3695 1073 3755 potentem
1112 3692 1168 3737 et
1205 3683 1393 3751 princi-

325 3771 499 3836 pium;
533 3768 716 3834 Epigr.
736 3770 823 3818 28.
842 3766 935 3817 lib.
952 3769 1036 3816 10.

388 3853 421 3899 4
446 3849 692 3911 Purpura,
710 3842 820 3908 ξω]
844 3841 1096 3893 Consules
1118 3836 1260 3900 novi,
1282 3834 1392 3901 qui-

326 3923 424 3975 bus
448 3937 584 3974 nova
600 3934 836 3986 purpura
857 3916 1045 3982 fulget,
1058 3923 1118 3966 ut
1133 3914 1210 3966 ait
1227 3912 1390 3964 ovid.

332 4005 377 4051 1.
400 4000 547 4054 Fast.
582 3997 685 4047 Vel
713 3995 956 4045 Senatus.
1023 3991 1195 4041 Omnis
1228 3990 1395 4054 honos]

335 4077 516 4128 Omnis
553 4074 903 4139 magistratus.
967 4070 1055 4120 Sic
1100 4068 1302 4119 Statius
1340 4069 1392 4117 4.

332 4152 473 4217 Sylv.
507 4153 524 4181 ‘
537 4153 861 4213 Turmaeqne,
882 4146 1174 4211 tribusque,
1192 4146 1395 4207 Purpu-

335 4229 513 4294 reiqne
552 4235 751 4292 patres,
787 4226 1061 4290 lucemque
1111 4238 1143 4272 a
1186 4220 1397 4272 consule

338 4305 480 4355 ducit
499 4303 686 4354 Omnis
702 4299 901 4353 bonos.’

399 4386 429 4432 5
458 4381 533 4433 Τιι
552 4384 710 4431 tamen
728 4379 815 4430 120⁶
830 4376 999 4444 mavis,
1016 4375 1124 4442 ξω]
1155 4376 1270 4427 Nec
1293 4381 1398 4427 tam

2330 437 2503 503 1301

1438 605 1534 656 tibi
1569 607 1764 670 places,
1793 620 1825 654 o
1859 603 2011 667 Jane,
2050 601 2189 668 quod
2214 608 2305 652 tuo
2324 613 2505 651 mense

1431 684 1574 732 inest
1608 697 1788 744 annus,
1823 681 2202 743 inaugurentur
2243 678 2508 738 consules,

1435 766 1560 808 vota
1589 757 1810 821 quilibet
1832 762 2132 819 nuncupet·
2169 770 2326 820 quam
2361 752 2505 820 quod

1436 834 1657 884 redeat
1635 848 1746 896 Jam
1766 831 2117 883 Domitianus.

1503 913 1663 960 Erm-
1704 923 1782 960 ιιι.
1830 909 1987 959 Mora
2026 910 2199 959 trahet
2236 906 2500 961 damnum.

1439 987 1629 1049 Hylas,
1651 987 1759 1074 qui,
1798 986 1954 1035 modo
1991 985 2186 1050 lippus,
2221 999 2407 1036 novem
2439 983 2508 1034 de

1439 1064 1571 1115 libra
1594 1064 1775 1113 uncias
1803 1063 1921 1124 tibi,
1950 1079 1981 1112 ο
2015 1063 2265 1124 Quinem,
2294 1061 2378 1111 vel
2411 1059 2507 1110 foe-

1440 1140 1671 1191 nenton-i
1695 1140 1776 1188 vel
1805 1139 2155 1209 ophthalmico
2178 1137 2386 1188 volebat
2407 1137 2511 1186 sol·

1441 1230 1588 1277 vere,
1599 1216 1729 1279 Jum,
1747 1216 1911 1265 altero
1929 1221 2113 1278 captus
2133 1214 2304 1274 oculo,
2321 1217 2370 1261 6.
2394 1219 2509 1261 tan·

1442 1300 1552 1343 tum
1575 1292 1750 1341 uncias
1776 1291 1870 1340 tibi
1905 1290 2047 1354 prins
2084 1293 2134 1339 9.
2170 1288 2429 1339 recusanti
2451 1302 2510 1338 se

1445 1371 1521 1420 ait
1559 1368 1859 1418 soluturum.
1927 1367 2091 1417 Cave-
2111 1365 2180 1414 sis
2218 1379 2307 1427 ne,
2341 1377 2510 1415 coecus

1442 1448 1651 1500 omnino
1673 1445 1863 1508 factus,
1885 1445 1982 1495 tibi
2000 1444 2122 1493 nihil
2138 1443 2346 1494 reddat.
2455 1492 2461 1505 ,

1510 1526 1671 1574 Emer.
1692 1536 1747 1573 x.
1771 1527 1801 1571 8
1820 1523 1952 1572 Adeo
1971 1521 2082 1570 bene
2104 1521 2237 1582 emit,
2255 1518 2365 1582 ξω]
2381 1521 2515 1569 Tan·

1444 1602 1563 1664 tuli,
1583 1601 1660 1665 (so
1682 1614 1797 1664 very
1816 1597 2001 1663 cheap).
2077 1597 2141 1647 Id
2166 1604 2281 1647 est:
2317 1598 2512 1646 Tamne

1444 1679 1536 1728 vili
1555 1678 1726 1743 pretio
1749 1678 1982 1726 lac-ernas
2004 1676 2161 1724 hasce
2182 1673 2282 1724 sibi
2304 1687 2513 1737 compa·

1445 1757 1613 1808 ravit?
1678 1757 1790 1805 Νοιι
1825 1752 1994 1816 solvit]
2043 1752 2173 1814 Alii,
2213 1766 2306 1801 mm
2347 1751 2512 1801 solvet.

1448 1835 1640 1895 Immo,
1660 1832 1796 1899 quod
1821 1831 1985 1895 majus
2009 1836 2114 1892 est,
2133 1843 2224 1877 non
2237 1827 2404 1877 solvit.-
2429 1828 2513 1876 vel

1447 1926 1549 1962 non
1573 1916 1655 1960 est
1678 1908 1924 1959 solvendo
1944 1923 1958 1956 ι
1998 1907 2081 1956 vel
2104 1905 2307 1954 furatus
2329 1911 2430 1956 est.

1516 1987 1677 2037 Eme.
1701 2000 1782 2036 xi.
1816 1986 2036 2035 Faustas
2072 1981 2250 2046 populi
2281 1989 2336 2030 et
2358 1978 2514 2029 inusi-

1447 2072 1587 2116 tatas
1597 2059 2232 2122 acclamationes‚Caesare
2245 2055 2516 2120 redeunte,

1448 2141 1620 2192 Poeta
1642 2140 1928 2199 describit;
1964 2151 2089 2202 quas
2130 2133 2352 2185 affirmat
2386 2133 2515 2197 ipsis

1448 2218 1699 2269 Sarmatis
1713 2214 2080 2277 auditas,unde
2097 2210 2367 2276 profectus
2377 2218 2518 2261 erat:

1451 2295 1678 2359 indeque
1694 2292 1911 2343 Coesaris
1927 2290 2205 2340 adventum
2228 2289 2279 2337 in
2296 2287 2519 2347 Urbem,

1452 2372 1614 2421 etiam
1635 2386 1665 2420 a
1688 2367 2041 2427 remotissimis
2065 2364 2324 2430 gentibus,
2345 2364 2520 2427 cogni·

1454 2454 1564 2497 tum
1586 2460 1732 2507 esse;
1766 2443 2002 2509 adeoque
2033 2440 2260 2491 omnium
2294 2453 2521 2504 occupa-

1454 2531 1538 2575 tos
1573 2525 1624 2574 in
1648 2524 1856 2574 Caesare
1888 2518 2176 2584 spectando
2197 2516 2373 2566 oculos
2394 2514 2520 2580 fuis-

1455 2615 1529 2662 se,
1560 2608 1620 2649 ut
1651 2612 1820 2660 nemo,
1855 2596 2017 2662 qnid
2005 2610 2057 2645 ιιι
2081 2595 2237 2645 Circo
2259 2600 2528 2657 ageretur,

1456 2676 1919 2728 animadverteret.
1953 2674 2084 2722 Rea.

1523 2759 1550 2805 1
1590 2755 1736 2804 Tuum
1745 2766 1854 2814 μοι
1875 2756 1923 2800 te
1930 2749 2060 2812 scit]
2097 2748 2146 2798 A
2170 2754 2225 2798 te
2247 2743 2522 2809 magnifice
2582 2763 2585 2766 ·

1455 2835 1750 2883 extructam
1792 2829 1980 2894 passim
2024 2833 2080 2878 et
2122 2832 2376 2886 ornatam,
2417 2823 2524 2886 vel,

1456 2906 1782 2971 simpliciter,
1825 2905 2060 2954 Romam.
2129 2898 2346 2963 Rhenw]
2390 2897 2524 2948 Ger·

1456 2983 1617 3042 mani,
1640 2980 1807 3031 Rheni
1830 2978 1956 3030 fluv.
1983 2979 2196 3028 accolae.

1523 3065 1556 3110 2
1594 3061 1738 3126 Voces
1758 3058 1911 3119 audit,
1930 3055 2038 3120 ξω]
2073 3056 2335 3105 Clamores
2358 3060 2414 3103 et
2435 3068 2524 3117 ap·

1458 3140 1672 3205 plausus
1707 3137 1758 3186 in
1800 3136 1974 3186 Circo.
2056 3131 2364 3197 Hyperbole
2397 3129 2527 3181 satis

1459 3215 1653 3266 vocalis
1675 3219 1729 3263 et
1749 3212 1991 3262 clamosa.

1505 3299 1556 3341 '5
1591 3292 1757 3352 Longa
1773 3289 1953 3351 gaudia
1973 3286 2122 3351 circo]
2146 3284 2448 3350 Applausus
2470 3289 2527 3333 et

1463 3366 1866 3419 acclamationes
1876 3365 2067 3427 longae,
2082 3362 2357 3427 geminata
2374 3366 2428 3410 et
2444 3372 2527 3409 re·

1464 3446 1703 3496 boantes.

1530 3529 1564 3572 6
1596 3524 1749 3572 Nemo
1769 3525 1955 3584 quater,
1976 3518 2083 3583 ⁸5⁶2]
2117 3518 2163 3567 E
2183 3521 2268 3566 25.
2292 3514 2483 3580 spaciis
2500 3527 2532 3562 a

1466 3600 1766 3652 carceribus
1801 3607 1859 3649 et
1893 3603 2095 3661 septem
2133 3594 2354 3645 flexibus
2393 3592 2533 3643 circa

1437 3688 1631 3731 *metas
1665 3678 1734 3728 ad
1769 3677 2002 3728 victoriae
2036 3676 2278 3740 palmam,
2312 3672 2533 3736 populus
2579 3715 2582 3724 ,

1466 3758 1592 3808 dum
1615 3755 1712 3806 tibi
1740 3753 1937 3816 studet,
1965 3753 2015 3801 in
2039 3758 2094 3801 te
2116 3750 2293 3801 oculos
2313 3754 2369 3797 et
2391 3759 2533 3795 men·

1468 3841 1576 3884 tem
1599 3836 1916 3882 convertunt
1945 3841 2141 3889 omnes,
2169 3839 2274 3875 non
2305 3823 2537 3874 advertit

1470 3916 1717 3978 quatuor·
1740 3906 1973 3972 quamvis
1990 3903 2116 3953 alibi
2151 3889 2279 3952 nibil
2311 3900 2534 3965 amplius

1467 3993 1620 4051 optet
1637 3998 1791 4050 quam
1819 3983 1835 4011 ‘
1850 3983 2050 4032 Panem
2065 3986 2122 4030 et
2145 3977 2455 4040 Circenses,’
2474 3984 2536 4027 ut

1470 4064 1548 4114 ait
1578 4059 1865 4114 Juvenalis.
1944 4055 2082 4106 Vide
2122 4055 2447 4121 Epigramm.
2483 4058 2534 4104 7.

1469 4140 1607 4191 libro
1629 4142 1680 4187 ⁷.
1703 4151 1841 4187 vers.
1862 4140 1910 4185 9.

1537 4221 1570 4268 7
1604 4216 1724 4270 Nec
1758 4217 1808 4264 te
1849 4213 1938 4277 sic,
1977 4207 2086 4280 &fc-J
2129 4206 2246 4259 Nec
2295 4206 2539 4272 teipsum,

1472 4295 1775 4362 priusquam
1791 4291 1868 4344 tui
1883 4287 2046 4340 sensit
2057 4285 2386 4348 desiderium,
2399 4281 2540 4349 quod

1474 4373 1570 4426 tibi
1587 4369 1768 4421 reduci
1785 4367 1897 4470 laeti
1913 4378 2090 4418 omnes
2108 4360 2385 4417 testantur.
2411 4358 2541 4409 Gru·
