2985 4937
508 368 679 437 1200

507 530 651 580 tione
671 535 925 595 tepescat,
962 530 1268 582 caventibus
1305 529 1396 597 qui
1418 528 1564 579 iude-

507 603 640 657 baut
656 621 723 658 ne
738 622 892 657 manu
916 608 1215 659 excideret:
1264 613 1321 657 et
1343 606 1418 656 sic
1457 606 1564 671 pila

505 683 795 734 ludentium
818 692 873 734 et
906 685 1202 734 sudantium
1239 697 1394 734 manu
1416 690 1564 746 tepe-

504 759 668 812 facta.
712 763 993 826 Epignffl.
1032 762 1120 812 lib.
1151 765 1229 813 12.
1306 760 1387 812 An
1425 760 1562 811 forte

503 839 638 903 quod
683 839 778 889 bac
816 839 1071 890 ludebant
1106 839 1165 889 in
1208 838 1561 902 sphaeristerio

490 914 714 981 ,calidoz
762 922 821 966 ut
860 917 1029 979 vitrea
1070 915 1161 966 illa
1205 915 1259 964 iu
1299 913 1561 965 thermis?

501 990 634 1041 Puae
657 989 796 1056 apud
820 992 1036 1044 Grecos
1058 998 1115 1043 et
1152 991 1414 1042 Romanos
1436 1006 1561 1056 qua-

503 1071 622 1117 tuor
670 1081 877 1130 genera.
933 1071 979 1117 1.
1019 1067 1329 1131 Trigonalis,
1379 1081 1560 1131 parva,

504 1158 661 1208 quam
702 1152 809 1194 tres
850 1144 1049 1195 lusores
1094 1142 1263 1208 figura
1301 1144 1560 1207 trigouem

500 1221 835 1285 exprimente
889 1222 1127 1274 distincti
1178 1222 1280 1273 sibi
1334 1221 1559 1272 invicem

494 1296 810 1367 reddebant.
830 1302 882 1349 2.
896 1299 1236 1370 ῌειψαεωω,
1252 1313 1414 1364 parva
1431 1300 1561 1350 item

500 1374 610 1440 pila
630 1390 660 1424 e
682 1376 824 1426 corio
847 1374 1006 1439 facta,
1039 1391 1194 1442 quam
1234 1377 1347 1426 solo
1381 1391 1562 1440 reper-

500 1458 791 1515 cussamfloe
820 1453 901 1503 tlte
919 1453 1142 1517 rebusad,
1177 1460 1377 1521 raptam
1414 1468 1562 1504 revo-

500 1527 716 1593 cabant,
740 1529 890 1582 unde
930 1544 1118 1582 nomen
1162 1531 1227 1581 ab
1271 1528 1478 1596 ἅμόζω.
1511 1535 1562 1580 8.

492 1603 678 1677 Follis,
692 1619 879 1671 magua
900 1606 1027 1671 pila,
1046 1621 1109 1656 ex
1130 1607 1274 1657 aluta
1289 1598 1562 1668 confecta3

497 1680 544 1731 si
575 1681 761 1746 major,
782 1682 1042 1746 brachiis;
1079 1683 1125 1733 si
1162 1683 1355 1753 minor,
1372 1685 1561 1753 pugnis

493 1757 695 1822 impelli
737 1761 908 1812 solita.
950 1764 1001 1831 4.
1033 1761 1319 1827 Paganica,
1357 1775 1464 1826 qua
1507 1760 1561 1811 in

496 1837 647 1902 pagis
668 1838 961 1892 ludebatur.
996 1840 1183 1907 Epist.
1202 1845 1291 1909 81.
1322 1840 1413 1890 lib.
1435 1845 1485 1891 ⁷.
1505 1847 1563 1891 et

502 1917 786 1983 Epignw.
822 1918 917 1971 lib.
940 1921 1022 1971 14.
1064 1918 1152 1971 De
1183 1920 1409 1983 pilarum
1442 1920 1560 1973 lusu

494 1996 753 2049 videndus
773 1997 1102 2050 Mercurialis
1131 1998 1185 2049 in
1221 1996 1357 2049 Arte
1396 1996 1558 2063 Gym-

492 2068 717 2136 nastiea,
735 2079 791 2123 et
814 2073 1032 2125 Faberi.
1051 2078 1100 2125 1.
1122 2088 1170 2125 c.
1187 2078 1235 2125 6.
1252 2072 1558 2142 Agonostic.

556 2154 593 2199 6
626 2150 988 2217 Palvmlentu]
1054 2151 1198 2202 Dum
1249 2151 1316 2202 ad
1364 2159 1559 2203 terram

495 2224 697 2278 decidit
737 2234 795 2278 et
832 2228 971 2278 saltu
1013 2228 1271 2294 assurgit.
1324 2228 1479 2280 modo
1512 2233 1560 2279 1.

499 2302 676 2368 Rapis]
711 2301 831 2355 Hoc
869 2303 938 2354 ad
973 2319 1161 2356 nomen
1196 2305 1556 2372 harpasti,et

485 2380 662 2445 legem
679 2381 811 2446 ludi,
834 2389 893 2432 ut
914 2382 1067 2432 modo
1088 2387 1142 2433 2.

556 2461 588 2510 7
623 2460 827 2516 Plumea
858 2476 945 2512 aea
974 2459 1103 2523 laxi]
1145 2459 1343 2518 Levia:
1393 2465 1554 2512 vento

488 2536 628 2589 enim
643 2537 1042 2590 distendebatur
1056 2536 1211 2589 follia.
1233 2537 1388 2602 Lm]
1407 2538 1554 2603 Mag

486 2616 565 2682 ui,
585 2615 701 2676 lati.
748 2615 1012 2679 Paganica
1029 2614 1236 2681 quidem
1258 2615 1433 2679 pluma
1453 2614 1558 2667 far·

490 2692 749 2748 ciebatur.
781 2695 866 2743 De
885 2692 1011 2743 folle
1033 2708 1135 2743 non
1171 2697 1396 2743 constat.
1431 2693 1556 2742 Par·

488 2768 746 2833 “riost-0]
781 2768 1029 2820 Advertis
1053 2774 1109 2819 et
1129 2769 1331 2834 metiris
1355 2775 1554 2819 motum

489 2853 547 2896 et
567 2861 772 2898 cursum
812 2844 951 2898 follis
978 2845 1175 2910 plumei
1196 2851 1253 2895 et
1290 2844 1557 2910 levissimi,

487 2922 566 2972 ita
608 2929 667 2974 ut
705 2923 838 2973 scias
874 2928 1126 2988 quantum
1170 2921 1329 2987 spatii
1367 2922 1553 2974 missus

489 2997 627 3049 follis
663 2998 979 3050 decursurus
1001 2999 1087 3049 sit.
1136 2997 1313 3049 Acuta
1333 3001 1554 3051 antithe-

489 3076 582 3139 sis,
604 3078 619 3105 ‘
638 3075 876 3141 pondera
907 3074 1149 3141 plumea,'
1182 3076 1235 3126 id
1268 3084 1370 3139 est,
1401 3077 1554 3129 levis·

489 3152 649 3203 sima:
702 3158 1071 3218 ponunturque
1115 3153 1409 3218 ‘pondera'
1453 3171 1552 3221 pro

487 3228 718 3278 motibus
742 3229 904 3292 ipsius
936 3228 1109 3292 follis;
1143 3228 1197 3278 id
1233 3230 1368 3280 nosti
1385 3232 1552 3296 probe

489 3304 580 3355 ubi
601 3303 738 3356 follis
756 3305 929 3358 cadat.

554 3385 586 3430 8
616 3381 821 3446 Alliam]
858 3383 1083 3433 Puerum
1119 3383 1286 3436 levem
1321 3390 1377 3436 et
1398 3399 1551 3435 cursu

486 3457 740 3509 velocem.
807 3458 940 3509 Vide
963 3461 1102 3511 Plin.
1142 3461 1233 3513 lib.
1249 3467 1299 3513 7.
1332 3476 1449 3526 cap.
1468 3466 1551 3513 20.

485 3547 541 3591 et
562 3538 717 3590 Alex.
742 3541 908 3607 Neap.
936 3541 1024 3592 lib.
1039 3548 1090 3593 2.
1113 3556 1228 3607 cap.
1243 3546 1326 3594 21.
1345 3544 1550 3592 Nomen

483 3616 663 3668 fictum
689 3632 720 3667 a
744 3616 944 3680 Poe‘ta3
994 3617 1129 3671 Atta
1162 3620 1298 3669 enim
1339 3626 1423 3669 est
1460 3619 1550 3685 qui

485 3701 680 3748 terram
702 3696 891 3745 leviter
911 3695 1142 3760 attingit.
1180 3697 1385 3760 Festus.

480 3837 485 3838 γ
549 3777 582 3821 9
617 3773 695 3822 Ne
722 3774 960 3836 madidos]
996 3775 1076 3823 En
1099 3763 1551 3826 usum-,Endromi-

485 3848 601 3909 dis;
656 3847 894 3900 defendit
938 3849 1135 3914 frigora
1172 3859 1228 3900 et
1271 3841 1476 3916 pluvias
1517 3866 1549 3901 a

485 3940 724 3990 corpore.
1244 3919 1247 3922 ¹

551 3997 636 4053 10'
665 4003 766 4053 Iris
807 4004 954 4069 aqua]
1010 4005 1217 4069 Pluvia,
1256 4007 1400 4071 cnjus
1444 4006 1547 4056 Iris

480 4094 687 4130 nuncia.

486 4153 487 4158 ’
551 4164 610 4208 ll
661 4160 857 4210 Ridebis
890 4167 1069 4227 ventos,
1099 4163 1208 4229 ξω]
1279 4165 1354 4217 Ut
1386 4180 1544 4230 supra

484 4237 803 4300 Epigramm.
828 4243 876 4288 3.
900 4252 1034 4288 vers.
1051 4242 1101 4288 4.

1214 382 1430 432 NOTAE
1478 380 1880 433 vARmRuM
1930 385 1952 430 1
1965 384 2009 431 N

1649 578 1654 582 .
1704 531 1767 578 12
1820 528 1991 594 Tyria]
2056 529 2101 579 E
2139 530 2297 595 Tyro,
2342 529 2424 579 vel
2451 539 2706 595 ,purpura

1635 605 1799 669 Tyria
1837 607 2034 656 tincta·
2091 616 2151 657 ut
2188 606 2364 672 Epigr.
2399 604 2619 667 logiib.
2653 604 2703 659 2.

1636 696 1772 731 vers.
1792 686 1843 732 8.
1876 681 2106 748 Sindone,
2121 683 2229 747 &cs-J
2264 682 2482 735 Amictu
2501 694 2572 732 ex
2588 679 2706 731 snb.

1636 759 1872 810 tilissimo
1888 761 2069 813 linteo.
2103 765 2247 827 1³70.

1702 846 1863 896 Erre.
1885 859 1983 897 xx.
2015 849 2043 895 1
2083 845 2330 911 Car-elliu]
2360 845 2520 905 Duo
2506 861 2578 903 rn
2580 804 2705 897 dua·

1635 887 1732 970 bus
1755 918 1979 973 foeminis
1997 923 2254 973 contraria
2278 923 2404 973 vitia
2425 924 2707 987 reprehen-

1635 996 1751 1059 dit3
1789 998 2028 1050 -alterum
2072 988 2348 1062 Caerellia,
2395 1016 2532 1066 quae,
2583 1015 2702 1059 cum

1635 1081 1775 1127 esset
1795 1075 2068 1140 puppa‚,id
2090 1082 2191 1140 est,
2221 1078 2616 1137 adolescentula
2645 1085 2703 1131 et

1636 1158 1836 1219 tenera,
1859 1154 2177 1213 seretulam
2199 1154 2441 1209 dicebat:
2476 1155 2702 1213 aiterum

1635 1230 1847 1293 Genius,
1868 1245 2006 1296 quse,
2032 1246 2151 1282 cum
2187 1246 2372 1296 reapse
2394 1240 2533 1289 esset
2555 1247 2701 1292 auus,

1633 1321 1692 1356 se
1714 1306 1940 1358 vocabat
1975 1322 2225 1372 puppam,
2259 1314 2316 1358 et
2350 1314 2582 1358 teneram
2603 1306 2700 1359 fin*

1634 1382 1794 1446 gebat
1848 1391 2000 1447 gestu
2056 1391 2112 1435 et
2165 1399 2316 1436 voce.
2343 1392 2346 1399 “
2383 1384 2700 1436 Romaene-2⁸.

1633 1457 1831 1523 Pappa]
1875 1460 2078 1512 Puella.
2126 1463 2326 1527 Papus,
2365 1463 2613 1528 pupulus,
2644 1471 2701 1515 et

1634 1535 1880 1601 pupillus,
1898 1538 2123 1603 puerilia
2141 1545 2201 1599 et
2233 1538 2436 1593 blanda
2466 1541 2703 1606 appella·

1635 1612 1791 1665 tionis
1812 1615 2036 1665 uomina.
2066 1615 2297 1680 Ratgers.
2703 1662 2706 1675 ,

1649 1742 1660 1747 ,
1697 1692 1731 1738 4
1766 1690 1938 1741 Auem
1967 1691 2174 1745 riaiula
2212 1691 2306 1756 est]
2339 1691 2534 1757 neuin,
2555 1707 2698 1758 qum,

1634 1762 1843 1817 anicula
1871 1768 2162 1831 capularis,
2206 1783 2383 1823 vocem
2422 1776 2479 1819 et
2518 1777 2706 1833 gestus

1632 1840 1835 1911 effingit
1851 1845 2060 1907 puellae.
2107 1845 2284 1913 Altera
2299 1843 2549 1911 putidula]
2586 1846 2700 1896 Cae-

1635 1917 1799 1980 rellia,
1822 1932 1938 1984 quae
1962 1921 2157 1985 puella,
2194 1920 2507 1985 gravitatem
2541 1920 2698 1973 affec·

1635 2000 1751 2049 tans
1771 1996 1978 2061 anilem,
1993 2011 2048 2047 se
2070 1994 2283 2047 fastidio
2300 2000 2536 2063 exponit.
2643 2036 2646 2041 -

1697 2073 2333 2145 Eme.xx1.Cujusdam
2372 2075 2502 2125 Selii
2546 2081 2708 2137 taxat,

1630 2146 1973 2214 impietatem,
1994 2152 2084 2218 qui
2121 2166 2241 2203 cum
2263 2152 2511 2216 Diagora
2534 2166 2697 2244 netga·

1630 2225 1723 2277 bat
1739 2226 1870 2279 ullos
1891 2243 2008 2279 esse
2023 2231 2200 2291 Deos;
2226 2236 2282 2280 et
2303 2230 2468 2294 magis
2485 2230 2697 2301 impiam

1630 2302 1954 2357 adducebat
1939 2305 2111 2370 impin
2128 2307 2405 2358 sententiae
2422 2306 2696 2379 rationem,

1633 2376 1790 2446 quod,
1814 2381 1936 2433 dum
1958 2390 2176 2447 negaret
2198 2386 2364 2448 Deos,
2403 2399 2460 2439 se
2480 2383 2696 2435 divitem

1634 2455 1834 2511 factum
1855 2474 1970 2510 esse
1995 2459 2217 2512 videret.

1699 2541 1726 2586 1
1763 2536 1913 2588 Inane
1949 2537 2141 2601 coelum]
2189 2538 2309 2592 Diis
2332 2551 2573 2602 vacuum,
2612 2539 2702 2604 vel,

1630 2629 1741 2665 rem
1763 2614 1988 2666 inanem.

1695 2697 1728 2743 2
1761 2692 2064 2756 Probatqm
2084 2692 2269 2756 quodse
2288 2691 2513 2755 Factum]
2540 2690 2694 2744 Quod

1629 2766 1856 2821 feliciter
1890 2770 1991 2820 sibi
2016 2767 2132 2833 ἀθέῳ
2166 2785 2248 2821 res
2270 2769 2460 2821 cedere
2497 2770 2691 2820 videat.

1630 2845 1767 2896 Vide
1795 2847 1983 2897 Senec.
2020 2848 2108 2898 lib.
2149 2847 2166 2875 ‘
2185 2848 2360 2899 Quare
2392 2846 2541 2898 bonis
2572 2846 2692 2896 viris

1627 2924 1766 2974 mala
1788 2922 2066 2992 accidant,’
2088 2927 2189 2975 &c.
2205 2929 2263 2974 et
2288 2924 2534 2988 ciceron.
2553 2926 2601 2971 3.
2626 2921 2693 2971 de

1629 3001 1754 3052 Nat.
1773 2989 1933 3054 Deor.
1956 3001 2020 3054 de
2039 3000 2273 3065 Harpalo
2291 3007 2347 3051 et
2365 2999 2639 3065 Dionysio.

1633 3065 1644 3072 “
1693 3081 1723 3127 8
1759 3076 1988 3140 Beatum]
2025 3076 2274 3127 Divitem.
2497 3143 2500 3148 Ι

1694 3155 1856 3206 Eme.
1877 3169 2022 3206 xxu.
2043 3154 2516 3208 Describitluctam
2532 3141 2691 3226 uuan-

1627 3229 1747 3282 dam
1791 3233 2103 3296 Veueream,
2142 3248 2295 3298 quam
2343 3231 2527 3283 babuit
2571 3246 2690 3280 cum

1628 3310 1907 3376 Cleopatra
1929 3310 2168 3361 uxorein
2192 3309 2393 3362 balneis
2428 3315 2549 3375 post
2586 3308 2691 3372 pri-

1626 3401 1735 3456 mos
1753 3401 2076 3452 congressus.

1692 3467 1719 3513 1
1757 3460 1948 3513 Primos
1976 3479 2117 3529 passa
2152 3470 2299 3528 toros,
2337 3457 2445 3528 ssa]
2496 3460 2687 3513 Devir-

1627 3538 1826 3604 ginata,
1845 3547 1900 3589 et
1935 3541 2171 3593 subirata
2207 3542 2333 3591 mihi
2371 3541 2556 3592 marito
2588 3553 2687 3589 ceu

1625 3611 1940 3682 corruptori,
1957 3616 2094 3682 fugit
2115 3619 2168 3667 in
2203 3633 2379 3683 aquas.
2437 3617 2506 3666 Et
2536 3617 2688 3666 adhuc

1616 3695 1874 3760 placanda]
1920 3694 2006 3744 Sic
2031 3695 2168 3744 enim
2194 3689 2380 3744 natura
2417 3709 2686 3757 compara-

1624 3778 1734 3820 tum
1779 3780 1880 3834 est,
1921 3779 2034 3836 ut,
2029 3787 2168 3837 quae
2221 3788 2391 3839 nuper
2441 3773 2683 3823 mulieres

1623 3846 1781 3897 factae
1822 3855 1962 3910 sunt,
2011 3849 2280 3913 pudicitiae
2324 3865 2512 3900 caussa
2549 3849 2686 3902 subi-

1625 3931 1766 3976 ratas
1821 3941 1876 3976 se
1927 3923 2205 3978 ostendant
2272 3918 2684 3992 corruptoribus,

1617 4004 1853 4071 quamvis
1902 4006 2122 4069 maritis,
2172 4022 2203 4056 a
2250 4005 2437 4071 quibus
2492 4005 2681 4056 mutuis

1621 4071 1891 4133 blanditiiis
1913 4083 2110 4149 placari
2133 4083 2318 4134 solent.
2354 4083 2589 4133 Rumires.

1685 4167 1714 4211 6
1769 4162 2094 4210 Numerantur
2123 4161 2247 4222 lilia,
2275 4161 2384 4224 Esou]
2430 4160 2678 4214 Translu-

1517 4293 1534 4314 ·.
1620 4245 1742 4290 cent
1762 4239 1893 4313 adeo
1916 4245 1974 4288 ut
1991 4231 2250 4288 numerari
2268 4238 2492 4302 possint:
2528 4237 2677 4288 flores
