2985 4937
519 429 693 499 1314

584 593 742 644 Erro.
766 606 853 643 nv.
888 589 1217 642 Numidicum
1229 595 1285 641 et
1305 590 1581 640 immanem

518 671 721 721 leonem
746 685 777 721 a
801 669 1009 719 Caesare
1044 669 1098 718 in
1127 682 1335 718 arenam
1370 668 1582 717 missum

447 770 450 773 1
520 754 578 797 et
602 747 828 797 occisum
851 746 1050 798 laudat.

585 830 612 875 1
647 826 885 890 Massyla,
902 825 1017 888 ᾄω]
1060 825 1167 875 Per
1198 823 1403 875 deserta
1438 822 1581 874 Afri·

519 917 618 953 cae.
665 902 918 967 Massylia
939 910 1111 952 autem
1136 902 1316 967 Libyae
1342 916 1462 966 pars
1484 909 1581 953 est.

579 982 613 1028 2
646 978 819 1043 Furit]
852 979 1070 1042 Fremit,
1092 980 1267 1043 rugitu
1290 979 1490 1030 reboat.

580 1058 611 1104 8
649 1054 893 1119 Pallidus]
925 1056 1094 1106 Metu.
1160 1056 1429 1120 Attonitos]
1462 1057 1578 1107 Me-

515 1138 575 1181 tu
596 1131 834 1196 stupidos
850 1138 1005 1198 atque
1022 1129 1246 1197 ἔκφρονας
1259 1132 1329 1183 ob
1351 1133 1577 1196 rugitum

509 1209 739 1260 leonum.
804 1208 982 1272 Poena]
1017 1209 1215 1271 idest,
1234 1210 1448 1260 Punica.

577 1290 609 1334 5
649 1284 901 1335 statuit
919 1286 1150 1349 Ausonia,
1171 1285 1279 1350 esa]
1331 1284 1451 1337 Non
1481 1287 1576 1337 mi·

513 1378 642 1415 nore
665 1363 841 1427 rugitu
871 1362 1084 1414 fremuit
1114 1379 1284 1428 nuper
1310 1366 1391 1416 leo
1424 1367 1574 1417 terri-

510 1441 632 1491 bilis
656 1441 709 1490 in
731 1441 881 1491 Rom.
897 1440 1314 1505 Amphitheatro.

577 1521 609 1567 7
642 1517 739 1567 Sed
759 1518 892 1580 caius
912 1512 1184 1582 tremerent,
1204 1518 1311 1582 ξω]
1362 1519 1466 1570 Sed
1497 1527 1573 1570 ta-

510 1595 593 1657 lis,
614 1595 697 1644 cui
723 1608 936 1659 reguum
959 1601 1016 1645 et
1038 1609 1291 1645 summum
1305 1596 1394 1659 jus
1417 1595 1573 1646 cede-

511 1677 633 1722 rent
657 1672 840 1722 coeteri
859 1672 1059 1735 leones,
1077 1679 1137 1723 ut
1158 1673 1297 1723 leoni
1314 1671 1446 1724 ferae
1471 1688 1574 1724 σω·

510 1753 655 1799 terso.

572 1831 604 1876 8
638 1826 1072 1891 Mamm-epieto]
1128 1827 1391 1876 Marmore
1430 1828 1575 1878 clara

505 1902 769 1954 Numidia.
836 1902 1079 1953 Numidae
1122 1903 1266 1967 prius
1308 1904 1573 1955 Nomades

507 1979 636 2029 dicti
658 1994 687 2028 a
722 1976 877 2043 νέμω.
909 1980 1103 2030 Salust.
1143 1986 1199 2029 et
1221 1980 1363 2030 Plin.
1402 1980 1496 2031 lib.
1520 1987 1571 2031 6.

505 2056 712 2120 Nomas]
745 2058 936 2108 Graeca
969 2072 1068 2107 vox
1110 2057 1295 2107 Latine
1333 2058 1573 2108 Numidi·

505 2147 588 2182 am
633 2135 790 2196 valet,
833 2148 951 2200 quae
996 2135 1256 2185 maculoso
1311 2149 1568 2187 marmore

506 2209 754 2261 abundat.

569 2291 603 2336 9
638 2288 685 2335 0
705 2294 934 2351 quantum
966 2289 1129 2353 decus]
1177 2290 1365 2355 Jubam
1409 2292 1567 2355 insig-

502 2376 621 2412 nem
649 2372 802 2417 vocat
836 2367 852 2393 ‘
871 2366 1032 2417 decus
1051 2366 1087 2417 τ’
1120 2377 1242 2417 sunt
1265 2376 1440 2420 autem
1475 2370 1566 2434 ju-

499 2439 611 2491 bati
635 2440 812 2493 leones
836 2443 1271 2507 prestantissimi.
1395 2434 1398 2441 Γ

567 2521 629 2568 10
662 2519 826 2570 Anu-ea
857 2522 1050 2584 lunate,
1084 2524 1192 2588 ξω]
1245 2521 1377 2574 Cum
1417 2521 1564 2575 fulva

493 2593 626 2658 juba
646 2595 884 2646 horreret
906 2605 1087 2647 erecta
1120 2598 1349 2664 undique
1385 2600 1438 2649 in
1478 2616 1562 2650 or·

498 2671 639 2733 bem,
662 2673 725 2722 ad
750 2673 955 2724 modum
978 2676 1317 2739 plenaealunae,
1348 2679 1574 2744 ejusque.

497 2751 805 2800 extremitas
827 2766 985 2801 aureo
1007 2750 1209 2816 fulgore
1243 2753 1562 2816 splenderet.

499 2826 722 2879 Quidam
764 2829 890 2877 Mss.
934 2827 1242 2891 praeferunt,
1277 2844 1385 2882 cum
1419 2831 1561 2882 stetit

494 2901 833 2972 umbrajuboe:
866 2919 1021 2969 quam
1055 2919 1233 2954 veram
1259 2919 1371 2954 esse
1393 2906 1557 2970 scrip-

495 2985 684 3041 turam,
722 2987 780 3030 et
818 2979 1047 3030 umbram
1071 2994 1431 3044 saepenumero
1453 2982 1558 3032 dici

494 3056 709 3119 capillos
733 3064 794 3108 et
812 3059 981 3109 crines
1003 3057 1331 3109 demonstrat
1352 3060 1558 3110 Grono-

492 3131 608 3182 vius
643 3134 742 3184 lib.
775 3139 828 3186 4.
895 3134 1027 3186 Obs.
1068 3151 1185 3200 cap.
1232 3141 1313 3187 17.
1379 3137 1557 3202 Stetit]

491 3208 779 3263 Inhorrnit.
837 3213 944 3262 Leo
960 3212 1116 3275 enim,
1130 3213 1228 3262 sibi
1252 3214 1557 3264 certandum

491 3287 691 3349 videns,
702 3290 884 3355 jubam
907 3291 1095 3352 erexit,
1126 3297 1186 3341 ut
1208 3290 1440 3343 homines
1461 3307 1556 3357 per

489 3364 727 3416 timorem
750 3368 958 3430 erigunt
979 3382 1194 3418 comam.

557 3447 616 3492 11
655 3444 878 3494 Grandia
911 3444 1197 3509 quam,⁸5e.]
1256 3447 1426 3499 Quam
1459 3461 1555 3511 par

487 3517 592 3570 fuit
612 3522 798 3585 grandi
822 3523 1079 3572 venabulo
1101 3524 1115 3574 ἱ

556 3601 618 3647 12
652 3598 732 3648 De
752 3613 928 3662 magna
946 3600 1146 3662 gaudia,
1164 3598 1275 3664 ssa]
1327 3601 1411 3655 Ab
1435 3601 1551 3665 ipso

484 3673 831 3739 Imperatore,
867 3676 1220 3741 Carpophoro,
1242 3677 1551 3742 Glabrione,

484 3750 570 3801 vel
604 3751 706 3801 alio
737 3752 895 3802 nobili
919 3752 1378 3804 bestiario-coesns.
1444 3756 1545 3805 Vel

413 3853 416 3854 ν
481 3839 721 3892 magnam
758 3838 976 3879 mortem
1011 3828 1079 3877 de
1108 3826 1225 3878 fera
1264 3844 1452 3894 magna
1489 3839 1549 3882 et

463 3901 711 3963 'immani‚
733 3913 790 3956 et
826 3905 878 3955 in
902 3904 1113 3968 publico
1152 3920 1271 3956 cum
1294 3906 1546 3960 bestiario

485 3979 658 4032 valido
681 3989 964 4045 pugnante,
980 3982 1320 4049 interpretari
1343 3986 1528 4049 possis.

548 4059 610 4105 13
654 4057 790 4112 Unde
830 4060 946 4122 tuis,
980 4058 1155 4125 Libye]
1206 4060 1540 4126 Apostrophe

483 4130 550 4180 ad
586 4131 822 4197 Libyam,
854 4134 1059 4186 leonum
1094 4135 1347 4201 feracem,
1386 4152 1542 4203 quam

478 4205 685 4255 beatam
705 4208 960 4272 praedicat
982 4210 1175 4262 ohtam
1198 4213 1441 4268 eximiam
1464 4213 1544 4264 fe-

477 4295 613 4331 ram.

545 4361 605 4410 1⁴1
638 4361 684 4409 A
713 4359 925 4427 Cybeles,
948 4362 1055 4427 ξω]
1094 4364 1178 4418 Ab
1201 4366 1320 4430 Ida,
1337 4367 1421 4417 vel
1440 4367 1541 4421 alio

1230 434 1446 493 No'rAE
1495 441 1832 501 VARmRu
1844 445 1897 493 M
1945 446 2026 494 IN

1654 587 1899 654 Phrygioe
1921 597 2116 653 monte,
2131 588 2216 641 eui
2240 594 2432 655 praeest
2450 587 2669 654 Cybele,
2688 600 2719 635 a

1654 675 1875 731 quatuor
1896 667 2129 717 leonibus
2151 681 2309 718 curru
2330 673 2504 717 vecta.
2628 699 2632 703 «

1718 748 1780 793 15
1818 744 2079 808 Herculeo,
2095 746 2203 810 ξω]
2251 744 2438 810 Epigr.
2461 740 2717 794 57.1ὶ1).4.

1654 834 1793 871 vers.
1815 826 1871 871 6.

1720 901 1786 948 16
1818 898 2012 962 Frater,
2033 899 2106 949 vel
2122 904 2284 964 pater,
2306 898 2418 963 ξω]
2465 898 2617 949 Titus
2635 895 2718 946 vel

1650 975 2009 1040 Vespasianus
2026 976 2077 1025 in
2100 975 2247 1027 Deos
2265 976 2435 1026 relati.

1719 1052 1878 1101 Eme.
1900 1064 2014 1103 ur.
2036 1057 2063 1101 1
2095 1045 2718 1117 TemporibusnostrisAaefl

1650 1129 1840 1180 Nullos
1856 1131 1932 1182 ait
1945 1128 2038 1181 sno
2054 1137 2289 1196 tempore
2300 1130 2569 1194 Vir-gilla,
2581 1125 2717 1193 quod

1648 1206 1776 1256 nulli
1790 1206 1896 1258 siut
1907 1207 2246 1260 Maecenates.
2261 1208 2488 1276 Videtur
2497 1206 2719 1255 Flaccus

1650 1284 1715 1334 (le
1733 1284 1986 1336 Martiale
2021 1291 2255 1350 questus,
2288 1284 2427 1350 quod
2450 1295 2714 1348 nunquam

1647 1360 1724 1411 ita
1745 1376 1804 1412 se
1824 1361 2108 1424 laudasset,
2129 1370 2189 1412 ut
2201 1361 2563 1424 Parthenium,
2576 1359 2713 1410 Pau-

1647 1438 1773 1500 lum,
1812 1446 1869 1489 et
1916 1437 2125 1502 Rufum,
2165 1439 2253 1504 qui
2285 1438 2423 1489 dona
2464 1437 2717 1487 miserant

1646 1514 1850 1577 Poetae,
1871 1523 1928 1566 et
1945 1515 2115 1566 Poeta
2138 1515 2362 1566 vicissim
2383 1516 2639 1567 Carmene
2658 1513 2715 1563 Si

1647 1592 1749 1655 vis,
1768 1593 1959 1658 inquit,
1992 1609 2024 1643 a
2043 1607 2129 1643 me
2151 1593 2375 1655 laudari,
2409 1593 2476 1643 da
2498 1605 2715 1642 munera

1645 1670 1979 1733 Maecenatis,
2001 1679 2055 1721 et
2077 1686 2166 1721 ero
2189 1677 2331 1733 tuus,
2353 1671 2520 1721 sinon
2540 1669 2713 1734 Virgi-

1646 1747 1766 1811 lius,
1782 1754 1930 1798 certe
1949 1749 2174 1800 Marsus.
2210 1749 2339 1799 Rad.
2408 1749 2530 1797 Cam
2550 1745 2711 1809 cedat]

1648 1825 1751 1877 Qui
1772 1825 1858 1887 fit,
1894 1833 1954 1877 ut
1991 1834 2173 1877 nostro
2193 1841 2326 1888 aevo,
2348 1840 2450 1893 quo
2484 1824 2711 1876 maxime

1645 1900 1802 1955 floret
1822 1904 2009 1966 Roma,
2027 1904 2156 1954 nulli
2176 1901 2400 1954 floreant
2418 1903 2601 1953 vates?

1710 1984 1742 2030 2
1764 1980 1900 2031 Duce
1919 1981 2076 2030 Roma
2093 1979 2202 2045 suo]
2232 1980 2371 2046 Imp.
2386 1979 2709 2030 Domitiano.

1645 2058 1829 2124 Epigr.
1854 2064 1936 2111 19.
1961 2057 2048 2108 lib.
2070 2065 2123 2110 6.
2156 2078 2159 2081 “

1708 2140 1738 2185 6
1778 2133 2208 2198 Μωοεηαὶεο,ᾄ·σ.]
2232 2134 2335 2188 Qui
2352 2133 2568 2184 foveant
2587 2131 2710 2197 poe‘·

1644 2216 1760 2273 tas3
1790 2211 1930 2277 quod
1952 2210 2083 2261 fecit
2117 2210 2178 2264 C.
2211 2211 2407 2260 Cilnius
2430 2211 2712 2260 Maecenas.

1705 2292 1737 2338 ⁷
1770 2290 1959 2351 Jugera
1972 2286 2378 2353 perdiderat,&c.]
2426 2287 2565 2337 Vide
2588 2287 2706 2336 Vir·

1640 2365 1751 2429 gilii
1779 2366 1957 2416 Vitam
1991 2374 2047 2415 et
2085 2365 2270 2429 Eclog.
2289 2370 2350 2414 ·1.
2393 2371 2449 2414 et
2484 2368 2534 2415 9.
2570 2364 2705 2413 uude

1638 2441 1737 2493 hoc
1775 2442 2065 2495 hemistich.
2096 2444 2112 2471 ⁶
2133 2442 2333 2494 miserae
2369 2441 2540 2492 vicina
2581 2442 2703 2494 Cre·

1637 2521 1843 2573 monaess

1702 2602 1734 2649 8
1771 2599 1968 2664 Tityrus
1997 2614 2127 2664 ager
2158 2598 2289 2663 oves]
2335 2597 2587 2662 Virgilius
2607 2596 2701 2645 snb

1636 2688 1861 2740 persona
1882 2677 2074 2742 Tityri,
2098 2677 2283 2740 Eclog.
2308 2680 2356 2725 1.

1699 2759 1732 2804 9
1770 2755 1945 2805 OE'usctoe
1985 2753 2142 2818 eques]
2194 2754 2457 2803 Maecenas
2490 2751 2698 2817 regibus

1638 2830 1874 2884 Etruscis
1892 2832 2155 2881 oriundus·

1701 2910 1764 2957 12
1800 2907 2050 2970 Nostrum,
2063 2906 2217 2970 dixit]
2250 2905 2505 2955 Pollionis
2526 2912 2697 2955 tamen

1632 2981 1790 3033 fuisse
1812 2984 1947 3034 hunc
1970 2998 2187 3047 puerum
2205 2982 2429 3033 adstruit
2445 2982 2699 3046 Apuleius

1631 3059 1789 3126 Apol.
1830 3066 1878 3112 1.
1894 3063 1909 3072 “
1924 3069 1980 3111 et
2018 3062 2277 3111 Donatus.
2342 3060 2520 3110 Alexin
2548 3058 2698 3122 ames]

1632 3139 1830 3189 Notum
1849 3154 1915 3189 ex
1940 3139 2139 3202 Ecloga
2157 3143 2208 3189 2.
2230 3138 2376 3202 Virg.

1698 3219 1760 3265 13
1796 3215 2017 3279 Domini]
2067 3215 2394 3265 Maecenatis.
2467 3213 2698 3264 Pulcher-

1628 3292 1802 3356 rimus]
1828 3294 1968 3343 Puer
1981 3293 2309 3353 Maecenatis,
2325 3291 2432 3341 vati
2455 3290 2696 3342 dilectus.

1630 3367 1707 3419 At
1749 3369 2024 3432 Apuleius,
2060 3368 2115 3418 in
2159 3366 2434 3432 Apologia,
2475 3382 2693 3434 puerum

1629 3445 1782 3496 amici
1806 3446 1883 3496 sui
1904 3445 2153 3497 Pollionis
2172 3444 2332 3496 fuisse
2354 3445 2502 3496 dicit.
2568 3447 2692 3495 Tur·

1627 3522 1744 3572 neb.
1763 3521 1899 3572 libro
1920 3527 2003 3573 29.
2028 3523 2202 3588 capite
2222 3526 2301 3572 13.
2366 3520 2482 3585 Ille]
2500 3520 2691 3574 ,Alexis

1626 3599 1710 3648 vel
1733 3597 2047 3651 Alexander.

1691 3679 1754 3724 14
1787 3676 2063 3725 Marmorea
2079 3675 2308 3742 fiendens,
2326 3674 2435 3739 ξω]
2459 3675 2691 3726 Canden-

1625 3748 1664 3798 ti
1686 3750 1866 3814 purius
1896 3750 2056 3801 Pario
2096 3766 2383 3802 marmore:
2431 3758 2486 3802 et
2520 3749 2686 3801 ἀντιτί-

1621 3829 1751 3878 θεται
1764 3827 1834 3887 τῷ
1854 3828 1870 3855 ‘
1888 3827 2034 3891 nigra
2060 3826 2313 3879 Falerna.'

1688 3907 1748 3954 17
1785 3903 1985 3953 Excidit
2029 3904 2251 3968 attonito,
2292 3904 2397 3969 ξω]
2444 3904 2684 3956 Εκοίᾶθ·

1620 3987 1743 4030 runt
1756 3981 1830 4031 illi
1847 3982 2099 4032 Bucolica
2117 3998 2134 4045 ;
2166 3997 2267 4034 non
2286 3983 2505 4048 amplius
2523 3984 2679 4047 scrip-

1620 4058 1689 4107 sit
1728 4057 1938 4108 humilia
1984 4058 2227 4109 Carmina
2259 4060 2327 4112 de
2360 4061 2587 4112 Galatea
2628 4066 2678 4109 et

1619 4133 1861 4199 Thestyli
1876 4135 1984 4184 sole
2005 4142 2232 4199 perusta.
2665 4193 2670 4199 ,

1684 4215 1746 4260 18
1785 4211 2048 4276 Thestylis]
2080 4212 2294 4263 Excidit
2309 4219 2366 4263 et
2384 4213 2494 4264 haee
2513 4227 2676 4279 agres-

1617 4286 1687 4339 tis
1711 4288 1884 4352 puella
1903 4289 1957 4337 in
1981 4290 2116 4355 agris
2140 4297 2195 4340 et
2217 4290 2322 4340 ruri
2344 4296 2567 4342 versata.

1682 4371 1745 4420 19
1777 4367 1975 4418 Italiam
1996 4368 2230 4433 concepit]
2263 4368 2548 4422 Historiam
2569 4366 2671 4419 Ita·
