2985 4937
716 408 797 458 M.
842 406 1014 456 vm..
1063 400 1492 455 maurianis
1544 359 1793 449 nmen.
1844 398 1989 447 me.
2037 400 2086 450 1.

300 556 422 606 bant
452 559 510 606 et
542 553 643 604 sub
679 553 929 617 magistro
965 547 1242 612 habebant,
1276 545 1366 612 qui

297 635 482 698 probra
501 632 762 684 meditate
801 629 1165 694 effunderent,'
1198 629 1366 693 inquit

294 711 491 761 Seneca
534 710 632 761 lib.
689 710 756 760 de
800 708 1076 773 Tranquil.
1135 707 1257 756 vitae
1312 710 1362 755 2.

294 787 429 839 Hinc
473 787 711 838 ‘vernile
748 784 981 837 dictum’
1027 782 1166 849 apud
1198 783 1364 833 Tacit.

291 863 379 914 lib.
404 868 451 915 3.
485 864 697 915 Herald.
841 924 845 929 ι
887 909 900 926 ,
1304 908 1317 919 ‚

298 960 305 965 ·
351 947 381 992 3
417 943 529 993 Hoc
550 945 673 1007 quod
703 937 1108 1001 OE'ranstibm’nus]
1128 939 1363 1002 Sequun-

288 1028 371 1070 tur
396 1022 647 1084 exempla
679 1019 942 1069 bominum
965 1016 1157 1066 stolide
1181 1028 1362 1079 proca-

292 1097 417 1146 cium
442 1104 500 1148 et
531 1095 902 1161 petulantium,
931 1094 1109 1160 quales
1144 1098 1266 1142 sunt
1285 1099 1362 1141 te·

289 1188 411 1224 nues
441 1191 601 1240 paene
622 1189 808 1225 ‘omnes
851 1180 909 1224 et
931 1173 1155 1236 abjectae
1187 1169 1361 1220 condi-

289 1253 437 1303 tionis
505 1253 922 1313 bomuncioues;
974 1258 1131 1315 atque
1190 1248 1244 1297 iu
1297 1246 1361 1296 iis

288 1332 526 1393 maxime,
571 1329 661 1394 qui
704 1328 792 1381 vili
828 1325 1166 1376 mercimonio
1200 1323 1362 1372 vitam

289 1407 547 1456 tolerant:
586 1413 649 1455 ut
685 1400 1105 1452 ‘Transtiberini
1140 1398 1363 1449 ambula·

287 1484 459 1548 tores,’
477 1483 570 1548 qui
598 1489 742 1532 trans
763 1479 991 1529 Tiberim
1013 1477 1273 1527 ambulant
1300 1489 1363 1525 ac

286 1568 582 1625 pererrant,
619 1557 918 1624 quisquilias
958 1570 1072 1604 suas
1096 1553 1363 1602 venditan-

285 1638 633 1689 tes.·Herald.
696 1635 823 1685 'Vel
869 1628 1363 1689 ut‘Turneb.·vult,

284 1731 392 1765 eam
429 1723 648 1780 partem
685 1712 827 1762 urbis
864 1708 1243 1759 inhabitantes.
1268 1705 1361 1755 lib.

282 1793 500 1845 Advers.
525 1798 612 1843 24.
627 1807 672 1842 c.
690 1794 772 1841 43.
790 1794 846 1840 et
865 1789 899 1838 l.
922 1791 1000 1837 19.
1023 1800 1072 1836 c.
1097 1789 1144 1834 6.
1190 1784 1365 1832 Trans-

285 1871 538 1935 tiberinae]
587 1869 651 1918 Iu
720 1881 783 1918 ea
835 1864 987 1914 urbis*
1026 1867 1195 1926 parte,
1248 1874 1362 1925 quae

285 1953 417 1998 trans
447 1946 708 2008 Tiberim,
737 1943 808 1993 ibi
838 1939 1141 1991 babitabant
1170 1935 1362 2000 Judaei,

286 2029 338 2073 et
356 2030 562 2074 caetera
597 2020 888 2086 plebecula,
922 2031 1039 2081 quae
1071 2011 1361 2063 sordidissi-

287 2101 373 2150 mis
397 2098 688 2150 victitabat
724 2092 976 2144 serviciis.
1011 2089 1134 2139 vide
1157 2093 1296 2136 vers.
1311 2090 1360 2136 4.

287 2179 453 2242 epigr.
495 2180 584 2225 93.
618 2174 654 2222 1.
683 2177 733 2222 6.
798 2167 1104 2231 Ambulator]
1143 2164 1360 2227 Peripa·

290 2256 478 2306 teticus
529 2264 727 2315 vagus,
751 2247 838 2312 qui
875 2243 1209 2294 obambulans
1245 2253 1363 2304 pro·

287 2330 533 2382 mercalia
541 2323 869 2385 clamitabat,
880 2316 1363 2371 brimstone-matches

272 2407 354 2468 for
362 2410 543 2458 broken
553 2405 753 2467 glasses.
764 2399 1024 2463 Diphilus,
1033 2394 1155 2445 κατὰ
1161 2393 1249 2453 τὴν
1258 2391 1365 2443 ὁδὸν

282 2490 457 2537 πωλεῖν
472 2521 487 2536 .
509 2521 522 2536 .
544 2519 557 2534 .
576 2480 806 2540 βούλομαι
814 2475 965 2539 Ῥόδα,
980 2475 1249 2539 ῥαφανῖδαξ,
1270 2477 1366 2536 Osp-

278 2564 564 2627 μοκυάμους,
578 2558 845 2621 στέμφυλα.
868 2557 885 2583 ‘
901 2555 1077 2617 Rupto
1092 2551 1179 2616 qui
1198 2551 1365 2614 possit

282 2644 533 2707 sulphura
554 2635 732 2687 vitro?
783 2633 975 2685 Juven.
996 2635 1164 2681 5.sat.
1195 2632 1362 2676 nostr.

285 2720 448 2784 epigr.
470 2722 520 2768 3.
545 2715 743 2765 lib.-10.
765 2724 900 2759 vers.
921 2711 972 2757 4.

343 2800 374 2845 4
411 2791 665 2844 Patientia
699 2781 1004 2851 sulphurata]
1051 2781 1222 2844 Ligna
1253 2780 1360 2829 exi·

285 2873 348 2922 lia
361 2872 617 2936 sulphure
634 2867 696 2917 ab
713 2872 933 2928 utraque
953 2868 1106 2926 parte
1123 2858 1362 2909 intincta.

286 2950 421 3002 Plin.
445 2952 482 3000 l.
503 2953 588 2999 36.
611 2962 657 2997 c.
677 2950 760 2995 19.

347 3036 379 3079 5
421 3021 772 3089 Otiosae'j'Qui
813 3017 1105 3085 plebeculae
1145 3013 1383 3078 feriatae„

288 3106 441 3157 Circo
476 3116 756 3167 sceuaeque
792 3096 1094 3158 vacanti,et
1115 3094 1242 3142 duas
1278 3107 1361 3141 res

289 3184 439 3234 anxie
479 3178 706 3245 optanti,
741 3176 940 3225 Panem
974 3178 1031 3221 et
1070 3170 1364 3233 CircenseS,

291 3261 429 3310 cicer
450 3261 775 3308 maceratum
795 3252 1046 3301 venditat.

350 3342 384 3387 6
415 3332 700 3396 Madidum]
732 3332 973 3381 coctum.

300 3424 307 3431 ·
344 3419 376 3465 7
391 3416 582 3474 Custos,
591 3408 697 3473 ξω]
711 3407 933 3471 Agyrta,
950 3401 1247 3456 circulator,
1260 3414 1364 3449 me·

289 3493 428 3544 diens
456 3484 924 3539 circumforaneus:
965 3497 995 3529 α
1019 3478 1363 3540 Mountebank,

289 3586 319 3618 a
341 3567 510 3626 Quack
542 3564 725 3613 salver.-
757 3559 843 3625 qui
862 3557 1017 3630 ³collo
1054 3562 1110 3606 et
1145 3554 1363 3604 brachiis

288 3645 566 3710 implicitas
579 3635 986 3690 circumferebat
1003 3634 1363 3697 viperas‚quas

290 3725 431 3773 velut
470 3717 698 3770 innoxiae
739 3719 936 3775 essent,
971 3712 1362 3770 incantaverau

188 3811 205 3816 ’
288 3803 367 3851 vel
391 3800 646 3850 adversus
668 3792 934 3843 noxiarum
958 3800 1158 3836 morsus
1178 3800 1234 3835 se
1256 3799 1362 3833 me.

285 3874 597 3929 dicamentis
639 3869 904 3919 munierat
936 3868 1229 3924 sanaratve,
1260 3875 1361 3926 quo

286 3951 534 4002 theriacis
555 3954 613 3998 et
636 3938 1088 4008 alexipharmacis,
1121 3952 1239 4002 quae
1274 3950 1360 3985 ve-

286 4030 422 4079 nalia
443 4023 712 4092 gestabat,
734 4019 890 4069 fidem
911 4016 1133 4067 faceret.

284 4141 291 4144 -
349 4110 379 4155 8
411 4102 567 4154 Pueri
582 4096 889 4159 salariorum]
918 4092 1243 4144 cetariorum
1268 4103 1357 4139 seu

288 4175 625 4246 ταριχοπῶλων
654 4174 790 4227 servi
822 4179 880 4222 et
915 4171 1027 4232 filii,
1064 4168 1360 4218 vilissimum

288 4274 450 4325 genus
473 4256 767 4308 bominum:
791 4247 1182 4313 ταριχοπωλεῖον,
1196 4244 1360 4301 locus,

2336 383 2511 451 1107

1438 543 1530 593 ubl
1549 541 1738 607 τάριχοι
1745 555 1848 593 'seu
1865 534 2182 592 salsamenta
2193 531 2515 611 renduntur,

1438 622 1584 672 cibus
1609 621 1900 672 tenuiorum
1932 626 1989 670 et
2021 619 2352 672 rusticorum.
2416 622 2516 672 Ra-

1436 701 1599 751 deras-

1501 784 1535 829 9
1568 777 1864 841 Fumantia]
1883 776 2045 842 Coqui
2068 775 2198 826 viles
2216 775 2512 830 circuibant

1436 857 1673 923 popinas,
1695 869 1880 905 carnes
1896 860 1953 904 et
1968 854 2074 903 alia
2093 851 2268 902 edulia
2280 853 2513 916 vendenr

1436 943 1538 1000 tes,
1559 942 1616 986 et
1639 934 1921 998 tomacula,
1949 948 2065 999 quae
2088 930 2353 982 farcimina
2376 946 2516 996 quae·

1434 1014 1558 1063 dam
1592 1019 1743 1063 eraut
1784 1026 1851 1061 ex
1890 1009 2133 1060 carnibus
2165 1008 2365 1058 minute
2396 1024 2514 1059 con·

1436 1091 1576 1142 cisis.
1642 1090 1776 1139 Haec
1801 1086 2044 1138 ferebant
2075 1085 2128 1134 in
2163 1085 2279 1135 ollis
2300 1098 2515 1149 cooper-

1438 1169 1524 1226 tis,
1559 1182 1661 1233 quo
1685 1165 1855 1215 calida
1878 1169 2090 1213 essent:
2124 1161 2347 1225 ideoque
2376 1160 2516 1210 dixit

1433 1247 1449 1275 ⁸
1465 1242 1755 1304 fumarrtia,'
1770 1243 1823 1291 id
1840 1247 1939 1302 est,
1956 1252 2197 1302 vaporem
2213 1251 2278 1286 ex
2295 1251 2351 1287 se
2366 1237 2519 1287 emit-

1437 1322 1627 1374 tentia.
1674 1313 1891 1380 Ra'ucus]
1933 1316 2191 1377 Clamore,
2235 1313 2360 1364 dum
2397 1327 2515 1378 pro·

1435 1397 1684 1448 mercalia
1705 1396 1939 1446 clamitat
1960 1392 2203 1441 tomacla.

1503 1477 1565 1522 10
1590 1472 1777 1535 Tepidis
1793 1470 2060 1533 cocus,&c.]
2079 1466 2357 1531 coopertis
2378 1466 2514 1530 ollis,

1436 1552 1521 1600 vel
1556 1548 1896 1599 calefactorio
1928 1545 2172 1610 subjecto
2191 1557 2259 1594 ne
2281 1544 2514 1610 intepes-

1438 1634 1581 1679 cant.

1505 1710 1564 1756 11
1594 1706 1705 1755 Non
1727 1703 1950 1767 optimus,
1973 1698 2077 1764 ξω]
2113 1698 2432 1748 Exodiorum
2456 1705 2512 1749 et

1436 1780 1801 1831 Atellanarum
1843 1785 2015 1839 autor,
2046 1790 2217 1841 neque
2248 1776 2338 1825 ille
2372 1777 2510 1840 opti·

1435 1873 1567 1908 mus.
1589 1859 1673 1907 De
1691 1855 1892 1906 exodiis
1911 1863 1966 1904 et
1984 1852 2243 1909 Atellanis
2260 1851 2379 1901 vide
2394 1867 2511 1917 qun

1437 1939 1502 1989 ad
1526 1938 1769 1991 Juvenal.
1795 1941 1843 1986 3.
1859 1936 1972 1984 Sat.
1998 1937 2110 1985 175.
2131 1937 2187 1982 et
2208 1936 2258 1982 6.
2276 1935 2357 1982 71.
2384 1933 2515 1981 Tur·

1434 2017 1552 2066 neb.
1574 2016 1667 2065 lib.
1693 2018 1743 2063 3.
1768 2028 1886 2076 cap.
1912 2015 1997 2062 1³7.

1502 2096 1563 2142 12
1597 2092 1699 2141 De>
1724 2089 1959 2152 Gadibus,
1996 2085 2105 2152 ilfa]
2167 2085 2273 2138 Qui
2312 2086 2510 2150 puellas

1434 2168 1783 2218 saltatriculas
1815 2181 1845 2216 e
1893 2164 2131 2215 Gadibus
2159 2163 2343 2227 insula,
2382 2164 2511 2214 levi-

1435 2254 1546 2298 tate
1567 2253 1620 2295 et
1653 2244 1863 2294 lascivia
1887 2240 2135 2302 famosas,
2158 2240 2514 2292 circumduce·

1436 2324 1532 2372 bat
1565 2322 1631 2371 ad
1666 2327 1941 2387 quaestum.
2006 2317 2169 2382 Atqui
2213 2317 2299 2371 bic
2336 2318 2513 2381 impro-

1437 2397 1523 2450 bus
1564 2399 1793 2461 magister
1830 2402 1909 2446 est
1952 2392 2303 2460 πορνοβοσκός..
2349 2394 2511 2458 Apud

1436 2477 1671 2529 Comicus
1694 2490 1837 2538 saepe
1870 2474 1885 2501 ‘
1902 2474 2143 2537 Impurus
2166 2473 2284 2522 leno
2301 2471 2316 2494 ’
2343 2472 2405 2538 iis
2429 2477 2514 2521 est

1434 2556 1648 2620 proprie
1670 2549 1914 2615 βδελυρός.
1968 2549 2264 2614 Imm-obus,
2306 2548 2511 2612 ἀναιδὴς,

1434 2628 1821 2691 ἀπονενοημένος.

1502 2713 1563 2759 13
1608 2707 1765 2757 Vetuli
1784 2708 1974 2768 loquax,
1991 2702 2094 2768 ξι]
2116 2700 2400 2752 Perfrictae
2415 2716 2510 2766 per

1432 2800 1487 2835 se
1529 2782 1715 2834 cinaedi
1755 2780 1914 2830 fronti
1953 2778 2123 2828 indies
2158 2778 2385 2842 adauget
2413 2779 2510 2828 im-

1435 2860 1737 2926 pudentiam
1757 2865 1814 2907 et
1832 2858 2202 2923 loquacitatem
2218 2862 2347 2905 aetas
2369 2855 2510 2907 vitiis

1434 2938 1708 2988 indurata:
1744 2934 1836 2985 sed
1877 2941 1933 2983 et
1969 2932 2190 2996 intelligi
2226 2931 2508 2995 potestrde

1435 3013 1784 3064 irrumatione.
1820 3009 1940 3060 vide
1960 3007 2127 3073 epigr.
2151 3011 2234 3058 28.
2258 3008 2295 3059 Ι.
2311 3012 2362 3072 2.
2386 3009 2508 3061 etl.

1437 3096 1517 3143 ιι.
1538 3090 1707 3154 epigr.
1730 3092 1815 3137 62.

1463 3194 1469 3200 ι
1503 3171 1567 3216 14
1601 3165 1761 3221 Quare
1790 3163 1966 3226 desine,
1985 3159 2092 3225 fisa]
2126 3160 2303 3212 Quare
2326 3159 2507 3210 desine

1436 3243 1537 3293 tibi
1577 3242 1744 3291 videri
1784 3240 2011 3290 urbanus
2058 3245 2115 3287 et
2154 3235 2377 3305 facetus,
2420 3239 2511 3303 qui

1434 3319 1765 3384 spurcissima
1781 3319 1900 3374 baec¹
1918 3315 2175 3377 animalia,
2208 3321 2366 3379 atque
2396 3316 2511 3379 ipsa

1435 3396 1582 3446 urbis
1592 3392 1866 3458 καθάρματα
1876 3390 1954 3441 καὶ
1962 3388 2256 3457 “palidum-a
2272 3390 2512 3455 improba

1437 3473 1752 3525 scurrilitate
1776 3474 1927 3534 longe
1953 3483 2184 3532 superes.

1504 3556 1568 3601 16
1615 3550 1819 3599 Galbam
1859 3546 2053 3607 salibus,
2090 3545 2203 3610 mu]
2235 3543 2536 3596 Caecilium.

1438 3630 1662 3680 Galbam
1686 3626 1910 3677 Caesaris
1921 3623 2145 3686 Augusti
2162 3623 2307 3671 illum
2319 3621 2509 3671 morio·

1437 3720 1575 3767 nem,
1594 3704 1680 3769 qui
1694 3705 1746 3752 in
1764 3698 2072 3751 Maecenatis
2094 3698 2310 3761 gratiam
2325 3696 2510 3747 doctus

1437 3787 1553 3831 erat
1573 3779 1809 3843 vigilanti
1838 3782 2064 3827 stertere
2087 3788 2228 3824 naso.
2249 3773 2508 3828 JuwSat.

1435 3865 1483 3910 5.
1506 3872 1637 3908 vers.
1657 3860 1710 3906 4.
2360 3870 2368 3878 ·

1502 3941 1563 3986 17
1592 3934 1758 3984 Possis
1790 3928 1999 3992 vincere]
2030 3929 2107 3978 Te
2141 3940 2308 3991 posse-
2335 3932 2511 3990 putes.

1434 4013 1659 4063 Sextium
1683 4007 1951 4070 Cuballum]
1986 4007 2232 4056 Scurram
2254 4003 2513 4064 dicacem,

1434 4104 1585 4155 quem
1615 4087 1850 4137 Raderus
1873 4084 2097 4140 Sestium
2137 4081 2349 4133 Gallum
2380 4094 2508 4130 vere

1435 4166 1540 4215 diei
1579 4163 1852 4229 putat„de
1891 4174 1994 4225 quo
2027 4157 2324 4211 Suetonius
2352 4171 2398 4209 c.
2423 4159 2505 4207 42.

1435 4240 1652 4294 Tiberii.
