<?xml version="1.0" encoding="UTF-8"?>
<!DOCTYPE html PUBLIC "-//W3C//DTD XHTML 1.0 Transitional//EN"
    "http://www.w3.org/TR/xhtml1/DTD/xhtml1-transitional.dtd">
<html xmlns="http://www.w3.org/1999/xhtml" xml:lang="en" lang="en">
 <head>
  <title>
</title>
<meta http-equiv="Content-Type" content="text/html;charset=utf-8" />
  <meta name='ocr-system' content='tesseract 3.04.00' />
  <meta name='ocr-capabilities' content='ocr_page ocr_carea ocr_par ocr_line ocrx_word'/>
</head>
<body>
  <div class='ocr_page' id='page_1' title='image "./marcivaleriimar09martgoog_0097.png"; bbox 0 0 2985 4937; ppageno 0'>
   <div class='ocr_carea' id='block_1_1' title="bbox 699 427 2121 481">
    <p class='ocr_par' dir='ltr' id='par_1_1' title="bbox 699 427 2121 481">
     <span class='ocr_line' id='line_1_1' title="bbox 699 427 2121 481; baseline 0.003 -5"><span class='ocrx_word' id='word_1_1' title='bbox 699 428 775 476; x_wconf 77' lang='lat' dir='ltr'><strong>M.</strong></span> <span class='ocrx_word' id='word_1_2' title='bbox 825 427 996 476; x_wconf 78' lang='lat' dir='ltr'><strong>vAt..</strong></span> <span class='ocrx_word' id='word_1_3' title='bbox 1044 427 1465 477; x_wconf 75' lang='lat' dir='ltr'><strong>MARTIAMS</strong></span> <span class='ocrx_word' id='word_1_4' title='bbox 1514 428 1763 479; x_wconf 62' lang='lat' dir='ltr'><strong>amon.</strong></span> <span class='ocrx_word' id='word_1_5' title='bbox 1810 430 1956 480; x_wconf 78' lang='lat' dir='ltr'><strong>Lm.</strong></span> <span class='ocrx_word' id='word_1_6' title='bbox 2005 430 2121 481; x_wconf 87' lang='lat'><strong>111.</strong></span> 
     </span>
    </p>
   </div>
   <div class='ocr_carea' id='block_1_2' title="bbox 287 570 1379 2567">
    <p class='ocr_par' dir='ltr' id='par_1_2' title="bbox 287 570 1377 1324">
     <span class='ocr_line' id='line_1_2' title="bbox 302 570 1373 638; baseline 0.004 -19"><span class='ocrx_word' id='word_1_7' title='bbox 302 573 483 621; x_wconf 78' lang='lat' dir='ltr'><strong>natura</strong></span> <span class='ocrx_word' id='word_1_8' title='bbox 504 579 813 633; x_wconf 83' lang='lat' dir='ltr'><strong>negaverat.</strong></span> <span class='ocrx_word' id='word_1_9' title='bbox 880 570 1048 623; x_wconf 63' lang='lat' dir='ltr'><strong>Poeta</strong></span> <span class='ocrx_word' id='word_1_10' title='bbox 1093 570 1233 623; x_wconf 70' lang='grc' dir='ltr'><strong><em>ἄταις</em></strong></span> <span class='ocrx_word' id='word_1_11' title='bbox 1253 586 1373 638; x_wconf 86' lang='lat' dir='ltr'><strong>pro·</strong></span> 
     </span>
     <span class='ocr_line' id='line_1_3' title="bbox 301 632 1369 714; baseline 0.007 -20"><span class='ocrx_word' id='word_1_12' title='bbox 301 632 537 709; x_wconf 67' lang='lat' dir='ltr'><strong>lisshujus</strong></span> <span class='ocrx_word' id='word_1_13' title='bbox 554 645 876 711; x_wconf 64' lang='lat' dir='ltr'><strong>imaginariae</strong></span> <span class='ocrx_word' id='word_1_14' title='bbox 890 650 980 713; x_wconf 86' lang='lat' dir='ltr'><strong>jus</strong></span> <span class='ocrx_word' id='word_1_15' title='bbox 1009 649 1074 700; x_wconf 85' lang='lat' dir='ltr'><strong>ab</strong></span> <span class='ocrx_word' id='word_1_16' title='bbox 1111 650 1249 713; x_wconf 88' lang='lat' dir='ltr'><strong>Imp.</strong></span> <span class='ocrx_word' id='word_1_17' title='bbox 1276 663 1369 714; x_wconf 80' lang='lat' dir='ltr'><strong>pe·</strong></span> 
     </span>
     <span class='ocr_line' id='line_1_4' title="bbox 301 722 1377 789; baseline 0.006 -19"><span class='ocrx_word' id='word_1_18' title='bbox 301 723 383 783; x_wconf 85' lang='lat' dir='ltr'><strong>tit,</strong></span> <span class='ocrx_word' id='word_1_19' title='bbox 402 722 598 773; x_wconf 84' lang='lat' dir='ltr'><strong>laboris</strong></span> <span class='ocrx_word' id='word_1_20' title='bbox 625 724 702 773; x_wconf 85' lang='lat' dir='ltr'><strong>sui</strong></span> <span class='ocrx_word' id='word_1_21' title='bbox 722 725 990 789; x_wconf 70' lang='lat' dir='ltr'><strong>praemium</strong></span> <span class='ocrx_word' id='word_1_22' title='bbox 1009 727 1091 775; x_wconf 85' lang='lat' dir='ltr'><strong>vel</strong></span> <span class='ocrx_word' id='word_1_23' title='bbox 1108 727 1377 781; x_wconf 55' lang='lat' dir='ltr'><strong>solatium.</strong></span> 
     </span>
     <span class='ocr_line' id='line_1_5' title="bbox 302 795 1371 865; baseline 0.007 -20"><span class='ocrx_word' id='word_1_24' title='bbox 302 795 439 848; x_wconf 88' lang='lat' dir='ltr'><strong>Plin.</strong></span> <span class='ocrx_word' id='word_1_25' title='bbox 466 798 560 848; x_wconf 89' lang='lat' dir='ltr'><strong>lib.</strong></span> <span class='ocrx_word' id='word_1_26' title='bbox 588 804 668 850; x_wconf 88' lang='lat'><strong>10.</strong></span> <span class='ocrx_word' id='word_1_27' title='bbox 688 801 841 863; x_wconf 80' lang='lat' dir='ltr'><strong>epist.</strong></span> <span class='ocrx_word' id='word_1_28' title='bbox 893 802 909 828; x_wconf 90' lang='lat'>‘</span> <span class='ocrx_word' id='word_1_29' title='bbox 929 802 1237 865; x_wconf 76' lang='lat' dir='ltr'><strong>Exprimere</strong></span> <span class='ocrx_word' id='word_1_30' title='bbox 1262 800 1371 853; x_wconf 88' lang='lat' dir='ltr'><strong>Do·</strong></span> 
     </span>
     <span class='ocr_line' id='line_1_6' title="bbox 300 875 1371 944; baseline 0.004 -20"><span class='ocrx_word' id='word_1_31' title='bbox 300 875 435 925; x_wconf 80' lang='lat' dir='ltr'><strong>mine</strong></span> <span class='ocrx_word' id='word_1_32' title='bbox 471 876 645 927; x_wconf 82' lang='lat' dir='ltr'><strong>verbis</strong></span> <span class='ocrx_word' id='word_1_33' title='bbox 689 891 791 926; x_wconf 85' lang='lat' dir='ltr'><strong>non</strong></span> <span class='ocrx_word' id='word_1_34' title='bbox 844 893 1073 942; x_wconf 85' lang='lat' dir='ltr'><strong>possum,</strong></span> <span class='ocrx_word' id='word_1_35' title='bbox 1122 885 1371 944; x_wconf 82' lang='lat' dir='ltr'><strong>quantum</strong></span> 
     </span>
     <span class='ocr_line' id='line_1_7' title="bbox 296 953 1371 1022; baseline 0.003 -19"><span class='ocrx_word' id='word_1_36' title='bbox 296 953 421 1003; x_wconf 87' lang='lat' dir='ltr'><strong>mihi</strong></span> <span class='ocrx_word' id='word_1_37' title='bbox 441 954 696 1018; x_wconf 86' lang='lat' dir='ltr'><strong>gaudium</strong></span> <span class='ocrx_word' id='word_1_38' title='bbox 716 956 971 1019; x_wconf 91' lang='lat' dir='ltr'><strong>attulerit,</strong></span> <span class='ocrx_word' id='word_1_39' title='bbox 992 955 1130 1021; x_wconf 89' lang='lat' dir='ltr'><strong>quod</strong></span> <span class='ocrx_word' id='word_1_40' title='bbox 1156 972 1238 1006; x_wconf 90' lang='lat' dir='ltr'><strong>me</strong></span> <span class='ocrx_word' id='word_1_41' title='bbox 1259 956 1371 1022; x_wconf 78' lang='lat' dir='ltr'><strong>dig·</strong></span> 
     </span>
     <span class='ocr_line' id='line_1_8' title="bbox 299 1031 1369 1096; baseline 0.004 -16"><span class='ocrx_word' id='word_1_42' title='bbox 299 1044 419 1080; x_wconf 83' lang='lat' dir='ltr'><strong>uum</strong></span> <span class='ocrx_word' id='word_1_43' title='bbox 466 1031 671 1095; x_wconf 85' lang='lat' dir='ltr'><strong>putasti</strong></span> <span class='ocrx_word' id='word_1_44' title='bbox 693 1033 815 1096; x_wconf 85' lang='lat' dir='ltr'><strong>jure</strong></span> <span class='ocrx_word' id='word_1_45' title='bbox 854 1033 1009 1082; x_wconf 87' lang='lat' dir='ltr'><strong>trium</strong></span> <span class='ocrx_word' id='word_1_46' title='bbox 1050 1031 1369 1084; x_wconf 64' lang='lat' dir='ltr'><strong>liberorum!</strong></span> 
     </span>
     <span class='ocr_line' id='line_1_9' title="bbox 287 1107 1373 1175; baseline 0.001 -15"><span class='ocrx_word' id='word_1_47' title='bbox 287 1107 380 1160; x_wconf 73' lang='grc' dir='ltr'><strong>,Εκ</strong></span> <span class='ocrx_word' id='word_1_48' title='bbox 425 1122 532 1173; x_wconf 89' lang='lat' dir='ltr'><strong>quo</strong></span> <span class='ocrx_word' id='word_1_49' title='bbox 571 1108 835 1173; x_wconf 82' lang='lat' dir='ltr'><strong>intelliges</strong></span> <span class='ocrx_word' id='word_1_50' title='bbox 872 1125 967 1174; x_wconf 89' lang='lat' dir='ltr'><strong>pro</strong></span> <span class='ocrx_word' id='word_1_51' title='bbox 990 1110 1237 1175; x_wconf 80' lang='lat' dir='ltr'><strong>singulari</strong></span> <span class='ocrx_word' id='word_1_52' title='bbox 1258 1126 1373 1161; x_wconf 81' lang='lat' dir='ltr'><strong>mu-</strong></span> 
     </span>
     <span class='ocr_line' id='line_1_10' title="bbox 298 1185 1367 1239; baseline 0.006 -6"><span class='ocrx_word' id='word_1_53' title='bbox 298 1198 423 1235; x_wconf 85' lang='lat' dir='ltr'><strong>nere</strong></span> <span class='ocrx_word' id='word_1_54' title='bbox 469 1185 642 1234; x_wconf 85' lang='lat' dir='ltr'><strong>claros</strong></span> <span class='ocrx_word' id='word_1_55' title='bbox 669 1194 869 1236; x_wconf 86' lang='lat' dir='ltr'><strong>tantum</strong></span> <span class='ocrx_word' id='word_1_56' title='bbox 907 1188 1044 1237; x_wconf 87' lang='lat' dir='ltr'><strong>viros</strong></span> <span class='ocrx_word' id='word_1_57' title='bbox 1069 1186 1120 1236; x_wconf 88' lang='lat' dir='ltr'><strong>id</strong></span> <span class='ocrx_word' id='word_1_58' title='bbox 1160 1189 1367 1239; x_wconf 80' lang='lat' dir='ltr'><strong>honoris</strong></span> 
     </span>
     <span class='ocr_line' id='line_1_11' title="bbox 298 1261 1063 1324; baseline 0.008 -15"><span class='ocrx_word' id='word_1_59' title='bbox 298 1265 352 1310; x_wconf 85' lang='lat' dir='ltr'><strong>et</strong></span> <span class='ocrx_word' id='word_1_60' title='bbox 373 1261 580 1324; x_wconf 78' lang='lat' dir='ltr'><strong>praemii</strong></span> <span class='ocrx_word' id='word_1_61' title='bbox 601 1271 908 1314; x_wconf 86' lang='lat' dir='ltr'><strong>consecutos</strong></span> <span class='ocrx_word' id='word_1_62' title='bbox 930 1278 1063 1314; x_wconf 84' lang='lat' dir='ltr'><strong>esse.</strong></span> 
     </span>
    </p>

    <p class='ocr_par' dir='ltr' id='par_1_3' title="bbox 296 1338 1377 1787">
     <span class='ocr_line' id='line_1_12' title="bbox 364 1338 1368 1402; baseline 0.002 -16"><span class='ocrx_word' id='word_1_63' title='bbox 364 1341 396 1387; x_wconf 83' lang='grc'><strong>7</strong></span> <span class='ocrx_word' id='word_1_64' title='bbox 430 1338 618 1387; x_wconf 71' lang='lat' dir='ltr'><strong>Solatia</strong></span> <span class='ocrx_word' id='word_1_65' title='bbox 658 1339 814 1402; x_wconf 78' lang='lat' dir='ltr'><strong>nobis]</strong></span> <span class='ocrx_word' id='word_1_66' title='bbox 847 1340 1009 1390; x_wconf 73' lang='lat' dir='ltr'><strong>Livia».</strong></span> <span class='ocrx_word' id='word_1_67' title='bbox 1046 1340 1223 1390; x_wconf 86' lang='lat' dir='ltr'><strong>Druso</strong></span> <span class='ocrx_word' id='word_1_68' title='bbox 1259 1339 1368 1390; x_wconf 84' lang='lat' dir='ltr'><strong>filio</strong></span> 
     </span>
     <span class='ocr_line' id='line_1_13' title="bbox 303 1415 1373 1482; baseline 0.004 -19"><span class='ocrx_word' id='word_1_69' title='bbox 303 1415 563 1477; x_wconf 85' lang='lat' dir='ltr'><strong>extincto,</strong></span> <span class='ocrx_word' id='word_1_70' title='bbox 603 1415 784 1467; x_wconf 87' lang='lat' dir='ltr'><strong>datum</strong></span> <span class='ocrx_word' id='word_1_71' title='bbox 825 1425 908 1467; x_wconf 84' lang='lat' dir='ltr'><strong>est</strong></span> <span class='ocrx_word' id='word_1_72' title='bbox 930 1417 1029 1468; x_wconf 87' lang='lat' dir='ltr'><strong>hoc</strong></span> <span class='ocrx_word' id='word_1_73' title='bbox 1062 1418 1171 1482; x_wconf 86' lang='lat' dir='ltr'><strong>jus,</strong></span> <span class='ocrx_word' id='word_1_74' title='bbox 1193 1416 1373 1467; x_wconf 86' lang='lat' dir='ltr'><strong>solatii</strong></span> 
     </span>
     <span class='ocr_line' id='line_1_14' title="bbox 301 1492 1371 1556; baseline 0 -14"><span class='ocrx_word' id='word_1_75' title='bbox 301 1506 467 1556; x_wconf 62' lang='grc' dir='ltr'>οπεος</span> <span class='ocrx_word' id='word_1_76' title='bbox 523 1500 580 1543; x_wconf 91' lang='lat' dir='ltr'><strong>et</strong></span> <span class='ocrx_word' id='word_1_77' title='bbox 613 1492 667 1542; x_wconf 87' lang='lat' dir='ltr'><strong>in</strong></span> <span class='ocrx_word' id='word_1_78' title='bbox 703 1494 1076 1544; x_wconf 69' lang='lat' dir='ltr'><strong>certaminibus</strong></span> <span class='ocrx_word' id='word_1_79' title='bbox 1109 1492 1371 1544; x_wconf 75' lang='lat' dir='ltr'><strong>dabantur</strong></span> 
     </span>
     <span class='ocr_line' id='line_1_15' title="bbox 296 1568 1375 1634; baseline 0.002 -17"><span class='ocrx_word' id='word_1_80' title='bbox 296 1568 610 1634; x_wconf 84' lang='lat' dir='ltr'><strong>quandoque</strong></span> <span class='ocrx_word' id='word_1_81' title='bbox 630 1568 783 1619; x_wconf 83' lang='lat' dir='ltr'><strong>victis</strong></span> <span class='ocrx_word' id='word_1_82' title='bbox 799 1569 938 1619; x_wconf 83' lang='lat' dir='ltr'><strong>dona</strong></span> <span class='ocrx_word' id='word_1_83' title='bbox 953 1570 1004 1619; x_wconf 89' lang='lat' dir='ltr'><strong>in</strong></span> <span class='ocrx_word' id='word_1_84' title='bbox 1017 1570 1222 1619; x_wconf 84' lang='lat' dir='ltr'><strong>solatia.</strong></span> <span class='ocrx_word' id='word_1_85' title='bbox 1244 1570 1375 1619; x_wconf 84' lang='lat' dir='ltr'><strong>‘En-</strong></span> 
     </span>
     <span class='ocr_line' id='line_1_16' title="bbox 299 1645 1377 1713; baseline 0.002 -20"><span class='ocrx_word' id='word_1_86' title='bbox 299 1656 409 1695; x_wconf 83' lang='lat' dir='ltr'><strong>sem</strong></span> <span class='ocrx_word' id='word_1_87' title='bbox 432 1650 594 1710; x_wconf 85' lang='lat' dir='ltr'><strong>atque</strong></span> <span class='ocrx_word' id='word_1_88' title='bbox 632 1645 887 1710; x_wconf 82' lang='lat' dir='ltr'><strong>insignem</strong></span> <span class='ocrx_word' id='word_1_89' title='bbox 930 1647 1152 1711; x_wconf 76' lang='lat' dir='ltr'><strong>galeam,</strong></span> <span class='ocrx_word' id='word_1_90' title='bbox 1185 1646 1377 1713; x_wconf 79' lang='lat' dir='ltr'><strong>solatia</strong></span> 
     </span>
     <span class='ocr_line' id='line_1_17' title="bbox 301 1721 885 1787; baseline 0.003 -15"><span class='ocrx_word' id='word_1_91' title='bbox 301 1721 482 1772; x_wconf 67' lang='lat' dir='ltr'><strong>victo!</strong></span> <span class='ocrx_word' id='word_1_92' title='bbox 517 1723 670 1787; x_wconf 83' lang='lat' dir='ltr'><strong>Virg.</strong></span> <span class='ocrx_word' id='word_1_93' title='bbox 692 1730 743 1774; x_wconf 83' lang='lat'><strong>5.</strong></span> <span class='ocrx_word' id='word_1_94' title='bbox 768 1723 885 1774; x_wconf 83' lang='lat' dir='ltr'><strong>AEn.</strong></span> 
     </span>
    </p>

    <p class='ocr_par' dir='ltr' id='par_1_4' title="bbox 302 1804 1377 2103">
     <span class='ocr_line' id='line_1_18' title="bbox 364 1804 1375 1870; baseline -0.001 -14"><span class='ocrx_word' id='word_1_95' title='bbox 364 1805 538 1856; x_wconf 74' lang='lat' dir='ltr'><strong>Eme.</strong></span> <span class='ocrx_word' id='word_1_96' title='bbox 574 1817 712 1855; x_wconf 83' lang='lat' dir='ltr'><strong>xcu.</strong></span> <span class='ocrx_word' id='word_1_97' title='bbox 747 1808 774 1855; x_wconf 93' lang='lat'>1</span> <span class='ocrx_word' id='word_1_98' title='bbox 812 1806 1075 1867; x_wconf 71' lang='lat' dir='ltr'><strong>Natorum,</strong></span> <span class='ocrx_word' id='word_1_99' title='bbox 1109 1804 1219 1870; x_wconf 51' lang='grc' dir='ltr'><strong>εγω]</strong></span> <span class='ocrx_word' id='word_1_100' title='bbox 1251 1804 1375 1857; x_wconf 91' lang='lat' dir='ltr'><strong>Pla-</strong></span> 
     </span>
     <span class='ocr_line' id='line_1_19' title="bbox 302 1881 1377 1948; baseline 0.003 -18"><span class='ocrx_word' id='word_1_101' title='bbox 302 1881 473 1931; x_wconf 78' lang='lat' dir='ltr'><strong>cnisse</strong></span> <span class='ocrx_word' id='word_1_102' title='bbox 496 1881 725 1931; x_wconf 90' lang='lat' dir='ltr'><strong>carmina</strong></span> <span class='ocrx_word' id='word_1_103' title='bbox 762 1882 985 1947; x_wconf 82' lang='lat' dir='ltr'><strong>principi</strong></span> <span class='ocrx_word' id='word_1_104' title='bbox 1021 1882 1167 1945; x_wconf 86' lang='lat' dir='ltr'><strong>dicit,</strong></span> <span class='ocrx_word' id='word_1_105' title='bbox 1208 1896 1377 1948; x_wconf 82' lang='lat' dir='ltr'><strong>eoque</strong></span> 
     </span>
     <span class='ocr_line' id='line_1_20' title="bbox 304 1958 1372 2024; baseline -0.001 -15"><span class='ocrx_word' id='word_1_106' title='bbox 304 1959 578 2024; x_wconf 73' lang='lat' dir='ltr'><strong>praemium</strong></span> <span class='ocrx_word' id='word_1_107' title='bbox 601 1960 870 2023; x_wconf 78' lang='lat' dir='ltr'><strong>accepisse</strong></span> <span class='ocrx_word' id='word_1_108' title='bbox 888 1959 973 2021; x_wconf 80' lang='lat' dir='ltr'><strong>jus</strong></span> <span class='ocrx_word' id='word_1_109' title='bbox 996 1960 1154 2009; x_wconf 86' lang='lat' dir='ltr'><strong>trium</strong></span> <span class='ocrx_word' id='word_1_110' title='bbox 1184 1958 1372 2012; x_wconf 84' lang='lat' dir='ltr'><strong>libero·</strong></span> 
     </span>
     <span class='ocr_line' id='line_1_21' title="bbox 303 2037 1243 2103; baseline 0.002 -15"><span class='ocrx_word' id='word_1_111' title='bbox 303 2051 439 2088; x_wconf 85' lang='lat' dir='ltr'><strong>rum.</strong></span> <span class='ocrx_word' id='word_1_112' title='bbox 473 2037 656 2090; x_wconf 79' lang='lat' dir='ltr'><strong>Rader.</strong></span> <span class='ocrx_word' id='word_1_113' title='bbox 721 2037 1055 2090; x_wconf 77' lang='lat' dir='ltr'><strong>Proecedenti</strong></span> <span class='ocrx_word' id='word_1_114' title='bbox 1076 2038 1243 2103; x_wconf 80' lang='lat' dir='ltr'><strong>epigr.</strong></span> 
     </span>
    </p>

    <p class='ocr_par' dir='ltr' id='par_1_5' title="bbox 304 2115 1379 2567">
     <span class='ocr_line' id='line_1_22' title="bbox 366 2115 1379 2181; baseline 0.002 -15"><span class='ocrx_word' id='word_1_115' title='bbox 366 2120 399 2166; x_wconf 70' lang='lat'>3</span> <span class='ocrx_word' id='word_1_116' title='bbox 462 2116 657 2167; x_wconf 75' lang='lat' dir='ltr'><strong>Valebia</strong></span> <span class='ocrx_word' id='word_1_117' title='bbox 706 2115 854 2179; x_wconf 74' lang='lat' dir='ltr'><strong>uxor]</strong></span> <span class='ocrx_word' id='word_1_118' title='bbox 918 2116 1237 2181; x_wconf 80' lang='lat' dir='ltr'><strong>Repudiata,</strong></span> <span class='ocrx_word' id='word_1_119' title='bbox 1292 2117 1379 2168; x_wconf 83' lang='lat' dir='ltr'><strong>vel</strong></span> 
     </span>
     <span class='ocr_line' id='line_1_23' title="bbox 304 2193 1377 2259; baseline 0.003 -17"><span class='ocrx_word' id='word_1_120' title='bbox 304 2200 549 2255; x_wconf 80' lang='lat' dir='ltr'><strong>mortua3</strong></span> <span class='ocrx_word' id='word_1_121' title='bbox 601 2193 685 2242; x_wconf 84' lang='lat' dir='ltr'><strong>vel</strong></span> <span class='ocrx_word' id='word_1_122' title='bbox 727 2193 986 2257; x_wconf 79' lang='lat' dir='ltr'><strong>neglecta.</strong></span> <span class='ocrx_word' id='word_1_123' title='bbox 1032 2208 1201 2259; x_wconf 86' lang='lat' dir='ltr'><strong>neque</strong></span> <span class='ocrx_word' id='word_1_124' title='bbox 1239 2193 1377 2245; x_wconf 83' lang='lat' dir='ltr'><strong>enim</strong></span> 
     </span>
     <span class='ocr_line' id='line_1_24' title="bbox 305 2270 1374 2336; baseline -0.001 -15"><span class='ocrx_word' id='word_1_125' title='bbox 305 2285 433 2321; x_wconf 84' lang='lat' dir='ltr'><strong>curo</strong></span> <span class='ocrx_word' id='word_1_126' title='bbox 460 2286 530 2320; x_wconf 86' lang='lat' dir='ltr'><strong>ex</strong></span> <span class='ocrx_word' id='word_1_127' title='bbox 553 2276 606 2320; x_wconf 92' lang='lat' dir='ltr'><strong>te</strong></span> <span class='ocrx_word' id='word_1_128' title='bbox 629 2270 832 2334; x_wconf 83' lang='lat' dir='ltr'><strong>prolem</strong></span> <span class='ocrx_word' id='word_1_129' title='bbox 851 2285 868 2332; x_wconf 88' lang='lat'>;</span> <span class='ocrx_word' id='word_1_130' title='bbox 890 2271 1055 2334; x_wconf 74' lang='lat' dir='ltr'><strong>magis</strong></span> <span class='ocrx_word' id='word_1_131' title='bbox 1080 2273 1256 2335; x_wconf 89' lang='lat' dir='ltr'><strong>placet</strong></span> <span class='ocrx_word' id='word_1_132' title='bbox 1284 2271 1374 2336; x_wconf 84' lang='lat' dir='ltr'><strong>jus</strong></span> 
     </span>
     <span class='ocr_line' id='line_1_25' title="bbox 307 2346 1379 2413; baseline 0.001 -16"><span class='ocrx_word' id='word_1_133' title='bbox 307 2346 462 2399; x_wconf 83' lang='lat' dir='ltr'><strong>trium</strong></span> <span class='ocrx_word' id='word_1_134' title='bbox 497 2346 782 2399; x_wconf 84' lang='lat' dir='ltr'><strong>liberorum</strong></span> <span class='ocrx_word' id='word_1_135' title='bbox 826 2348 955 2398; x_wconf 82' lang='lat' dir='ltr'><strong>mihi</strong></span> <span class='ocrx_word' id='word_1_136' title='bbox 993 2348 1061 2398; x_wconf 86' lang='lat' dir='ltr'><strong>ab</strong></span> <span class='ocrx_word' id='word_1_137' title='bbox 1086 2349 1222 2413; x_wconf 82' lang='lat' dir='ltr'><strong>Imp.</strong></span> <span class='ocrx_word' id='word_1_138' title='bbox 1263 2363 1379 2399; x_wconf 88' lang='lat' dir='ltr'><strong>ero·</strong></span> 
     </span>
     <span class='ocr_line' id='line_1_26' title="bbox 306 2424 1378 2491; baseline 0.003 -17"><span class='ocrx_word' id='word_1_139' title='bbox 306 2430 508 2489; x_wconf 75' lang='lat' dir='ltr'><strong>gatum.</strong></span> <span class='ocrx_word' id='word_1_140' title='bbox 572 2424 694 2489; x_wconf 87' lang='lat' dir='ltr'><strong>Vel,</strong></span> <span class='ocrx_word' id='word_1_141' title='bbox 731 2424 862 2475; x_wconf 85' lang='lat' dir='ltr'><strong>nihil</strong></span> <span class='ocrx_word' id='word_1_142' title='bbox 900 2425 1013 2491; x_wconf 86' lang='lat' dir='ltr'><strong>jam</strong></span> <span class='ocrx_word' id='word_1_143' title='bbox 1048 2425 1172 2478; x_wconf 77' lang='lat' dir='ltr'><strong>mihi</strong></span> <span class='ocrx_word' id='word_1_144' title='bbox 1213 2439 1378 2478; x_wconf 82' lang='lat' dir='ltr'><strong>uxore</strong></span> 
     </span>
     <span class='ocr_line' id='line_1_27' title="bbox 307 2501 1374 2567; baseline 0.003 -18"><span class='ocrx_word' id='word_1_145' title='bbox 307 2514 475 2565; x_wconf 78' lang='lat' dir='ltr'><strong>opas:</strong></span> <span class='ocrx_word' id='word_1_146' title='bbox 521 2501 717 2566; x_wconf 85' lang='lat' dir='ltr'><strong>quippe</strong></span> <span class='ocrx_word' id='word_1_147' title='bbox 738 2501 782 2552; x_wconf 85' lang='lat' dir='ltr'><strong>si</strong></span> <span class='ocrx_word' id='word_1_148' title='bbox 804 2516 871 2552; x_wconf 85' lang='lat' dir='ltr'><strong>ex</strong></span> <span class='ocrx_word' id='word_1_149' title='bbox 893 2510 947 2554; x_wconf 90' lang='lat' dir='ltr'><strong>te</strong></span> <span class='ocrx_word' id='word_1_150' title='bbox 971 2502 1294 2567; x_wconf 75' lang='lat' dir='ltr'><strong>susciperem</strong></span> <span class='ocrx_word' id='word_1_151' title='bbox 1314 2503 1374 2552; x_wconf 87' lang='lat' dir='ltr'><strong>li-</strong></span> 
     </span>
    </p>
   </div>
   <div class='ocr_carea' id='block_1_3' title="bbox 306 2577 1421 2642">
    <p class='ocr_par' dir='ltr' id='par_1_6' title="bbox 306 2577 1421 2642">
     <span class='ocr_line' id='line_1_28' title="bbox 306 2577 1421 2642; baseline 0.002 -15"><span class='ocrx_word' id='word_1_152' title='bbox 306 2577 486 2639; x_wconf 82' lang='lat' dir='ltr'><strong>beros,</strong></span> <span class='ocrx_word' id='word_1_153' title='bbox 497 2578 610 2642; x_wconf 85' lang='lat' dir='ltr'><strong>jam</strong></span> <span class='ocrx_word' id='word_1_154' title='bbox 643 2577 852 2629; x_wconf 87' lang='lat' dir='ltr'><strong>domino</strong></span> <span class='ocrx_word' id='word_1_155' title='bbox 874 2593 1057 2630; x_wconf 73' lang='lat' dir='ltr'><strong>munus</strong></span> <span class='ocrx_word' id='word_1_156' title='bbox 1077 2579 1206 2630; x_wconf 86' lang='lat' dir='ltr'><strong>illud</strong></span> <span class='ocrx_word' id='word_1_157' title='bbox 1229 2594 1378 2630; x_wconf 84' lang='lat' dir='ltr'><strong>suum</strong></span> <span class='ocrx_word' id='word_1_158' title='bbox 1417 2619 1421 2624; x_wconf 84' lang='grc'><em>.</em></span> 
     </span>
    </p>
   </div>
   <div class='ocr_carea' id='block_1_4' title="bbox 308 2653 1382 3104">
    <p class='ocr_par' dir='ltr' id='par_1_7' title="bbox 308 2653 1382 3104">
     <span class='ocr_line' id='line_1_29' title="bbox 310 2653 1378 2719; baseline 0.004 -15"><span class='ocrx_word' id='word_1_159' title='bbox 310 2656 533 2719; x_wconf 86' lang='lat' dir='ltr'><strong>periret,</strong></span> <span class='ocrx_word' id='word_1_160' title='bbox 553 2665 648 2705; x_wconf 76' lang='lat' dir='ltr'><strong>seu</strong></span> <span class='ocrx_word' id='word_1_161' title='bbox 665 2653 860 2708; x_wconf 81' lang='lat' dir='ltr'><strong>frustra</strong></span> <span class='ocrx_word' id='word_1_162' title='bbox 877 2654 929 2705; x_wconf 89' lang='lat' dir='ltr'><strong>id</strong></span> <span class='ocrx_word' id='word_1_163' title='bbox 965 2656 1215 2707; x_wconf 75' lang='lat' dir='ltr'><strong>dedisset.</strong></span> <span class='ocrx_word' id='word_1_164' title='bbox 1257 2657 1378 2708; x_wconf 79' lang='lat' dir='ltr'><strong>Hoc</strong></span> 
     </span>
     <span class='ocr_line' id='line_1_30' title="bbox 308 2729 1382 2798; baseline 0.002 -15"><span class='ocrx_word' id='word_1_165' title='bbox 308 2740 482 2783; x_wconf 80' lang='lat' dir='ltr'><strong>autem</strong></span> <span class='ocrx_word' id='word_1_166' title='bbox 517 2729 894 2797; x_wconf 86' lang='lat' dir='ltr'><strong>quodammodo</strong></span> <span class='ocrx_word' id='word_1_167' title='bbox 916 2747 1137 2798; x_wconf 89' lang='lat' dir='ltr'><strong>peccare</strong></span> <span class='ocrx_word' id='word_1_168' title='bbox 1159 2740 1304 2784; x_wconf 80' lang='lat' dir='ltr'><strong>esset</strong></span> <span class='ocrx_word' id='word_1_169' title='bbox 1326 2733 1382 2785; x_wconf 85' lang='lat' dir='ltr'><strong>in</strong></span> 
     </span>
     <span class='ocr_line' id='line_1_31' title="bbox 310 2807 1382 2875; baseline 0.002 -15"><span class='ocrx_word' id='word_1_170' title='bbox 310 2808 596 2870; x_wconf 85' lang='lat' dir='ltr'><strong>domiuum,</strong></span> <span class='ocrx_word' id='word_1_171' title='bbox 639 2814 697 2859; x_wconf 91' lang='lat' dir='ltr'><strong>et</strong></span> <span class='ocrx_word' id='word_1_172' title='bbox 729 2807 1136 2860; x_wconf 83' lang='lat' dir='ltr'><strong>munificentiam</strong></span> <span class='ocrx_word' id='word_1_173' title='bbox 1170 2811 1286 2875; x_wconf 81' lang='lat' dir='ltr'><strong>ejus</strong></span> <span class='ocrx_word' id='word_1_174' title='bbox 1320 2825 1382 2862; x_wconf 83' lang='lat' dir='ltr'><strong>ac</strong></span> 
     </span>
     <span class='ocr_line' id='line_1_32' title="bbox 311 2882 1221 2937; baseline 0.001 -1"><span class='ocrx_word' id='word_1_175' title='bbox 311 2883 627 2936; x_wconf 84' lang='lat' dir='ltr'><strong>beneficium</strong></span> <span class='ocrx_word' id='word_1_176' title='bbox 649 2882 949 2935; x_wconf 84' lang='lat' dir='ltr'><strong>obliterare.</strong></span> <span class='ocrx_word' id='word_1_177' title='bbox 982 2885 1221 2937; x_wconf 69' lang='lat' dir='ltr'><strong>Musonio.</strong></span> 
     </span>
     <span class='ocr_line' id='line_1_33' title="bbox 373 2961 1285 3027; baseline 0.001 -14"><span class='ocrx_word' id='word_1_178' title='bbox 373 2966 407 3013; x_wconf 81' lang='grc'><strong>4</strong></span> <span class='ocrx_word' id='word_1_179' title='bbox 446 2961 670 3025; x_wconf 71' lang='lat' dir='ltr'><strong>Domini,</strong></span> <span class='ocrx_word' id='word_1_180' title='bbox 689 2962 797 3026; x_wconf 56' lang='grc' dir='ltr'><strong>ξω]</strong></span> <span class='ocrx_word' id='word_1_181' title='bbox 830 2962 1120 3014; x_wconf 76' lang='lat' dir='ltr'><strong>Domitian.</strong></span> <span class='ocrx_word' id='word_1_182' title='bbox 1144 2963 1285 3027; x_wconf 86' lang='lat' dir='ltr'><strong>Imp.</strong></span> 
     </span>
     <span class='ocr_line' id='line_1_34' title="bbox 377 3039 1382 3104; baseline 0.003 -16"><span class='ocrx_word' id='word_1_183' title='bbox 377 3039 547 3089; x_wconf 67' lang='lat' dir='ltr'><strong>Erro.</strong></span> <span class='ocrx_word' id='word_1_184' title='bbox 589 3052 749 3091; x_wconf 83' lang='lat' dir='ltr'><strong>xcru.</strong></span> <span class='ocrx_word' id='word_1_185' title='bbox 784 3044 808 3089; x_wconf 85' lang='lat'>1</span> <span class='ocrx_word' id='word_1_186' title='bbox 848 3040 1188 3104; x_wconf 46' lang='lat' dir='ltr'><strong>Pdmualsa]</strong></span> <span class='ocrx_word' id='word_1_187' title='bbox 1223 3040 1382 3092; x_wconf 87' lang='lat' dir='ltr'><strong>Hunc</strong></span> 
     </span>
    </p>
   </div>
   <div class='ocr_carea' id='block_1_5' title="bbox 2338 417 2512 484">
    <p class='ocr_par' dir='ltr' id='par_1_8' title="bbox 2338 417 2512 484">
     <span class='ocr_line' id='line_1_35' title="bbox 2338 417 2512 484; baseline 0.011 -2"><span class='ocrx_word' id='word_1_188' title='bbox 2338 417 2512 484; x_wconf 79' lang='lat'>1163</span> 
     </span>
    </p>
   </div>
   <div class='ocr_carea' id='block_1_6' title="bbox 1449 572 2531 2563">
    <p class='ocr_par' dir='ltr' id='par_1_9' title="bbox 1449 572 2531 2563">
     <span class='ocr_line' id='line_1_36' title="bbox 1450 572 2519 641; baseline 0.001 -16"><span class='ocrx_word' id='word_1_189' title='bbox 1450 572 1735 625; x_wconf 70' lang='lat' dir='ltr'><strong>secuudum</strong></span> <span class='ocrx_word' id='word_1_190' title='bbox 1777 574 1888 626; x_wconf 88' lang='lat' dir='ltr'><strong>sine</strong></span> <span class='ocrx_word' id='word_1_191' title='bbox 1923 575 2092 639; x_wconf 81' lang='lat' dir='ltr'><strong>primo</strong></span> <span class='ocrx_word' id='word_1_192' title='bbox 2122 575 2266 627; x_wconf 77' lang='lat' dir='ltr'><strong>misit</strong></span> <span class='ocrx_word' id='word_1_193' title='bbox 2311 576 2519 641; x_wconf 76' lang='lat' dir='ltr'><strong>Regulo</strong></span> 
     </span>
     <span class='ocr_line' id='line_1_37' title="bbox 1449 652 2516 717; baseline 0.002 -16"><span class='ocrx_word' id='word_1_194' title='bbox 1449 652 1723 713; x_wconf 79' lang='lat' dir='ltr'><strong>Valerius;</strong></span> <span class='ocrx_word' id='word_1_195' title='bbox 1791 652 1878 702; x_wconf 87' lang='lat' dir='ltr'><strong>cni</strong></span> <span class='ocrx_word' id='word_1_196' title='bbox 1921 653 2144 717; x_wconf 82' lang='lat' dir='ltr'><strong>primum</strong></span> <span class='ocrx_word' id='word_1_197' title='bbox 2192 653 2516 704; x_wconf 76' lang='lat' dir='ltr'><strong>desideranti</strong></span> 
     </span>
     <span class='ocr_line' id='line_1_38' title="bbox 1451 728 2518 795; baseline 0.002 -18"><span class='ocrx_word' id='word_1_198' title='bbox 1451 736 1668 778; x_wconf 83' lang='lat' dir='ltr'><strong>excusat</strong></span> <span class='ocrx_word' id='word_1_199' title='bbox 1690 728 1877 790; x_wconf 68' lang='lat' dir='ltr'><strong>Poeta,</strong></span> <span class='ocrx_word' id='word_1_200' title='bbox 1900 729 2086 779; x_wconf 88' lang='lat' dir='ltr'><strong>librum</strong></span> <span class='ocrx_word' id='word_1_201' title='bbox 2128 731 2284 795; x_wconf 83' lang='lat' dir='ltr'><strong>paulo</strong></span> <span class='ocrx_word' id='word_1_202' title='bbox 2316 730 2518 781; x_wconf 82' lang='lat' dir='ltr'><strong>obscoe-</strong></span> 
     </span>
     <span class='ocr_line' id='line_1_39' title="bbox 1452 805 2515 872; baseline 0.001 -16"><span class='ocrx_word' id='word_1_203' title='bbox 1452 805 1652 857; x_wconf 79' lang='lat' dir='ltr'><strong>nior-em</strong></span> <span class='ocrx_word' id='word_1_204' title='bbox 1677 807 1989 858; x_wconf 82' lang='lat' dir='ltr'><strong>verecundia</strong></span> <span class='ocrx_word' id='word_1_205' title='bbox 2004 807 2250 858; x_wconf 82' lang='lat' dir='ltr'><strong>inhiberi:</strong></span> <span class='ocrx_word' id='word_1_206' title='bbox 2276 810 2381 869; x_wconf 82' lang='lat' dir='ltr'><strong>vel,</strong></span> <span class='ocrx_word' id='word_1_207' title='bbox 2399 823 2515 872; x_wconf 84' lang='lat' dir='ltr'><strong>pro·</strong></span> 
     </span>
     <span class='ocr_line' id='line_1_40' title="bbox 1454 882 2516 947; baseline -0.002 -14"><span class='ocrx_word' id='word_1_208' title='bbox 1454 883 1555 936; x_wconf 88' lang='lat' dir='ltr'><strong>diit</strong></span> <span class='ocrx_word' id='word_1_209' title='bbox 1581 883 1837 934; x_wconf 79' lang='lat' dir='ltr'><strong>secundus</strong></span> <span class='ocrx_word' id='word_1_210' title='bbox 1872 884 1955 934; x_wconf 89' lang='lat' dir='ltr'><strong>hic</strong></span> <span class='ocrx_word' id='word_1_211' title='bbox 1978 884 2112 934; x_wconf 87' lang='lat' dir='ltr'><strong>liber</strong></span> <span class='ocrx_word' id='word_1_212' title='bbox 2131 885 2186 934; x_wconf 90' lang='lat' dir='ltr'><strong>in</strong></span> <span class='ocrx_word' id='word_1_213' title='bbox 2215 884 2386 933; x_wconf 77' lang='lat' dir='ltr'><strong>lucem</strong></span> <span class='ocrx_word' id='word_1_214' title='bbox 2410 882 2516 947; x_wconf 86' lang='lat' dir='ltr'><strong>pri-</strong></span> 
     </span>
     <span class='ocr_line' id='line_1_41' title="bbox 1453 959 2519 1026; baseline -0.002 -15"><span class='ocrx_word' id='word_1_215' title='bbox 1453 973 1540 1011; x_wconf 87' lang='lat' dir='ltr'><strong>mo</strong></span> <span class='ocrx_word' id='word_1_216' title='bbox 1572 974 1676 1011; x_wconf 85' lang='lat' dir='ltr'><strong>non</strong></span> <span class='ocrx_word' id='word_1_217' title='bbox 1711 959 1876 1024; x_wconf 89' lang='lat' dir='ltr'><strong>edito,</strong></span> <span class='ocrx_word' id='word_1_218' title='bbox 1910 960 2030 1026; x_wconf 87' lang='lat' dir='ltr'><strong>qnia</strong></span> <span class='ocrx_word' id='word_1_219' title='bbox 2061 962 2223 1011; x_wconf 82' lang='lat' dir='ltr'><strong>multa</strong></span> <span class='ocrx_word' id='word_1_220' title='bbox 2255 960 2309 1009; x_wconf 88' lang='lat' dir='ltr'><strong>in</strong></span> <span class='ocrx_word' id='word_1_221' title='bbox 2352 974 2416 1010; x_wconf 89' lang='lat' dir='ltr'><strong>eo</strong></span> <span class='ocrx_word' id='word_1_222' title='bbox 2450 960 2519 1009; x_wconf 83' lang='lat' dir='ltr'><strong>ad</strong></span> 
     </span>
     <span class='ocr_line' id='line_1_42' title="bbox 1451 1034 2520 1102; baseline 0.001 -17"><span class='ocrx_word' id='word_1_223' title='bbox 1451 1034 1657 1086; x_wconf 85' lang='lat' dir='ltr'><strong>laudem</strong></span> <span class='ocrx_word' id='word_1_224' title='bbox 1678 1036 1808 1096; x_wconf 82' lang='lat' dir='ltr'><strong>Titi,</strong></span> <span class='ocrx_word' id='word_1_225' title='bbox 1826 1051 1980 1102; x_wconf 85' lang='lat' dir='ltr'><strong>quam</strong></span> <span class='ocrx_word' id='word_1_226' title='bbox 2001 1037 2230 1088; x_wconf 83' lang='lat' dir='ltr'><strong>libenter</strong></span> <span class='ocrx_word' id='word_1_227' title='bbox 2251 1051 2355 1087; x_wconf 87' lang='lat' dir='ltr'><strong>non</strong></span> <span class='ocrx_word' id='word_1_228' title='bbox 2383 1037 2520 1087; x_wconf 83' lang='lat' dir='ltr'><strong>latu·</strong></span> 
     </span>
     <span class='ocr_line' id='line_1_43' title="bbox 1451 1112 2520 1174; baseline -0.001 -11"><span class='ocrx_word' id='word_1_229' title='bbox 1451 1126 1565 1163; x_wconf 79' lang='lat' dir='ltr'><strong>rum</strong></span> <span class='ocrx_word' id='word_1_230' title='bbox 1588 1113 1948 1163; x_wconf 81' lang='lat' dir='ltr'><strong>Domitianum</strong></span> <span class='ocrx_word' id='word_1_231' title='bbox 1971 1120 2190 1163; x_wconf 78' lang='lat' dir='ltr'><strong>noverat</strong></span> <span class='ocrx_word' id='word_1_232' title='bbox 2214 1112 2407 1174; x_wconf 60' lang='lat' dir='ltr'><strong>Poeta,</strong></span> <span class='ocrx_word' id='word_1_233' title='bbox 2428 1119 2520 1162; x_wconf 82' lang='lat' dir='ltr'><strong>aut</strong></span> 
     </span>
     <span class='ocr_line' id='line_1_44' title="bbox 1451 1179 2521 1254; baseline 0.001 -16"><span class='ocrx_word' id='word_1_234' title='bbox 1451 1191 1556 1239; x_wconf 88' lang='lat' dir='ltr'><strong>alia</strong></span> <span class='ocrx_word' id='word_1_235' title='bbox 1572 1189 1637 1238; x_wconf 88' lang='lat' dir='ltr'><strong>de</strong></span> <span class='ocrx_word' id='word_1_236' title='bbox 1659 1203 1833 1241; x_wconf 77' lang='lat' dir='ltr'><strong>causa.</strong></span> <span class='ocrx_word' id='word_1_237' title='bbox 1899 1192 1983 1241; x_wconf 81' lang='lat' dir='ltr'><strong>Ex</strong></span> <span class='ocrx_word' id='word_1_238' title='bbox 2002 1192 2100 1242; x_wconf 83' lang='lat' dir='ltr'><strong>hoc</strong></span> <span class='ocrx_word' id='word_1_239' title='bbox 2121 1205 2274 1241; x_wconf 80' lang='lat' dir='ltr'><strong>versu</strong></span> <span class='ocrx_word' id='word_1_240' title='bbox 2296 1179 2521 1254; x_wconf 77' lang='lat' dir='ltr'><strong>conjicio</strong></span> 
     </span>
     <span class='ocr_line' id='line_1_45' title="bbox 1454 1267 2523 1334; baseline 0 -18"><span class='ocrx_word' id='word_1_241' title='bbox 1454 1267 1676 1330; x_wconf 87' lang='lat' dir='ltr'><strong>primum</strong></span> <span class='ocrx_word' id='word_1_242' title='bbox 1699 1268 1910 1330; x_wconf 84' lang='lat' dir='ltr'><strong>librum,</strong></span> <span class='ocrx_word' id='word_1_243' title='bbox 1926 1269 2159 1334; x_wconf 83' lang='lat' dir='ltr'><strong>itemque</strong></span> <span class='ocrx_word' id='word_1_244' title='bbox 2180 1268 2523 1332; x_wconf 80' lang='lat' dir='ltr'><strong>Spectaculo-</strong></span> 
     </span>
     <span class='ocr_line' id='line_1_46' title="bbox 1449 1344 2523 1404; baseline -0.001 -9"><span class='ocrx_word' id='word_1_245' title='bbox 1449 1359 1563 1395; x_wconf 87' lang='lat' dir='ltr'><strong>rnm</strong></span> <span class='ocrx_word' id='word_1_246' title='bbox 1602 1346 1847 1396; x_wconf 77' lang='lat' dir='ltr'><strong>secretim</strong></span> <span class='ocrx_word' id='word_1_247' title='bbox 1872 1346 2079 1404; x_wconf 71' lang='lat' dir='ltr'><strong>additos</strong></span> <span class='ocrx_word' id='word_1_248' title='bbox 2111 1361 2246 1396; x_wconf 80' lang='lat' dir='ltr'><strong>esse.</strong></span> <span class='ocrx_word' id='word_1_249' title='bbox 2327 1344 2414 1397; x_wconf 86' lang='lat' dir='ltr'><strong>Ob</strong></span> <span class='ocrx_word' id='word_1_250' title='bbox 2435 1345 2523 1395; x_wconf 80' lang='lat' dir='ltr'><strong>Ti·</strong></span> 
     </span>
     <span class='ocr_line' id='line_1_47' title="bbox 1452 1423 2519 1490; baseline -0.001 -16"><span class='ocrx_word' id='word_1_251' title='bbox 1452 1431 1580 1486; x_wconf 90' lang='lat' dir='ltr'><strong>tum,</strong></span> <span class='ocrx_word' id='word_1_252' title='bbox 1601 1425 1778 1485; x_wconf 85' lang='lat' dir='ltr'><strong>credo,</strong></span> <span class='ocrx_word' id='word_1_253' title='bbox 1798 1424 1850 1473; x_wconf 89' lang='lat' dir='ltr'><strong>in</strong></span> <span class='ocrx_word' id='word_1_254' title='bbox 1874 1439 2024 1490; x_wconf 89' lang='lat' dir='ltr'><strong>quem</strong></span> <span class='ocrx_word' id='word_1_255' title='bbox 2049 1425 2299 1490; x_wconf 83' lang='lat' dir='ltr'><strong>pleraque</strong></span> <span class='ocrx_word' id='word_1_256' title='bbox 2322 1423 2519 1490; x_wconf 66' lang='lat' dir='ltr'><strong>(piem</strong></span> 
     </span>
     <span class='ocr_line' id='line_1_48' title="bbox 1452 1500 2522 1566; baseline -0.002 -15"><span class='ocrx_word' id='word_1_257' title='bbox 1452 1515 1571 1566; x_wconf 78' lang='lat' dir='ltr'><strong>que,</strong></span> <span class='ocrx_word' id='word_1_258' title='bbox 1590 1500 1818 1566; x_wconf 85' lang='lat' dir='ltr'><strong>inquam,</strong></span> <span class='ocrx_word' id='word_1_259' title='bbox 1840 1515 1944 1552; x_wconf 80' lang='lat' dir='ltr'><strong>non</strong></span> <span class='ocrx_word' id='word_1_260' title='bbox 1966 1502 2164 1564; x_wconf 85' lang='lat' dir='ltr'><strong>omnia)</strong></span> <span class='ocrx_word' id='word_1_261' title='bbox 2184 1502 2522 1552; x_wconf 80' lang='lat' dir='ltr'><strong>conveniunt.</strong></span> 
     </span>
     <span class='ocr_line' id='line_1_49' title="bbox 1455 1577 2522 1643; baseline 0 -15"><span class='ocrx_word' id='word_1_262' title='bbox 1455 1578 1674 1629; x_wconf 83' lang='lat' dir='ltr'><strong>Miscuit</strong></span> <span class='ocrx_word' id='word_1_263' title='bbox 1713 1578 1969 1643; x_wconf 78' lang='lat' dir='ltr'><strong>quaedam‚</strong></span> <span class='ocrx_word' id='word_1_264' title='bbox 2003 1580 2085 1629; x_wconf 78' lang='lat' dir='ltr'><strong>vel</strong></span> <span class='ocrx_word' id='word_1_265' title='bbox 2119 1580 2291 1643; x_wconf 79' lang='lat' dir='ltr'><strong>potius</strong></span> <span class='ocrx_word' id='word_1_266' title='bbox 2317 1577 2522 1628; x_wconf 75' lang='lat' dir='ltr'><strong>addidit</strong></span> 
     </span>
     <span class='ocr_line' id='line_1_50' title="bbox 1456 1655 2521 1719; baseline -0.004 -13"><span class='ocrx_word' id='word_1_267' title='bbox 1456 1662 1646 1719; x_wconf 82' lang='lat' dir='ltr'><strong>postea</strong></span> <span class='ocrx_word' id='word_1_268' title='bbox 1681 1670 1869 1706; x_wconf 83' lang='lat' dir='ltr'><strong>nomen</strong></span> <span class='ocrx_word' id='word_1_269' title='bbox 1923 1655 2237 1718; x_wconf 84' lang='lat' dir='ltr'><strong>Domitiani,</strong></span> <span class='ocrx_word' id='word_1_270' title='bbox 2277 1661 2334 1704; x_wconf 85' lang='lat' dir='ltr'><strong>et</strong></span> <span class='ocrx_word' id='word_1_271' title='bbox 2376 1667 2521 1717; x_wconf 73' lang='lat' dir='ltr'><strong>saepe</strong></span> 
     </span>
     <span class='ocr_line' id='line_1_51' title="bbox 1455 1731 2520 1795; baseline -0.004 -13"><span class='ocrx_word' id='word_1_272' title='bbox 1455 1746 1560 1782; x_wconf 83' lang='lat' dir='ltr'><strong>non</strong></span> <span class='ocrx_word' id='word_1_273' title='bbox 1602 1731 1829 1795; x_wconf 84' lang='lat' dir='ltr'><strong>addidit,</strong></span> <span class='ocrx_word' id='word_1_274' title='bbox 1862 1732 1955 1782; x_wconf 77' lang='lat' dir='ltr'><strong>sed</strong></span> <span class='ocrx_word' id='word_1_275' title='bbox 1998 1732 2259 1781; x_wconf 68' lang='lat' dir='ltr'><strong>Caesarem</strong></span> <span class='ocrx_word' id='word_1_276' title='bbox 2311 1735 2520 1780; x_wconf 80' lang='lat' dir='ltr'><strong>tantum</strong></span> 
     </span>
     <span class='ocr_line' id='line_1_52' title="bbox 1457 1808 2524 1874; baseline -0.007 -13"><span class='ocrx_word' id='word_1_277' title='bbox 1457 1810 1685 1874; x_wconf 76' lang='lat' dir='ltr'><strong>scripsit,</strong></span> <span class='ocrx_word' id='word_1_278' title='bbox 1719 1816 1779 1859; x_wconf 86' lang='lat' dir='ltr'><strong>ut</strong></span> <span class='ocrx_word' id='word_1_279' title='bbox 1814 1808 1949 1860; x_wconf 81' lang='lat' dir='ltr'><strong>scire</strong></span> <span class='ocrx_word' id='word_1_280' title='bbox 1985 1810 2177 1859; x_wconf 85' lang='lat' dir='ltr'><strong>Lector</strong></span> <span class='ocrx_word' id='word_1_281' title='bbox 2199 1821 2304 1856; x_wconf 78' lang='lat' dir='ltr'><strong>non</strong></span> <span class='ocrx_word' id='word_1_282' title='bbox 2328 1811 2524 1870; x_wconf 81' lang='lat' dir='ltr'><strong>posset,</strong></span> 
     </span>
     <span class='ocr_line' id='line_1_53' title="bbox 1455 1880 2526 1948; baseline -0.008 -11"><span class='ocrx_word' id='word_1_283' title='bbox 1455 1895 1631 1937; x_wconf 85' lang='lat' dir='ltr'><strong>utrum</strong></span> <span class='ocrx_word' id='word_1_284' title='bbox 1668 1884 2011 1948; x_wconf 83' lang='lat' dir='ltr'><strong>intellexerit,</strong></span> <span class='ocrx_word' id='word_1_285' title='bbox 2040 1884 2219 1935; x_wconf 84' lang='lat' dir='ltr'><strong>Titum</strong></span> <span class='ocrx_word' id='word_1_286' title='bbox 2252 1896 2320 1932; x_wconf 79' lang='lat' dir='ltr'><strong>an</strong></span> <span class='ocrx_word' id='word_1_287' title='bbox 2345 1880 2526 1931; x_wconf 83' lang='lat' dir='ltr'><strong>Domi·</strong></span> 
     </span>
     <span class='ocr_line' id='line_1_54' title="bbox 1455 1960 2522 2026; baseline -0.007 -12"><span class='ocrx_word' id='word_1_288' title='bbox 1455 1963 1683 2014; x_wconf 84' lang='lat' dir='ltr'><strong>tianum:</strong></span> <span class='ocrx_word' id='word_1_289' title='bbox 1719 1977 1781 2012; x_wconf 85' lang='lat' dir='ltr'><strong>ac</strong></span> <span class='ocrx_word' id='word_1_290' title='bbox 1813 1962 1992 2013; x_wconf 84' lang='lat' dir='ltr'><strong>Titum</strong></span> <span class='ocrx_word' id='word_1_291' title='bbox 2031 1960 2241 2026; x_wconf 87' lang='lat' dir='ltr'><strong>quidem</strong></span> <span class='ocrx_word' id='word_1_292' title='bbox 2264 1972 2522 2023; x_wconf 81' lang='lat' dir='ltr'><strong>nunquam</strong></span> 
     </span>
     <span class='ocr_line' id='line_1_55' title="bbox 1455 2036 2525 2107; baseline -0.007 -17"><span class='ocrx_word' id='word_1_293' title='bbox 1455 2040 1630 2104; x_wconf 79' lang='lat' dir='ltr'><strong>posuit</strong></span> <span class='ocrx_word' id='word_1_294' title='bbox 1666 2054 1916 2104; x_wconf 77' lang='lat' dir='ltr'><strong>expresso</strong></span> <span class='ocrx_word' id='word_1_295' title='bbox 1953 2038 2181 2107; x_wconf 84' lang='lat' dir='ltr'><strong>nomine,</strong></span> <span class='ocrx_word' id='word_1_296' title='bbox 2204 2036 2341 2103; x_wconf 88' lang='lat' dir='ltr'><strong>quod</strong></span> <span class='ocrx_word' id='word_1_297' title='bbox 2366 2036 2525 2085; x_wconf 85' lang='lat' dir='ltr'><strong>libros</strong></span> 
     </span>
     <span class='ocr_line' id='line_1_56' title="bbox 1455 2115 2525 2174; baseline -0.007 -6"><span class='ocrx_word' id='word_1_298' title='bbox 1455 2117 1512 2168; x_wconf 83' lang='lat' dir='ltr'><strong>in</strong></span> <span class='ocrx_word' id='word_1_299' title='bbox 1551 2123 1721 2167; x_wconf 90' lang='lat' dir='ltr'><strong>morte</strong></span> <span class='ocrx_word' id='word_1_300' title='bbox 1744 2115 1933 2174; x_wconf 81' lang='lat' dir='ltr'><strong>editos,</strong></span> <span class='ocrx_word' id='word_1_301' title='bbox 1969 2116 2053 2165; x_wconf 80' lang='lat' dir='ltr'><strong>vel</strong></span> <span class='ocrx_word' id='word_1_302' title='bbox 2096 2123 2243 2165; x_wconf 89' lang='lat' dir='ltr'><strong>certe</strong></span> <span class='ocrx_word' id='word_1_303' title='bbox 2263 2120 2525 2165; x_wconf 73' lang='lat' dir='ltr'><strong>correctos</strong></span> 
     </span>
     <span class='ocr_line' id='line_1_57' title="bbox 1456 2187 2527 2258; baseline -0.007 -14"><span class='ocrx_word' id='word_1_304' title='bbox 1456 2199 1671 2258; x_wconf 77' lang='lat' dir='ltr'><strong>putem3</strong></span> <span class='ocrx_word' id='word_1_305' title='bbox 1704 2199 1761 2245; x_wconf 90' lang='lat' dir='ltr'><strong>et</strong></span> <span class='ocrx_word' id='word_1_306' title='bbox 1780 2192 1846 2242; x_wconf 91' lang='lat' dir='ltr'><strong>ob</strong></span> <span class='ocrx_word' id='word_1_307' title='bbox 1870 2206 1984 2243; x_wconf 82' lang='lat' dir='ltr'><strong>eam</strong></span> <span class='ocrx_word' id='word_1_308' title='bbox 2007 2205 2238 2243; x_wconf 77' lang='lat' dir='ltr'><strong>caussam</strong></span> <span class='ocrx_word' id='word_1_309' title='bbox 2262 2187 2527 2255; x_wconf 79' lang='lat' dir='ltr'><strong>sequenti-</strong></span> 
     </span>
     <span class='ocr_line' id='line_1_58' title="bbox 1456 2265 2528 2333; baseline -0.007 -12"><span class='ocrx_word' id='word_1_310' title='bbox 1456 2270 1554 2321; x_wconf 81' lang='lat' dir='ltr'><strong>bus</strong></span> <span class='ocrx_word' id='word_1_311' title='bbox 1609 2283 1713 2319; x_wconf 82' lang='lat' dir='ltr'><strong>non</strong></span> <span class='ocrx_word' id='word_1_312' title='bbox 1768 2269 2078 2333; x_wconf 83' lang='lat' dir='ltr'><strong>adjunctum</strong></span> <span class='ocrx_word' id='word_1_313' title='bbox 2125 2268 2370 2332; x_wconf 87' lang='lat' dir='ltr'><strong>priorem.</strong></span> <span class='ocrx_word' id='word_1_314' title='bbox 2454 2265 2528 2315; x_wconf 78' lang='lat' dir='ltr'><strong>Et</strong></span> 
     </span>
     <span class='ocr_line' id='line_1_59' title="bbox 1459 2344 2528 2412; baseline -0.008 -11"><span class='ocrx_word' id='word_1_315' title='bbox 1459 2347 1599 2401; x_wconf 83' lang='lat' dir='ltr'><strong>forte</strong></span> <span class='ocrx_word' id='word_1_316' title='bbox 1650 2347 1695 2398; x_wconf 84' lang='lat' dir='ltr'><strong>is</strong></span> <span class='ocrx_word' id='word_1_317' title='bbox 1729 2346 1900 2411; x_wconf 87' lang='lat' dir='ltr'><strong>pudor</strong></span> <span class='ocrx_word' id='word_1_318' title='bbox 1941 2352 2044 2408; x_wconf 78' lang='lat' dir='ltr'><strong>est,</strong></span> <span class='ocrx_word' id='word_1_319' title='bbox 2087 2360 2240 2412; x_wconf 83' lang='lat' dir='ltr'><strong>quem</strong></span> <span class='ocrx_word' id='word_1_320' title='bbox 2278 2344 2528 2401; x_wconf 81' lang='lat' dir='ltr'><strong>insinuat,</strong></span> 
     </span>
     <span class='ocr_line' id='line_1_60' title="bbox 1458 2422 2530 2490; baseline -0.003 -17"><span class='ocrx_word' id='word_1_321' title='bbox 1458 2424 1597 2490; x_wconf 91' lang='lat' dir='ltr'><strong>quod</strong></span> <span class='ocrx_word' id='word_1_322' title='bbox 1622 2430 1736 2490; x_wconf 79' lang='lat' dir='ltr'><strong>quae</strong></span> <span class='ocrx_word' id='word_1_323' title='bbox 1759 2422 2044 2487; x_wconf 80' lang='lat' dir='ltr'><strong>scripserat</strong></span> <span class='ocrx_word' id='word_1_324' title='bbox 2063 2422 2115 2473; x_wconf 88' lang='lat' dir='ltr'><strong>in</strong></span> <span class='ocrx_word' id='word_1_325' title='bbox 2130 2423 2530 2487; x_wconf 79' lang='lat' dir='ltr'><strong>Titum‚postea</strong></span> 
     </span>
     <span class='ocr_line' id='line_1_61' title="bbox 1458 2497 2531 2563; baseline -0.005 -14"><span class='ocrx_word' id='word_1_326' title='bbox 1458 2500 1729 2551; x_wconf 79' lang='lat' dir='ltr'><strong>videretur</strong></span> <span class='ocrx_word' id='word_1_327' title='bbox 1748 2499 1978 2550; x_wconf 86' lang='lat' dir='ltr'><strong>tribuere</strong></span> <span class='ocrx_word' id='word_1_328' title='bbox 2000 2500 2321 2561; x_wconf 81' lang='lat' dir='ltr'><strong>Domitiano,</strong></span> <span class='ocrx_word' id='word_1_329' title='bbox 2340 2497 2426 2563; x_wconf 90' lang='lat' dir='ltr'><strong>qui</strong></span> <span class='ocrx_word' id='word_1_330' title='bbox 2461 2497 2531 2545; x_wconf 84' lang='lat' dir='ltr'><strong>si-</strong></span> 
     </span>
    </p>
   </div>
   <div class='ocr_carea' id='block_1_7' title="bbox 1458 2569 2640 2641">
    <p class='ocr_par' dir='ltr' id='par_1_10' title="bbox 1458 2569 2640 2641">
     <span class='ocr_line' id='line_1_62' title="bbox 1458 2569 2640 2641; baseline -0.004 -14"><span class='ocrx_word' id='word_1_331' title='bbox 1458 2577 1515 2627; x_wconf 87' lang='lat' dir='ltr'><strong>bi</strong></span> <span class='ocrx_word' id='word_1_332' title='bbox 1537 2577 1710 2627; x_wconf 88' lang='lat' dir='ltr'><strong>omnia</strong></span> <span class='ocrx_word' id='word_1_333' title='bbox 1732 2576 1894 2641; x_wconf 80' lang='lat' dir='ltr'><strong>patria</strong></span> <span class='ocrx_word' id='word_1_334' title='bbox 1928 2584 1985 2626; x_wconf 92' lang='lat' dir='ltr'><strong>et</strong></span> <span class='ocrx_word' id='word_1_335' title='bbox 2003 2575 2185 2626; x_wconf 77' lang='lat' dir='ltr'><strong>fratris</strong></span> <span class='ocrx_word' id='word_1_336' title='bbox 2206 2588 2368 2639; x_wconf 85' lang='lat' dir='ltr'><strong>opera</strong></span> <span class='ocrx_word' id='word_1_337' title='bbox 2387 2587 2529 2623; x_wconf 85' lang='lat' dir='ltr'><strong>arro·</strong></span> <span class='ocrx_word' id='word_1_338' title='bbox 2634 2569 2640 2575; x_wconf 79' lang='grc'><strong>”</strong></span> 
     </span>
    </p>
   </div>
   <div class='ocr_carea' id='block_1_8' title="bbox 1462 2653 2530 3104">
    <p class='ocr_par' dir='ltr' id='par_1_11' title="bbox 1465 2653 1831 2718">
     <span class='ocr_line' id='line_1_63' title="bbox 1465 2653 1831 2718; baseline -0.003 -14"><span class='ocrx_word' id='word_1_339' title='bbox 1465 2653 1644 2718; x_wconf 78' lang='lat' dir='ltr'><strong>gabat.</strong></span> <span class='ocrx_word' id='word_1_340' title='bbox 1701 2653 1831 2704; x_wconf 68' lang='lat' dir='ltr'><strong>aaa.</strong></span> 
     </span>
    </p>

    <p class='ocr_par' dir='ltr' id='par_1_12' title="bbox 1462 2728 2530 3104">
     <span class='ocr_line' id='line_1_64' title="bbox 1529 2728 2530 2798; baseline -0.003 -16"><span class='ocrx_word' id='word_1_341' title='bbox 1529 2734 1584 2798; x_wconf 48' lang='lat'><strong>4,</strong></span> <span class='ocrx_word' id='word_1_342' title='bbox 1604 2731 1777 2793; x_wconf 68' lang='lat' dir='ltr'><strong>Um,</strong></span> <span class='ocrx_word' id='word_1_343' title='bbox 1805 2728 1912 2793; x_wconf 56' lang='grc' dir='ltr'><strong>ξω]</strong></span> <span class='ocrx_word' id='word_1_344' title='bbox 1944 2730 2026 2779; x_wconf 81' lang='lat' dir='ltr'><strong>Ex</strong></span> <span class='ocrx_word' id='word_1_345' title='bbox 2056 2728 2195 2779; x_wconf 82' lang='lat' dir='ltr'><strong>tituli</strong></span> <span class='ocrx_word' id='word_1_346' title='bbox 2228 2741 2441 2778; x_wconf 90' lang='lat' dir='ltr'><strong>numero</strong></span> <span class='ocrx_word' id='word_1_347' title='bbox 2461 2741 2530 2779; x_wconf 83' lang='lat' dir='ltr'><strong>u.</strong></span> 
     </span>
     <span class='ocr_line' id='line_1_65' title="bbox 1463 2804 2529 2870; baseline -0.006 -12"><span class='ocrx_word' id='word_1_348' title='bbox 1463 2808 1590 2858; x_wconf 90' lang='lat' dir='ltr'><strong>tolle</strong></span> <span class='ocrx_word' id='word_1_349' title='bbox 1633 2821 1789 2855; x_wconf 87' lang='lat' dir='ltr'><strong>unum</strong></span> <span class='ocrx_word' id='word_1_350' title='bbox 1835 2820 1876 2857; x_wconf 85' lang='grc' dir='ltr'><strong>ι.</strong></span> <span class='ocrx_word' id='word_1_351' title='bbox 1915 2813 1970 2856; x_wconf 90' lang='lat' dir='ltr'><strong>et</strong></span> <span class='ocrx_word' id='word_1_352' title='bbox 2007 2806 2108 2856; x_wconf 88' lang='lat' dir='ltr'><strong>erit</strong></span> <span class='ocrx_word' id='word_1_353' title='bbox 2142 2804 2274 2854; x_wconf 89' lang='lat' dir='ltr'><strong>liber</strong></span> <span class='ocrx_word' id='word_1_354' title='bbox 2316 2804 2529 2870; x_wconf 81' lang='lat' dir='ltr'><strong>primus,</strong></span> 
     </span>
     <span class='ocr_line' id='line_1_66' title="bbox 1462 2880 2528 2945; baseline -0.005 -11"><span class='ocrx_word' id='word_1_355' title='bbox 1462 2899 1640 2934; x_wconf 88' lang='lat' dir='ltr'><strong>rerum</strong></span> <span class='ocrx_word' id='word_1_356' title='bbox 1691 2884 1825 2933; x_wconf 78' lang='lat' dir='ltr'><strong>serie</strong></span> <span class='ocrx_word' id='word_1_357' title='bbox 1880 2884 2176 2933; x_wconf 83' lang='lat' dir='ltr'><strong>nullatenus</strong></span> <span class='ocrx_word' id='word_1_358' title='bbox 2240 2880 2528 2945; x_wconf 76' lang='lat' dir='ltr'><strong>impedita3</strong></span> 
     </span>
     <span class='ocr_line' id='line_1_67' title="bbox 1463 2957 2530 3028; baseline -0.005 -17"><span class='ocrx_word' id='word_1_359' title='bbox 1463 2962 1661 3028; x_wconf 85' lang='lat' dir='ltr'><strong>quippe</strong></span> <span class='ocrx_word' id='word_1_360' title='bbox 1678 2961 1731 3011; x_wconf 89' lang='lat' dir='ltr'><strong>in</strong></span> <span class='ocrx_word' id='word_1_361' title='bbox 1753 2958 2160 3026; x_wconf 80' lang='lat' dir='ltr'><strong>Epigrammatis</strong></span> <span class='ocrx_word' id='word_1_362' title='bbox 2183 2957 2311 3009; x_wconf 91' lang='lat' dir='ltr'><strong>ordo</strong></span> <span class='ocrx_word' id='word_1_363' title='bbox 2327 2971 2431 3007; x_wconf 80' lang='lat' dir='ltr'><strong>non</strong></span> <span class='ocrx_word' id='word_1_364' title='bbox 2449 2971 2530 3006; x_wconf 82' lang='lat' dir='ltr'><strong>re·</strong></span> 
     </span>
     <span class='ocr_line' id='line_1_68' title="bbox 1463 3038 1781 3104; baseline 0.006 -17"><span class='ocrx_word' id='word_1_365' title='bbox 1463 3038 1781 3104; x_wconf 80' lang='lat' dir='ltr'><strong>spiciendus.</strong></span> 
     </span>
    </p>
   </div>
   <div class='ocr_carea' id='block_1_9' title="bbox 1161 3299 1703 3336">
    <p class='ocr_par' dir='ltr' id='par_1_13' title="bbox 1161 3299 1703 3336">
     <span class='ocr_line' id='line_1_69' title="bbox 1161 3299 1703 3336; baseline -0.002 -1"><span class='ocrx_word' id='word_1_366' title='bbox 1161 3299 1703 3336; x_wconf 55' lang='lat' dir='ltr'><strong>m</strong></span> 
     </span>
    </p>
   </div>
   <div class='ocr_carea' id='block_1_10' title="bbox 722 3491 2125 3599">
    <p class='ocr_par' dir='ltr' id='par_1_14' title="bbox 722 3491 2125 3599">
     <span class='ocr_line' id='line_1_70' title="bbox 722 3491 2125 3599; baseline -0.006 0"><span class='ocrx_word' id='word_1_367' title='bbox 722 3519 1663 3599; x_wconf 79' lang='lat' dir='ltr'><strong>EPIGRAMMATUM</strong></span> <span class='ocrx_word' id='word_1_368' title='bbox 1705 3491 1924 3594; x_wconf 77' lang='lat' dir='ltr'><strong>Lm.</strong></span> <span class='ocrx_word' id='word_1_369' title='bbox 1967 3515 2125 3592; x_wconf 90' lang='lat'><strong>111.</strong></span> 
     </span>
    </p>
   </div>
   <div class='ocr_carea' id='block_1_11' title="bbox 318 3739 1391 3880">
    <p class='ocr_par' dir='ltr' id='par_1_15' title="bbox 318 3739 1391 3880">
     <span class='ocr_line' id='line_1_71' title="bbox 381 3739 1391 3804; baseline -0.001 -13"><span class='ocrx_word' id='word_1_370' title='bbox 381 3740 544 3791; x_wconf 71' lang='lat' dir='ltr'><strong>Ena.</strong></span> <span class='ocrx_word' id='word_1_371' title='bbox 568 3753 606 3790; x_wconf 84' lang='lat' dir='ltr'><strong>t.</strong></span> <span class='ocrx_word' id='word_1_372' title='bbox 658 3744 687 3789; x_wconf 88' lang='lat'>1</span> <span class='ocrx_word' id='word_1_373' title='bbox 722 3740 1038 3804; x_wconf 72' lang='lat' dir='ltr'><strong>Longinqais,</strong></span> <span class='ocrx_word' id='word_1_374' title='bbox 1068 3739 1177 3804; x_wconf 55' lang='lat' dir='ltr'><strong>qt]</strong></span> <span class='ocrx_word' id='word_1_375' title='bbox 1208 3740 1391 3790; x_wconf 83' lang='lat' dir='ltr'><strong>Seces-</strong></span> 
     </span>
     <span class='ocr_line' id='line_1_72' title="bbox 318 3814 1389 3880; baseline -0.001 -13"><span class='ocrx_word' id='word_1_376' title='bbox 318 3823 461 3867; x_wconf 72' lang='lat' dir='ltr'><strong>terat</strong></span> <span class='ocrx_word' id='word_1_377' title='bbox 480 3814 640 3880; x_wconf 65' lang='lat' dir='ltr'><strong>poeta</strong></span> <span class='ocrx_word' id='word_1_378' title='bbox 656 3815 709 3866; x_wconf 86' lang='lat' dir='ltr'><strong>iu</strong></span> <span class='ocrx_word' id='word_1_379' title='bbox 726 3816 1019 3866; x_wconf 85' lang='lat' dir='ltr'><strong>citeriorem</strong></span> <span class='ocrx_word' id='word_1_380' title='bbox 1038 3814 1262 3866; x_wconf 84' lang='lat' dir='ltr'><strong>Galliam</strong></span> <span class='ocrx_word' id='word_1_381' title='bbox 1278 3832 1294 3878; x_wconf 88' lang='grc'>;</span> <span class='ocrx_word' id='word_1_382' title='bbox 1314 3818 1389 3866; x_wconf 85' lang='lat' dir='ltr'><strong>in·</strong></span> 
     </span>
    </p>
   </div>
   <div class='ocr_carea' id='block_1_12' title="bbox 206 3890 1389 3958">
    <p class='ocr_par' dir='ltr' id='par_1_16' title="bbox 206 3890 1389 3958">
     <span class='ocr_line' id='line_1_73' title="bbox 206 3890 1389 3958; baseline 0.001 -19"><span class='ocrx_word' id='word_1_383' title='bbox 206 3892 213 3898; x_wconf 78' lang='lat'><strong><em>‘</em></strong></span> <span class='ocrx_word' id='word_1_384' title='bbox 318 3890 489 3956; x_wconf 85' lang='lat' dir='ltr'><strong>deque</strong></span> <span class='ocrx_word' id='word_1_385' title='bbox 505 3891 695 3942; x_wconf 88' lang='lat' dir='ltr'><strong>librum</strong></span> <span class='ocrx_word' id='word_1_386' title='bbox 712 3893 926 3943; x_wconf 89' lang='lat' dir='ltr'><strong>Romam</strong></span> <span class='ocrx_word' id='word_1_387' title='bbox 947 3891 1161 3941; x_wconf 84' lang='lat' dir='ltr'><strong>miserat</strong></span> <span class='ocrx_word' id='word_1_388' title='bbox 1176 3908 1192 3953; x_wconf 91' lang='lat'><strong>;</strong></span> <span class='ocrx_word' id='word_1_389' title='bbox 1214 3907 1389 3958; x_wconf 82' lang='lat' dir='ltr'><strong>quem,</strong></span> 
     </span>
    </p>
   </div>
   <div class='ocr_carea' id='block_1_13' title="bbox 318 3966 1392 4416">
    <p class='ocr_par' dir='ltr' id='par_1_17' title="bbox 318 3966 1392 4339">
     <span class='ocr_line' id='line_1_74' title="bbox 318 3966 1392 4032; baseline 0 -15"><span class='ocrx_word' id='word_1_390' title='bbox 318 3966 361 4017; x_wconf 76' lang='lat' dir='ltr'><strong>ai</strong></span> <span class='ocrx_word' id='word_1_391' title='bbox 382 3967 555 4016; x_wconf 85' lang='lat' dir='ltr'><strong>minus</strong></span> <span class='ocrx_word' id='word_1_392' title='bbox 578 3968 753 4030; x_wconf 87' lang='lat' dir='ltr'><strong>priore</strong></span> <span class='ocrx_word' id='word_1_393' title='bbox 795 3969 1025 4032; x_wconf 81' lang='lat' dir='ltr'><strong>placeat,</strong></span> <span class='ocrx_word' id='word_1_394' title='bbox 1044 3975 1280 4031; x_wconf 83' lang='lat' dir='ltr'><strong>excusat,</strong></span> <span class='ocrx_word' id='word_1_395' title='bbox 1304 3982 1392 4019; x_wconf 84' lang='lat' dir='ltr'><strong>ve·</strong></span> 
     </span>
     <span class='ocr_line' id='line_1_75' title="bbox 318 4041 1390 4111; baseline 0.002 -19"><span class='ocrx_word' id='word_1_396' title='bbox 318 4041 419 4093; x_wconf 87' lang='lat' dir='ltr'><strong>luti</strong></span> <span class='ocrx_word' id='word_1_397' title='bbox 450 4042 506 4093; x_wconf 87' lang='lat' dir='ltr'><strong>in</strong></span> <span class='ocrx_word' id='word_1_398' title='bbox 545 4044 660 4093; x_wconf 90' lang='lat' dir='ltr'><strong>loco</strong></span> <span class='ocrx_word' id='word_1_399' title='bbox 694 4044 969 4108; x_wconf 77' lang='lat' dir='ltr'><strong>peregrino</strong></span> <span class='ocrx_word' id='word_1_400' title='bbox 1013 4046 1281 4111; x_wconf 83' lang='lat' dir='ltr'><strong>minusque</strong></span> <span class='ocrx_word' id='word_1_401' title='bbox 1304 4060 1390 4096; x_wconf 85' lang='lat' dir='ltr'><strong>nr-</strong></span> 
     </span>
     <span class='ocr_line' id='line_1_76' title="bbox 319 4117 1389 4185; baseline 0.004 -16"><span class='ocrx_word' id='word_1_402' title='bbox 319 4117 458 4170; x_wconf 84' lang='lat' dir='ltr'><strong>bano</strong></span> <span class='ocrx_word' id='word_1_403' title='bbox 503 4125 702 4171; x_wconf 88' lang='lat' dir='ltr'><strong>natum.</strong></span> <span class='ocrx_word' id='word_1_404' title='bbox 734 4122 866 4171; x_wconf 74' lang='lat' dir='ltr'><strong>Rod-</strong></span> <span class='ocrx_word' id='word_1_405' title='bbox 929 4119 1012 4171; x_wconf 78' lang='lat' dir='ltr'><strong>Ab</strong></span> <span class='ocrx_word' id='word_1_406' title='bbox 1034 4121 1152 4185; x_wconf 72' lang='lat' dir='ltr'><strong>oris]</strong></span> <span class='ocrx_word' id='word_1_407' title='bbox 1195 4124 1210 4151; x_wconf 89' lang='lat'>‘</span> <span class='ocrx_word' id='word_1_408' title='bbox 1235 4123 1389 4173; x_wconf 82' lang='lat' dir='ltr'><strong>Lom-</strong></span> 
     </span>
     <span class='ocr_line' id='line_1_77' title="bbox 320 4194 1390 4264; baseline 0.006 -19"><span class='ocrx_word' id='word_1_409' title='bbox 320 4194 559 4260; x_wconf 73' lang='lat' dir='ltr'><strong>bardiae,’</strong></span> <span class='ocrx_word' id='word_1_410' title='bbox 602 4198 760 4249; x_wconf 82' lang='lat' dir='ltr'><strong>dietae</strong></span> <span class='ocrx_word' id='word_1_411' title='bbox 811 4198 1103 4262; x_wconf 77' lang='lat' dir='ltr'><strong>‘Togatae,’</strong></span> <span class='ocrx_word' id='word_1_412' title='bbox 1136 4200 1272 4264; x_wconf 87' lang='lat' dir='ltr'><strong>quod</strong></span> <span class='ocrx_word' id='word_1_413' title='bbox 1311 4210 1390 4251; x_wconf 85' lang='lat' dir='ltr'><strong>to·</strong></span> 
     </span>
     <span class='ocr_line' id='line_1_78' title="bbox 326 4272 1280 4339; baseline 0.009 -16"><span class='ocrx_word' id='word_1_414' title='bbox 326 4272 403 4335; x_wconf 68' lang='lat' dir='ltr'><strong>gis</strong></span> <span class='ocrx_word' id='word_1_415' title='bbox 423 4274 706 4325; x_wconf 80' lang='lat' dir='ltr'><strong>utebantur</strong></span> <span class='ocrx_word' id='word_1_416' title='bbox 729 4276 939 4339; x_wconf 79' lang='lat' dir='ltr'><strong>incolae,</strong></span> <span class='ocrx_word' id='word_1_417' title='bbox 960 4283 1017 4325; x_wconf 84' lang='lat' dir='ltr'><strong>nt</strong></span> <span class='ocrx_word' id='word_1_418' title='bbox 1042 4275 1280 4332; x_wconf 85' lang='lat' dir='ltr'><strong>Romani.</strong></span> 
     </span>
    </p>

    <p class='ocr_par' dir='ltr' id='par_1_18' title="bbox 391 4350 1109 4416">
     <span class='ocr_line' id='line_1_79' title="bbox 391 4350 1109 4416; baseline 0.008 -17"><span class='ocrx_word' id='word_1_419' title='bbox 391 4353 422 4398; x_wconf 77' lang='grc'>3</span> <span class='ocrx_word' id='word_1_420' title='bbox 453 4350 601 4403; x_wconf 67' lang='lat' dir='ltr'><strong>Hm</strong></span> <span class='ocrx_word' id='word_1_421' title='bbox 616 4352 761 4416; x_wconf 71' lang='lat' dir='ltr'><strong>legis]</strong></span> <span class='ocrx_word' id='word_1_422' title='bbox 791 4353 1109 4405; x_wconf 85' lang='lat' dir='ltr'><strong>Secundum.</strong></span> 
     </span>
    </p>
   </div>
   <div class='ocr_carea' id='block_1_14' title="bbox 1469 3735 2542 4416">
    <p class='ocr_par' dir='ltr' id='par_1_19' title="bbox 1471 3735 2538 3942">
     <span class='ocr_line' id='line_1_80' title="bbox 1535 3735 2537 3804; baseline -0.006 -15"><span class='ocrx_word' id='word_1_423' title='bbox 1535 3744 1569 3789; x_wconf 77' lang='lat'>4</span> <span class='ocrx_word' id='word_1_424' title='bbox 1609 3739 1848 3804; x_wconf 54' lang='lat' dir='ltr'><strong>lama-m]</strong></span> <span class='ocrx_word' id='word_1_425' title='bbox 1881 3739 1985 3789; x_wconf 89' lang='lat' dir='ltr'><strong>Illa</strong></span> <span class='ocrx_word' id='word_1_426' title='bbox 2030 3753 2145 3804; x_wconf 81' lang='lat' dir='ltr'><strong>quae</strong></span> <span class='ocrx_word' id='word_1_427' title='bbox 2185 3735 2403 3785; x_wconf 88' lang='lat' dir='ltr'><strong>meliora</strong></span> <span class='ocrx_word' id='word_1_428' title='bbox 2441 3748 2537 3798; x_wconf 82' lang='lat' dir='ltr'><strong>pu-</strong></span> 
     </span>
     <span class='ocr_line' id='line_1_81' title="bbox 1472 3812 2538 3880; baseline -0.004 -15"><span class='ocrx_word' id='word_1_429' title='bbox 1472 3821 1555 3865; x_wconf 87' lang='lat' dir='ltr'><strong>tas</strong></span> <span class='ocrx_word' id='word_1_430' title='bbox 1597 3829 1712 3865; x_wconf 86' lang='lat' dir='ltr'><strong>mea</strong></span> <span class='ocrx_word' id='word_1_431' title='bbox 1755 3823 1897 3880; x_wconf 83' lang='lat' dir='ltr'><strong>aunt,</strong></span> <span class='ocrx_word' id='word_1_432' title='bbox 1925 3815 2010 3865; x_wconf 87' lang='lat' dir='ltr'><strong>vel</strong></span> <span class='ocrx_word' id='word_1_433' title='bbox 2065 3814 2224 3863; x_wconf 90' lang='lat' dir='ltr'><strong>etiam</strong></span> <span class='ocrx_word' id='word_1_434' title='bbox 2261 3812 2376 3861; x_wconf 66' lang='lat' dir='ltr'><strong>haec</strong></span> <span class='ocrx_word' id='word_1_435' title='bbox 2420 3827 2538 3861; x_wconf 86' lang='lat' dir='ltr'><strong>mea</strong></span> 
     </span>
     <span class='ocr_line' id='line_1_82' title="bbox 1471 3898 1608 3942; baseline 0.007 -1"><span class='ocrx_word' id='word_1_436' title='bbox 1471 3898 1608 3942; x_wconf 83' lang='lat' dir='ltr'><strong>sunt.</strong></span> 
     </span>
    </p>

    <p class='ocr_par' dir='ltr' id='par_1_20' title="bbox 1471 3960 2538 4108">
     <span class='ocr_line' id='line_1_83' title="bbox 1535 3960 2538 4034; baseline -0.004 -16"><span class='ocrx_word' id='word_1_437' title='bbox 1535 3975 1565 4018; x_wconf 80' lang='lat'><strong>6</strong></span> <span class='ocrx_word' id='word_1_438' title='bbox 1598 3968 1834 4033; x_wconf 78' lang='lat' dir='ltr'><strong>Domina]</strong></span> <span class='ocrx_word' id='word_1_439' title='bbox 1868 3960 2050 4032; x_wconf 86' lang='lat' dir='ltr'><strong>Roma,</strong></span> <span class='ocrx_word' id='word_1_440' title='bbox 2083 3983 2200 4034; x_wconf 78' lang='lat' dir='ltr'><strong>quae</strong></span> <span class='ocrx_word' id='word_1_441' title='bbox 2236 3981 2409 4016; x_wconf 87' lang='lat' dir='ltr'><strong>rerum</strong></span> <span class='ocrx_word' id='word_1_442' title='bbox 2447 3966 2538 4015; x_wconf 93' lang='lat' dir='ltr'><strong>do·</strong></span> 
     </span>
     <span class='ocr_line' id='line_1_84' title="bbox 1471 4046 2408 4108; baseline -0.005 -12"><span class='ocrx_word' id='word_1_443' title='bbox 1471 4047 1611 4097; x_wconf 87' lang='lat' dir='ltr'><strong>mina</strong></span> <span class='ocrx_word' id='word_1_444' title='bbox 1633 4053 1688 4096; x_wconf 93' lang='lat' dir='ltr'><strong>et</strong></span> <span class='ocrx_word' id='word_1_445' title='bbox 1714 4046 2020 4108; x_wconf 84' lang='lat' dir='ltr'><strong>triumphati</strong></span> <span class='ocrx_word' id='word_1_446' title='bbox 2054 4046 2197 4094; x_wconf 83' lang='lat' dir='ltr'><strong>orbis</strong></span> <span class='ocrx_word' id='word_1_447' title='bbox 2228 4054 2408 4108; x_wconf 77' lang='lat' dir='ltr'><strong>eaput.</strong></span> 
     </span>
    </p>

    <p class='ocr_par' dir='ltr' id='par_1_21' title="bbox 1469 4122 2542 4416">
     <span class='ocr_line' id='line_1_85' title="bbox 1533 4122 2539 4186; baseline -0.004 -13"><span class='ocrx_word' id='word_1_448' title='bbox 1533 4128 1566 4173; x_wconf 82' lang='grc'><strong>6</strong></span> <span class='ocrx_word' id='word_1_449' title='bbox 1609 4125 1765 4173; x_wconf 76' lang='lat' dir='ltr'><strong>Debet</strong></span> <span class='ocrx_word' id='word_1_450' title='bbox 1799 4123 2073 4186; x_wconf 55' lang='lat' dir='ltr'><strong>enimam-‚J</strong></span> <span class='ocrx_word' id='word_1_451' title='bbox 2103 4123 2236 4174; x_wconf 84' lang='lat' dir='ltr'><strong>Jure</strong></span> <span class='ocrx_word' id='word_1_452' title='bbox 2278 4122 2415 4171; x_wconf 79' lang='lat' dir='ltr'><strong>enim</strong></span> <span class='ocrx_word' id='word_1_453' title='bbox 2449 4134 2539 4170; x_wconf 79' lang='lat' dir='ltr'><strong>ce-</strong></span> 
     </span>
     <span class='ocr_line' id='line_1_86' title="bbox 1470 4197 2542 4264; baseline -0.004 -15"><span class='ocrx_word' id='word_1_454' title='bbox 1470 4200 1553 4251; x_wconf 89' lang='lat' dir='ltr'><strong>dit</strong></span> <span class='ocrx_word' id='word_1_455' title='bbox 1574 4201 1763 4264; x_wconf 79' lang='lat' dir='ltr'><strong>hospes</strong></span> <span class='ocrx_word' id='word_1_456' title='bbox 1807 4200 1930 4262; x_wconf 79' lang='lat' dir='ltr'><strong>civi,</strong></span> <span class='ocrx_word' id='word_1_457' title='bbox 1973 4199 2224 4249; x_wconf 82' lang='lat' dir='ltr'><strong>barbarus</strong></span> <span class='ocrx_word' id='word_1_458' title='bbox 2248 4197 2459 4261; x_wconf 86' lang='lat' dir='ltr'><strong>Latino,</strong></span> <span class='ocrx_word' id='word_1_459' title='bbox 2480 4197 2542 4246; x_wconf 81' lang='lat' dir='ltr'><strong>li-</strong></span> 
     </span>
     <span class='ocr_line' id='line_1_87' title="bbox 1472 4274 2537 4328; baseline -0.004 -1"><span class='ocrx_word' id='word_1_460' title='bbox 1472 4277 1570 4327; x_wconf 89' lang='lat' dir='ltr'><strong>ber</strong></span> <span class='ocrx_word' id='word_1_461' title='bbox 1604 4278 1657 4325; x_wconf 86' lang='lat' dir='ltr'><strong>in</strong></span> <span class='ocrx_word' id='word_1_462' title='bbox 1679 4276 1808 4326; x_wconf 86' lang='lat' dir='ltr'><strong>urbe</strong></span> <span class='ocrx_word' id='word_1_463' title='bbox 1830 4285 1984 4328; x_wconf 83' lang='lat' dir='ltr'><strong>natus</strong></span> <span class='ocrx_word' id='word_1_464' title='bbox 2006 4276 2141 4325; x_wconf 85' lang='lat' dir='ltr'><strong>libro</strong></span> <span class='ocrx_word' id='word_1_465' title='bbox 2162 4284 2313 4326; x_wconf 84' lang='lat' dir='ltr'><strong>extra</strong></span> <span class='ocrx_word' id='word_1_466' title='bbox 2334 4274 2537 4324; x_wconf 85' lang='lat' dir='ltr'><strong>urbem.</strong></span> 
     </span>
     <span class='ocr_line' id='line_1_88' title="bbox 1469 4351 2541 4416; baseline -0.006 -12"><span class='ocrx_word' id='word_1_467' title='bbox 1469 4354 1635 4407; x_wconf 83' lang='lat' dir='ltr'><strong>habet</strong></span> <span class='ocrx_word' id='word_1_468' title='bbox 1660 4354 1794 4405; x_wconf 86' lang='lat' dir='ltr'><strong>enim</strong></span> <span class='ocrx_word' id='word_1_469' title='bbox 1834 4353 1959 4405; x_wconf 86' lang='lat' dir='ltr'><strong>urbs</strong></span> <span class='ocrx_word' id='word_1_470' title='bbox 1983 4365 2132 4403; x_wconf 79' lang='lat' dir='ltr'><strong>suum</strong></span> <span class='ocrx_word' id='word_1_471' title='bbox 2166 4351 2425 4416; x_wconf 85' lang='lat' dir='ltr'><strong>quendam</strong></span> <span class='ocrx_word' id='word_1_472' title='bbox 2455 4364 2541 4399; x_wconf 83' lang='lat' dir='ltr'><strong>na·</strong></span> 
     </span>
    </p>
   </div>
  </div>
 </body>
</html>
