2985 4937
644 465 722 512 Μ.
768 463 936 512 VAI..

270 610 567 677 censentur,
595 606 683 671 qui
705 606 841 657 sacri
862 606 1137 657 habentur.
1202 606 1320 658 Val.

269 680 475 733 Flaccus
521 683 634 741 lib„
661 688 708 734 l.
758 683 1050 749 Argonaut.
1130 685 1146 712 ‘
1177 686 1320 734 Ecce

269 752 422 822 sacer,
435 767 690 824 totusque
710 761 832 825 Dei,
851 776 945 825 per
966 762 1150 813 littora
1167 763 1318 826 Mop-

233 880 234 883 ,
266 851 343 886 sus
375 837 646 887 zlmmanis
705 839 838 902 visu,
895 839 1182 903 vittamque
1231 842 1320 888 co-'

268 915 528 979 mamque,’
546 918 649 967 ὅτε.
683 917 845 975 Nota,
865 922 879 946 ‘
896 918 1159 982 Totusque
1177 915 1318 979 Dei,’

269 990 317 1038 id
339 1003 434 1053 est,
454 993 577 1042 Deo
617 994 819 1056 plenus,
851 1000 908 1044 et
942 993 1118 1044 furore
1142 994 1321 1043 divino

270 1065 477 1118 afflatus.
498 1070 705 1119 Herald.
757 1071 939 1135 Epigr.
960 1074 1097 1123 20.1.
1115 1072 1163 1122 3.
1183 1087 1319 1122 vers.

268 1148 313 1194 7.
332 1153 383 1195 ct
405 1146 588 1210 Epigr.
610 1153 660 1197 5.
686 1148 792 1198 Lo.
820 1164 953 1199 vers.
975 1153 1024 1200 8.

277 1254 282 1259 -
329 1226 357 1270 7
392 1223 593 1272 Centum
622 1224 809 1288 gravis,
837 1225 944 1288 ξω]
975 1221 1249 1277 “Judicium
1272 1240 1318 1275 c.

183 1298 190 1313 ‘
270 1296 482 1347 virorum
506 1300 597 1364 qui
622 1300 690 1349 de
726 1302 1059 1351 testamentis
1083 1309 1138 1351 et
1157 1302 1321 1351 haere-

270 1372 507 1423 ditatibus
531 1377 588 1425 in
611 1391 705 1425 suo
727 1375 840 1426 foro
863 1377 1010 1427 hasta
1043 1379 1210 1441 posita
1236 1379 1330 1444 jus

267 1448 516 1513 dicabant,
549 1453 986 1518 quemadmodum
1018 1457 1324 1506 auctionarii

270 1526 317 1575 in
350 1531 482 1578 atrio
520 1530 851 1580 auctionario
883 1531 1035 1581 hasta
1069 1534 1326 1596 praeconis

272 1605 446 1664 posita.
511 1605 652 1655 Vide
676 1606 858 1670 Epigr.
880 1611 984 1656 38..
999 1606 1089 1656 lib.
1110 1612 1160 1657 6.
1188 1623 1323 1658 vers.

269 1683 312 1727 5.
344 1686 399 1729 et
418 1681 637 1730 consule
671 1682 966 1732 Cornelium
1001 1684 1183 1734 Vitell.
1215 1683 1324 1733 An-

271 1765 427 1808 notat.
450 1760 812 1822 inMerulam,
834 1775 951 1825 cap.
974 1766 1030 1811 21
1044 1797 1058 1811 .

274 1876 280 1883 .
328 1836 656 1899 5),me
705 1836 778 1884 bis
822 1837 970 1900 senis]
1037 1838 1326 1903 Postquam

271 1913 446 1961 consul
463 1911 644 1963 fuerat
665 1929 730 1963 eo
754 1928 890 1964 anuo
919 1930 1023 1980 quo
1048 1912 1193 1965 Nero
1216 1931 1332 1980 per-

247 1994 250 1995 ’
273 1988 344 2038 iit.
376 1990 514 2040 Plin.
536 1991 658 2042 Sec.
677 1990 768 2041 lib.
791 1996 842 2041 3.
865 1992 1034 2056 Epist.
1056 1996 1108 2041 7.
1154 1992 1331 2054 Ingen-

271 2068 357 2114 tem
373 2073 573 2130 asserto,
607 2068 714 2131 ξω]
770 2064 888 2120 Quo
912 2074 1165 2118 terrarum
1191 2070 1332 2119 orbis

272 2142 320 2193 in
356 2141 651 2196 libertatem
693 2154 923 2195 assertus
966 2155 1070 2208 est,
1113 2153 1331 2211 tyranno

274 2219 473 2270 Nerone
491 2221 560 2271 ad
580 2223 684 2272 vim
696 2222 796 2271 sibi
808 2221 1131 2273 inferendam
1146 2222 1333 2273 adacto

274 2303 325 2345 et
344 2298 538 2348 occiso.

333 2379 391 2426 11
422 2375 671 2424 Emeritos
683 2376 971 2440 Musis,&c.]
1002 2377 1136 2426 Foro
1151 2375 1335 2426 emeri-

273 2457 347 2501 tus
369 2454 593 2504 secessit
613 2453 666 2503 in
690 2453 1045 2518 Campaniam,
1067 2453 1154 2503 ubi
1170 2452 1332 2503 Musis
1363 2446 1368 2457 ³

271 2532 469 2580 vacavit
502 2532 827 2596 scripsitque
861 2532 1090 2581 carmine
1122 2532 1332 2580 heroico

275 2609 348 2656 17.
364 2607 525 2658 libros
543 2608 611 2657 de
634 2608 838 2657 Punico
855 2607 993 2658 bello
1015 2608 1270 2659 secundo.

335 2684 490 2735 Eme.
517 2697 680 2733 mxiv.
717 2684 798 2733 Ex
823 2690 1052 2745 tonsore,
1078 2683 1333 2733 beneficio

275 2757 487 2828 fosminae
511 2759 684 2810 factus
706 2774 861 2824 eques
892 2760 1193 2821 Cinnamus,
1226 2765 1284 2808 et
1302 2751 1364 2807 a

277 2839 560 2904 nescioquo
578 2844 792 2886 vocatus
809 2836 981 2901 injus,
995 2836 1124 2885 abiit
1140 2837 1191 2884 in
1209 2836 1337 2885 Sici-

275 2915 386 2965 liam
403 2917 693 2976 exulatum.
743 2916 912 2965 Poeta
928 2915 1185 2965 inscitiam
1198 2916 1336 2964 illius

278 2992 513 3054 irridens,
527 2994 601 3042 ait
619 2993 765 3042 illum
780 2992 1068 3041 rediturum
1086 2993 1151 3042 ad
1171 3000 1336 3043 artem

280 3079 554 3133 assuetam,
570 3085 687 3136 cum
710 3071 861 3119 aliam
877 3084 979 3119 non
994 3077 1170 3120 teneat
1189 3086 1205 3132 ;
1240 3072 1337 3120 ite·

281 3160 488 3214 rumque
514 3156 775 3197 tonsorem
800 3145 928 3195 fore.
961 3147 1090 3196 Rad.

345 3228 369 3273 1
396 3226 498 3282 Qui
519 3230 676 3273 tonsor
678 3223 870 3285 fueras,
880 3223 984 3288 qm]
1005 3223 1162 3272 Hunc
1182 3224 1342 3276 credo

283 3301 492 3376 innuere
510 3304 840 3361 Juvenalem,
855 3302 1029 3364 Satyr.
1054 3306 1097 3351 1.
1120 3306 1340 3351 vers.25.
1365 3299 1368 3306 ⁴

283 3412 293 3418 -
342 3384 372 3429 3
405 3380 629 3430 Sicanias
644 3379 799 3442 urbes,
825 3379 934 3443 ξω]
986 3379 1050 3428 In
1081 3379 1170 3443 jus
1196 3395 1343 3430 voca-

286 3461 362 3504 tus
377 3457 601 3507 mutavit
624 3456 805 3519 solum,
820 3455 905 3505 vel
925 3457 1192 3505 exulatum
1215 3456 1344 3506 abiit

285 3530 337 3581 in
355 3532 602 3583 Siciliam.

287 3700 365 3737 mo
384 3703 483 3738 nec
504 3687 718 3737 sordida
739 3693 854 3736 arte
878 3686 1173 3738 instructus.

315 3770 380 3815 6
411 3764 617 3828 Infelix]
652 3765 717 3814 In
740 3764 914 3815 exilio.

329 3847 376 3903 ,7
410 3843 592 3892 Ludive
613 3841 878 3903 Magister]
912 3842 1191 3893 Literator.
1234 3844 1346 3892 Do-

291 3919 461 3968 mitius
505 3918 590 3974 de
611 3920 800 3968 lanista
842 3918 1125 3982 intelligit:
1184 3920 1346 3983 magis

293 3997 531 4045 convenit
566 3981 1004 4058 praecedentibus,
1023 4002 1086 4045 ut
1116 3996 1181 4044 de
1219 3997 1348 4046 libe·

294 4077 460 4122 ratore
482 4072 767 4134 intelligas.
1335 4094 1340 4103 ·

353 4152 385 4196 8
419 4149 529 4198 Non
554 4148 779 4213 cynicus,
800 4147 909 4210 ξω]
944 4147 1152 4197 Nullius
1184 4154 1347 4198 sectae

296 4209 640 4288 philosophus.

355 4304 387 4349 9
425 4302 652 4362 Vendere,
686 4299 792 4363 ξω]
830 4300 1035 4361 Prisco,
1072 4314 1138 4349 an
1178 4300 1350 4364 potius

299 4379 627 4440 caussidicus,
674 4378 764 4443 qui
804 4369 993 4428 ‘voces
1036 4377 1348 4441 prostituere

985 461 1403 519 MARTIALIS
1454 464 1704 514 EPIGR.
1751 466 1900 516 1213.
1949 466 2080 515 Vll.

2283 430 2457 517 1291

1389 605 1540 656 foro?
1605 608 1761 660 ovid.
1785 610 1934 674 Eleg.
1959 614 2040 659 15.
2071 608 2162 659 lib.
2199 608 2247 659 1:
2280 610 2460 661 Amor.

1393 685 1409 711 ‘
1425 685 1646 734 clamosi
1662 686 1866 735 rabiosa
1881 685 1980 736 fori
1995 686 2030 738 J
2036 687 2180 751 urgia
2196 688 2462 737 vendere!

1392 761 1593 810 Seneca
1611 766 1723 813 171.
1747 777 1889 814 vers.
1905 763 2070 814 Herc.
2084 765 2177 813 Fu.
2199 767 2215 793 ‘
2236 766 2462 816 solicitis

1393 839 1622 889 vendere
1661 840 1991 891 verba‘reis’
2027 842 2222 892 dicitnr
2258 849 2460 904 nostro,
2510 877 2519 895 .

1395 916 1577 980 Epigr.
1600 914 1680 968 16.
1702 914 1790 967 lib.
1811 923 1863 967 5.
1898 918 2219 983 Plammqtoe
2241 921 2464 984 theatris]

1394 992 1620 1053 Histrio,
1653 999 1746 1043 aut
1768 994 2103 1043 citharoedus.

1458 1071 1622 1122 Erro.
1654 1084 1786 1121 mxv.
1820 1076 1852 1121 2
1891 1072 2058 1121 Tribus
2070 1072 2225 1136 forie]
2278 1077 2326 1122 1.
2361 1075 2464 1123 Ve-

1399 1146 1521 1195 teri*
1549 1148 1795 1198 Romano.
1846 1153 1895 1197 2.
1931 1148 2043 1198 Caii
2083 1149 2190 1200 Jnl.
2235 1149 2370 1199 Caes.
2411 1155 2462 1202 3.

1400 1223 1645 1288 Augusti.
1684 1226 1782 1289 Ep.
1800 1228 1883 1276 38.
1905 1225 1998 1276 lib.
2024 1232 2074 1276 8.
2098 1241 2233 1276 vers.
2252 1231 2302 1276 4.

1465 1305 1497 1350 8
1541 1301 1731 1363 Viginti
1770 1302 1934 1364 litigat
1987 1303 2125 1352 annis
2179 1303 2467 1367 Quisquam]

1400 1377 1575 1426 Satius
1589 1377 1761 1427 fuerat
1776 1379 1934 1427 semel
1945 1379 2258 1444 vinci‚qnam
2268 1380 2466 1431 ducere

1403 1454 1551 1503 litem
1587 1460 1646 1503 et
1679 1453 1820 1504 ferre
1841 1455 2106 1519 impendia
2126 1462 2182 1505 et
2203 1456 2467 1508 molestias

1403 1530 1583 1593 viginti
1603 1545 1869 1589 annorum,
1892 1532 2048 1580 etiam
2072 1547 2189 1581 cum
2211 1535 2445 1587 victoria.

1469 1606 1637 1656 Eme.
1662 1619 1812 1655 val.
1835 1610 1859 1655 1
1898 1608 1981 1656 Ex
1997 1622 2099 1657 asse
2112 1608 2329 1673 reliquit]
2365 1612 2468 1660 Bo-

1379 1698 1386 1707 ’
1405 1681 1483 1730 nis
1502 1680 1728 1731 universi
1753 1682 2062 1747 patrimonii.

1468 1763 1501 1808 2
1539 1759 1656 1807 Plus
1685 1760 1907 1809 meruisse
1944 1764 2102 1809 tamen
2138 1775 2190 1810 se
2230 1761 2471 1811 Labienus

1402 1835 1498 1900 ait]
1542 1835 1801 1884 Labienus
1842 1836 1915 1884 ait
1951 1850 2008 1885 se
2047 1835 2163 1899 plus
2202 1838 2470 1900 meruisse,

1404 1912 1490 1977 qui
1515 1913 1666 1976 plura
1686 1913 1847 1962 Fabio
1871 1913 2080 1962 donarit
2103 1929 2254 1979 quam
2277 1928 2342 1964 ex
2367 1921 2475 1964 tes-

1405 1980 1637 2038 tamento
1655 1990 1869 2053 accepit
1889 2006 1905 2039 z
1940 1997 1997 2038 et
2013 2004 2109 2053 ego
2123 1990 2316 2055 (innuit
2336 1989 2472 2040 Poe-

1406 2063 1485 2130 ta)
1509 2066 1690 2130 majori
1728 2066 1920 2117 damno
1954 2074 2011 2116 et
2044 2067 2164 2117 dolo
2186 2067 2471 2117 Labienum

1406 2140 1618 2205 dignum
1641 2156 1851 2203 censeo,
1870 2142 1957 2206 qui
1976 2157 2073 2207 per
2093 2141 2332 2193 fraudem
2354 2158 2478 2206 cap·

1408 2219 1539 2269 tavit
1559 2212 1941 2268 haereditatem.
1968 2244 1971 2247 ·
2008 2218 2166 2269 Ludit
2181 2220 2324 2269 enim
2339 2219 2476 2268 Poe·

1408 2304 1464 2344 ta
1480 2295 1533 2343 in
1560 2296 1817 2358 ambiguo,
1837 2295 1852 2322 ‘
1870 2299 2120 2345 meruisse
2136 2296 2150 2318 ’
2173 2296 2316 2346 enim
2333 2303 2390 2346 et
2408 2297 2475 2345 ad

1408 2386 1632 2436 poenam,
1677 2379 1733 2421 et
1783 2371 1848 2420 ad
1902 2373 2173 2436 praemium
2228 2371 2478 2423 refertur.
2505 2378 2508 2382 ’

1409 2449 1671 2500 Labienus
1698 2440 1765 2499 de
1809 2448 2270 2513 praemiolaccipiss
2303 2449 2476 2500 Poeta
2510 2471 2511 2474 ¹

1410 2528 1477 2577 de
1500 2542 1652 2591 poena
1671 2526 1946 2589 intelligit3
1978 2527 2119 2592 quasi
2134 2527 2318 2590 majori
2341 2529 2477 2578 malo

1407 2607 1496 2656 ille
1539 2606 1865 2669 haeredipeta
1912 2603 2076 2653 fuerit
2129 2605 2479 2669 mulctandus,

1408 2698 1507 2733 nec
1533 2698 1663 2731 unus
1687 2681 1896 2747 quidem
1919 2697 1975 2731 as
2002 2681 2276 2745 legendus.
2336 2681 2476 2730 Vide
2504 2703 2507 2704 ⁷

1408 2760 1713 2813 Turnebum
1734 2762 1826 2810 lib.
1844 2764 1928 2811 24.
1949 2764 2167 2823 cap.28.
2324 2796 2332 2804 ,

1475 2842 1637 2891 Eme.
1662 2852 1862 2888 vam.
1902 2842 1926 2887 1
1966 2837 2179 2886 Instanti
2203 2835 2349 2898 Rufe,
2369 2836 2479 2900 ξω]

1413 2920 1499 2968 De
1522 2919 1620 2967 hoc
1644 2916 1826 2966 eodem
1845 2915 2104 2964 Instantio
2120 2912 2277 2970 Rufo,
2297 2914 2482 2978 Epigr.

1411 3001 1495 3047 51.
1522 2995 1614 3045 lib.
1639 2999 1687 3044 8.
1710 3003 1764 3042 et
1785 2995 1967 3056 Epigr.
1989 2996 2070 3041 97.
2092 2990 2184 3041 lib.
2206 2995 2287 3040 12.

1477 3078 1510 3123 4
1554 3074 1641 3124 Vel
1660 3055 1825 3133 c'urio,
1840 3072 1944 3134 ssa]
1975 3068 2077 3118 Vel
2098 3066 2483 3118 continentissi-

1413 3151 1529 3214 mis,
1551 3148 1885 3214 gravissimis,
1903 3154 1957 3196 et
1975 3146 2313 3195 severissimis
2331 3144 2450 3195 viris
2470 3161 2486 3195 ε

1415 3229 1512 3293 hoc
1535 3234 1638 3289 est,
1671 3226 1736 3289 si,
1775 3240 1806 3274 o
1840 3225 2088 3286 Instanti,
2110 3238 2261 3273 socer
2289 3229 2410 3272 tuus'
2428 3224 2488 3271 li-

1415 3304 1579 3353 bellos
1601 3316 1743 3351 meos
1766 3300 1975 3374 legerit,
1998 3300 2193 3349 nullum
2216 3299 2485 3349 existima-

1418 3382 1503 3444 bo,
1526 3379 1872 3446 quamtumvis
1898 3391 2129 3441 gravem‚
2152 3376 2484 3446 rejecturum.

1486 3459 1643 3507 Eme.
1679 3468 1833 3504 nxix.
1866 3455 2121 3517 Sponsam
2145 3453 2290 3503 Canii
2315 3453 2487 3516 ροὲῐω

1365 3537 1370 3540 ’
1416 3532 1775 3597 Theophilam,
1807 3530 1871 3579 ab
1895 3531 2153 3594 exquisita
2173 3529 2410 3579 doctrina
2433 3535 2488 3578 et

345 3616 382 3659 ὁ
409 3610 607 3660 Iinstilis
625 3608 797 3672 mos]
833 3608 995 3659 Nulla
1016 3609 1231 3660 honesta
1252 3607 1370 3659 im-¹

1421 3609 1670 3675 singulari
1692 3607 2001 3657 castimonia
2021 3605 2219 3657 laudat.

1487 3692 1516 3736 1
1551 3685 1793 3735 Promissa
1824 3684 2104 3749 Theophila]
2133 3684 2351 3747 Sponsa,
2369 3696 2491 3732 con·

1409 3764 1530 3827 jux.
1601 3760 1748 3823 Cani]
1787 3759 1977 3821 Poeta,
1992 3759 2059 3808 de
2083 3774 2184 3823 qno
2202 3759 2385 3823 Epigr.
2406 3762 2491 3810 62.

1423 3849 1478 3890 et
1501 3839 1682 3903 Epigr.
1704 3841 1788 3885 70.
1814 3835 1902 3884 lib.
1926 3839 1974 3883 1.
1994 3842 2050 3883 et
2068 3834 2254 3897 Epigr.
2274 3836 2358 3883 20.
2380 3834 2416 3884 1.
2438 3838 2490 3883 3.

1486 3921 1518 3966 2
1557 3916 1707 3976 Civ'us
1733 3912 1980 3975 Cecropia,
2006 3909 2117 3973 ξω]
2153 3911 2343 3976 (ἔπαισε
2375 3909 2491 3959 eru-

1365 3999 1368 4002 ’
1423 3992 1557 4042 dita.

1488 4073 1520 4117 3
1555 4066 1702 4116 Hanc
1732 4063 1826 4113 sibi
1858 4062 1978 4124 jure
2012 4060 2172 4126 petat]
2230 4062 2383 4112 Hanc
2423 4063 2489 4113 si-

1424 4146 1480 4196 bi
1515 4143 1819 4206 discipulam
1858 4138 2119 4201 vendicet,
2156 4146 2340 4202 utpote
2385 4139 2491 4189 dis-

1424 4224 1634 4287 ciplinae
1659 4234 1766 4268 suae
1791 4217 2048 4278 aemulam,
2070 4216 2331 4280 Epipurus
2352 4219 2490 4281 mag.

1425 4314 1523 4349 nus
1564 4311 1741 4358 senex,
1782 4294 1936 4343 horto
1972 4307 2075 4358 quo
2107 4292 2492 4356 gaudebatce-

1426 4375 1604 4427 lebris.
1686 4372 1790 4423 Alii
1844 4371 1947 4434 leg.
1986 4371 2156 4433 magni
2193 4371 2318 4419 senis
2368 4370 2492 4421 altus
