2985 4937
537 415 711 482 1438

539 591 651 626 mas
672 575 933 641 reunquit,
947 576 1045 626 sibi
1067 576 1239 654 vinnm
1259 577 1446 641 poscit.
1496 576 1603 630 Qui

542 661 714 703 tamen
737 655 881 704 locus
903 656 1002 704 erit
1034 655 1296 713 illustrior,
1328 655 1373 706 si
1408 656 1601 705 Taren·

1238 431 1454 481 NOTAE
1506 432 1907 481 vammum
1929 463 1934 470 ·
1957 433 2036 482 m

1734 578 1897 628 Erro.
1935 590 2157 628 cxxvn.
2225 578 2473 628 Extremo
2503 573 2729 625 disticho-

1671 654 1911 705 adulatur
1968 656 2162 706 Caesari
2223 655 2540 717 Domitiano,
2580 654 2705 703 velut

542 738 649 780 tum
667 731 799 781 lanis
823 744 925 780 non
956 731 1145 781 nativis
1175 737 1391 795 tantum,
1429 732 1523 781 sed
1547 738 1603 782 ct
1668 732 1809 794 Deo,
1850 730 1916 781 ad
1947 733 2093 796 cnjus
2133 740 2313 782 nutum
2341 738 2526 782 natura
2557 737 2708 781 vertat

537 822 769 873 purpura
791 809 969 859 tinctis
986 809 1186 859 laudari
1204 810 1605 872 meminerimus,

539 890 601 935 ut
640 883 732 934 lib.
778 888 828 934 2.
872 885 1041 949 Epist.
1088 889 1136 934 1.
1190 885 1372 935 Horat.
1424 887 1442 915 ⁴
1460 886 1601 939 Quid

538 962 718 1025 placet
748 961 905 1026 crgo?
938 963 1084 1012 Lana
1122 962 1405 1014 Tarentino
1440 963 1602 1013 violas

538 1037 744 1088 imitata
766 1037 1001 1088 veneno!
1066 1039 1155 1088 De
1187 1038 1362 1089 nativa
1384 1054 1506 1090 vero
1528 1041 1601 1090 la·

537 1130 621 1165 nae
643 1115 946 1166 Tarentina
969 1115 1185 1166 mollitie
1209 1116 1404 1167 Plinius
1433 1118 1524 1168 lib.
1549 1124 1599 1171 8.

537 1208 657 1257 cap.
674 1197 759 1243 48.
789 1192 1078 1243 Torrentius.
1127 1193 1425 1257 Aulon‚&c.]
1444 1195 1599 1245 Mons

540 1269 816 1331 Calabriae,
835 1276 1017 1320 contra
1033 1268 1337 1319 Tarentum.

604 1349 782 1398 Eme.»
799 1358 990 1397 cxxv1.
1069 1351 1096 1396 1
1137 1346 1453 1408 Unguentum,
1495 1347 1601 1411 ξω]

539 1424 873 1489 Praeceptum
887 1424 984 1473 hoc
1000 1437 1065 1472 ex
1086 1422 1297 1487 Epicuri
1310 1423 1601 1489 disciplina,

540 1509 599 1553 ut
620 1502 835 1568 quisque
852 1502 953 1551 suis
962 1487 1117 1551 'bonis
1136 1514 1359 1563 praesens
1377 1516 1602 1565 proesen-

538 1580 680 1630 tibus
715 1577 939 1644 fruatur,
960 1579 1254 1644 presertim
1276 1593 1393 1643 qnae
1417 1578 1484 1628 ad
1515 1595 1602 1629 cn·

538 1665 643 1709 tem
686 1656 968 1708 curandam
1019 1657 1304 1721 pertinent.
1391 1656 1452 1705 In
1499 1671 1601 1721 quo

539 1728 751 1800 genere,
791 1736 932 1798 vina,
966 1733 1169 1795 odores,
1203 1742 1484 1798 unguenta,
1505 1737 1602 1784 ὅτε.

538 1813 675 1863 Vide
697 1811 876 1878 Epigr.
896 1815 977 1863 27.
1016 1812 1108 1861 lib.
1129 1816 1181 1863 6.
1219 1818 1276 1861 et
1315 1810 1495 1876 Epigr.
1519 1815 1601 1861 77.

544 1890 701 1948 lib-8·

1671 807 1831 868 vices,
1851 808 2006 858 solita
2029 809 2171 874 prius
2190 824 2359 858 rosam
2386 823 2504 859 vere
2530 815 2733 858 tantum·

1672 884 1907 948 gignere,
1928 900 2066 935 nnnc
2081 893 2253 936 antem
2272 893 2330 936 et
2346 894 2604 949 autumno,
2620 885 2708 934 imo

1671 959 1785 1024 ipsa
1821 962 2039 1026 hyemes
2073 962 2319 1029 quodque
2356 965 2609 1014 hominum
2643 976 2710 1010 so·

1672 1036 1825 1086 lertia
1866 1035 2047 1100 fiebat,
2100 1039 2156 1089 id
2210 1041 2432 1090 Caesaris
2474 1036 2712 1090 divinitati

1671 1114 1930 1165 attribuit.
1965 1116 2097 1166 Rea.

1738 1196 1764 1241 1
1801 1192 2100 1256 Festinata]
2149 1194 2442 1258 Praecoccs,
2464 1200 2583 1244 ante
2602 1200 2715 1244 tem-

1673 1283 1770 1331 pus
1820 1270 2205 1333 provenientes.
2284 1272 2355 1321 Et
2400 1270 2550 1321 addit
2588 1272 2604 1299 ‘
2623 1270 2716 1319 Dat

1673 1345 1892 1409 bruma,’
1917 1347 2038 1412 qnia
2059 1362 2236 1399 mense
2259 1348 2540 1399 Decembri
2557 1348 2716 1398 Satur·

1672 1426 1809 1475 ualia
1841 1424 2247 1476 celebrabantur
2278 1431 2335 1475 et
2373 1426 2551 1476 Xenia
2570 1424 2720 1474 mitte·

1671 1500 1880 1551 bantur.
1947 1503 2211 1567 Epigram.
2228 1508 2308 1553 8⁰.
2324 1503 2413 1554 lib.
2437 1509 2489 1553 6.
2558 1504 2721 1563 Cesar,

1673 1579 1766 1628 tibi
1788 1578 1951 1628 bruma
1973 1580 2190 1642 coronas]
2210 1581 2528 1631 Domitiano.
2549 1580 2720 1644 Supra,

1675 1656 1831 1720 Epig.
1854 1659 1906 1705 4.
1930 1670 2069 1706 vers.
2091 1662 2140 1707 1.
2159 1661 2212 1707 2.

1737 1737 1769 1784 2
1805 1734 2054 1790 Qnmdm
2073 1733 2198 1783 veris
2215 1733 2494 1798 eranam-‚1
2542 1733 2723 1783 Natura

1673 1826 1767 1860 sna
1805 1822 1957 1861 erant
1997 1825 2191 1872 vernae,
2233 1812 2287 1860 in
2329 1819 2476 1861 tuam
2522 1809 2721 1876 gratiam
2744 1861 2749 1866 ,

1672 1888 1922 1952 hybernae
1946 1886 2104 1938 factoe
2128 1896 2266 1938 sunt.

616 2309 1259 2387 EPIGRAMM.
1303 2307 1523 2384 LIB.
1553 2303 1784 2381 XIV.
1849 2306 2635 2385 APOPHORETA.

606 2508 703 2563 Cui
717 2514 1018 2580 Apophoreta
1038 2514 1242 2565 inditum
1258 2514 1448 2579 nomen]
1489 2514 1603 2564 Do·

537 2604 757 2656 na,quae
782 2591 834 2641 in
860 2592 1216 2642 Saturnalibus
1253 2592 1443 2641 dantur
1476 2605 1602 2640 con-

538 2667 666 2717 vivis
706 2668 913 2719 domum
965 2667 1202 2731 ferenda,
1245 2667 1311 2718 ab
1368 2665 1601 2730 ἀποφέρω.

535 2758 658 2792 mox
680 2745 868 2809 Epigr.
883 2750 928 2794 1.
971 2747 989 2775 ‘
1006 2745 1233 2794 Praemia
1251 2745 1482 2795 convivae
1496 2744 1603 2804 *det

538 2836 629 2871 sus
663 2821 881 2887 quisque
904 2821 1030 2872 suo.'
1094 2820 1478 2885 ‘Vespasianus
1512 2821 1600 2871 da-

535 2899 647 2962 bat,
661 2900 795 2950 sicut
812 2899 1173 2950 Saturnalibus
1188 2900 1511 2963 apophoreta
1525 2898 1600 2948 vi-

536 2976 626 3036 ris,
659 2977 736 3026 ita
769 2986 823 3026 et
847 2992 942 3041 per
965 2976 1222 3026 calendas
1255 2968 1477 3025 Martias
1506 2973 1600 3025 foe-

534 3051 721 3102 minis!
801 3053 1076 3102 Suetonius
1126 3054 1288 3117 Vesp.
1343 3067 1462 3116 cap.
1519 3057 1601 3103 19.

534 3129 763 3180 Tui-neb.
802 3129 891 3179 lib.
911 3133 993 3178 28.
1016 3144 1133 3192 cap.
1156 3132 1238 3178 32.
1580 3118 1587 3129 ’

599 3207 763 3257 Erre.
799 3221 839 3256 1.
905 3205 988 3257 Ad
1032 3207 1282 3256 lectorem
1329 3206 1428 3256 hoc
1455 3205 1601 3270 Epi·

535 3299 763 3347 gramma
784 3285 1036 3349 scriptum
1058 3283 1205 3349 qnasi
1233 3282 1600 3349 praefatiuncu-

533 3362 597 3410 1ae
637 3361 786 3421 loco;
821 3376 922 3426 quo
952 3360 1209 3411 describit
1248 3361 1468 3426 carptim
1508 3361 1601 3411 Sa·

530 3437 868 3487 turnaliorum
915 3439 1337 3503 celebrationem,
1382 3445 1436 3490 et
1477 3440 1600 3489 libri

531 3515 799 3565 materiam
838 3516 1165 3566 humiliorem
1189 3522 1424 3579 excusat,
1441 3532 1600 3582 opus-

532 3606 632 3657 que
681 3607 713 3642 a
757 3592 1018 3643 brevitate
1068 3595 1407 3646 distichorum
1461 3610 1600 3646 com·

528 3670 757 3721 mendat.
804 3670 928 3721 Rau.

600 3752 624 3796 1
660 3746 990 3813 Synthesibus,
1034 3749 1143 3812 ξω]
1204 3750 1345 3799 Dum
1389 3749 1598 3814 equites

529 3833 585 3876 ct
609 3825 887 3875 Senatores
909 3841 1004 3890 pro
1035 3826 1248 3876 licentia
1281 3827 1598 3877 Saturnalic-

527 3917 639 3952 rum
680 3901 956 3965 indulgent
995 3903 1167 3967 genio,
1204 3911 1260 3953 et
1286 3902 1486 3952 diurnis
1508 3917 1595 3953 va-

530 3987 654 4029 cant
714 3980 985 4044 conviviis,
1039 3981 1330 4045 syntheses,
1386 3980 1464 4030 id..
1497 3993 1599 4047 est,

527 4064 702 4109 vestes
726 4057 1038 4107 coenatorias
1060 4056 1243 4107 induti.
1308 4058 1491 4121 Epigr.
1512 4062 1597 4108 46.

530 4132 619 4181 lib.
659 4137 708 4184 2.
746 4147 881 4184 vers.
920 4135 968 4183 4.
1033 4133 1359 4197 Dominamque
1379 4133 1597 4198 senatus]

529 4209 764 4258 Alciatns
826 4210 954 4272 legit
1018 4211 1310 4274 dominisque
1372 4217 1597 4262 matus.-

530 4284 668 4347 quod
692 4284 883 4334 domini
907 4295 1014 4333 tum
1038 4286 1203 4336 servis
1219 4286 1596 4340 ministrarent.

530 4360 706 4409 Male:
741 4374 860 4409 nam
882 4361 1096 4415 dominus
1131 4369 1212 4412 est
1242 4364 1564 4416 convivator.
1602 4396 1607 4401 -

1738 2511 1771 2557 2
1805 2507 1947 2559 Pitea
1978 2510 2190 2575 sumpta]
2228 2510 2402 2575 epigr.
2443 2516 2496 2565 ⁷.
2534 2509 2621 2561 lib.
2648 2502 2726 2559 u.

1676 2598 1812 2635 vers.
1834 2591 1886 2637 4.
1948 2588 2143 2652 Jovem]
2181 2590 2558 2652 Domitianum,
2580 2597 2635 2638 ut
2655 2602 2726 2636 su·

1677 2675 1771 2726 pra
1805 2678 1976 2727 saepe3
2011 2672 2066 2715 et
2106 2664 2224 2715 vide
2259 2667 2443 2731 Epigr.
2468 2673 2519 2718 4.
2545 2667 2633 2717 lib.
2657 2669 2726 2715 1³.

1677 2753 1811 2789 vers.
1832 2745 1884 2791 2.
1949 2743 2066 2806 Vel,
2088 2744 2381 2794 Saturnalia
2412 2759 2446 2794 a
2468 2746 2602 2797 Jove
2621 2743 2727 2792 dats

1674 2816 1932 2867 Saturno:
1960 2826 2021 2869 ut
2043 2834 2194 2870 mox:
2221 2822 2400 2875 ‘Quos
2415 2824 2509 2874 tibi
2532 2837 2724 2888 pro-cte·

1675 2895 1724 2944 lo
1743 2893 1877 2945 filius
1899 2896 2012 2961 ipse
2028 2898 2212 2949 dedit!

1738 2976 1769 3022 8
1806 2974 1910 3023 Nec
1952 2977 2091 3026 timet
2130 2978 2338 3042 aedilem]
2401 2978 2598 3029 AEdiles
2635 2976 2728 3027 sui-

1673 3051 2072 3102 madvertebant
2113 3054 2165 3103 in
2202 3054 2461 3105 aleatores
2485 3063 2632 3106 extra
2649 3054 2731 3103 Sa·

1677 3127 2016 3178 turn-liorum
2040 3128 2169 3181 dies.
2234 3131 2414 3194 Epigr.
2447 3137 2535 3189 58.
2575 3132 2661 3180 lib.
2679 3136 2722 3178 5.

1674 3204 1893 3274 Fritillo]
1930 3207 2110 3270 Epigr.
2131 3211 2212 3258 14.
2247 3208 2337 3258 lib.
2358 3213 2408 3260 4.
2435 3224 2573 3259 vers.
2595 3212 2641 3258 8.
2726 3198 2730 3203 ’

1737 3286 1768 3331 -t
1808 3284 1932 3332 Cum
1968 3285 2143 3346 videat,
2181 3285 2290 3349 ζα]
2324 3285 2458 3335 Cum
2497 3286 2629 3336 servi
2665 3282 2727 3331 vi-

1673 3359 1834 3410 deant
1876 3361 2059 3412 adesse
2114 3363 2484 3428 Decembrem,
2523 3374 2727 3414 mensem

1672 3438 1976 3501 hybernum.
2041 3440 2316 3506 Far-nobitas.
2398 3443 2541 3492 Puto
2580 3437 2731 3504 expli-

1673 3515 1930 3565 candum:
1964 3516 2015 3565 in
2060 3532 2186 3582 qnos
2230 3519 2374 3580 alias,
2411 3534 2532 3568 cum
2565 3518 2728 3567 Satur·

1671 3590 1813 3640 nalia
1836 3607 1936 3641 non
1962 3603 2100 3658 sunt,
2120 3594 2478 3658 deprehensus
2502 3594 2567 3644 ab
2590 3592 2727 3642 aedile

1673 3668 1870 3718 soleret
1904 3668 2152 3734 demergi.
2215 3673 2230 3699 ‘
2258 3671 2459 3721 Lacus'
2494 3673 2729 3734 interpre-

1674 3751 1758 3795 tor
1778 3745 2002 3796 cloacas.
2039 3748 2109 3796 Et
2129 3747 2231 3798 hnc
2256 3749 2414 3798 alludi
2433 3756 2561 3814 puto
2577 3747 2664 3797 lib.
2679 3750 2728 3793 ⁵.

1672 3824 1773 3885 Ep.
1796 3827 1880 3872 85.
1913 3823 1930 3851 ‘
1951 3822 2159 3874 Arcana
2200 3827 2353 3874 modo
2393 3833 2574 3891 raptus
2597 3839 2627 3874 c
2648 3836 2727 3887 po·

1674 3900 1794 3964 pina
1815 3900 2031 3967 AEdilcm
2051 3912 2202 3967 rogat
2216 3903 2349 3953 ndns
2365 3903 2598 3955 aleator!
2627 3901 2724 3952 Ne-

1672 3993 1774 4042 que
1799 3980 1935 4029 enim
1970 3982 1987 4009 ‘
2006 3979 2162 4029 udus’
2188 3970 2340 4044 ‘mihi,
2364 3980 2484 4030 vino
2513 3978 2729 4033 madens.

1672 4056 1764 4107 sed
1790 4072 1943 4122 aqua,
1960 4058 2010 4106 in
2033 4072 2137 4122 qna
2157 4072 2324 4122 poenae
2342 4072 2493 4109 causa
2513 4062 2727 4113 tenetur,

1675 4141 1731 4183 et
1752 4141 1924 4198 rogat,
1946 4140 2003 4184 ut
2026 4135 2245 4184 celerius
2277 4149 2344 4184 ex
2383 4149 2534 4200 poena
2571 4133 2725 4183 mim·

1671 4218 1779 4273 tur,
1831 4220 1887 4261 et
1953 4227 2056 4261 una
2108 4212 2359 4262 mersione
2416 4211 2725 4274 defungatur.

1673 4289 1997 4355 Quamquam
2036 4295 2092 4339 et
2131 4287 2376 4354 perfundi
2410 4304 2544 4354 aqua
2565 4295 2725 4352 potue·

1674 4368 1779 4419 rint
1821 4367 2157 4419 contumeliae
2215 4381 2370 4418 causa
2395 4384 2413 4419 τ
2456 4374 2515 4416 ut
2569 4365 2721 4429 ipsum
