<?xml version="1.0" encoding="UTF-8"?>
<!DOCTYPE html PUBLIC "-//W3C//DTD XHTML 1.0 Transitional//EN"
    "http://www.w3.org/TR/xhtml1/DTD/xhtml1-transitional.dtd">
<html xmlns="http://www.w3.org/1999/xhtml" xml:lang="en" lang="en">
 <head>
  <title>
</title>
<meta http-equiv="Content-Type" content="text/html;charset=utf-8" />
  <meta name='ocr-system' content='tesseract 3.04.00' />
  <meta name='ocr-capabilities' content='ocr_page ocr_carea ocr_par ocr_line ocrx_word'/>
</head>
<body>
  <div class='ocr_page' id='page_1' title='image "./marcivaleriimar09martgoog_0075.png"; bbox 0 0 2985 4937; ppageno 0'>
   <div class='ocr_carea' id='block_1_1' title="bbox 708 428 2088 483">
    <p class='ocr_par' dir='ltr' id='par_1_1' title="bbox 708 428 2088 483">
     <span class='ocr_line' id='line_1_1' title="bbox 708 428 2088 483; baseline -0.004 0"><span class='ocrx_word' id='word_1_1' title='bbox 708 436 786 483; x_wconf 82' lang='lat' dir='ltr'><strong>M.</strong></span> <span class='ocrx_word' id='word_1_2' title='bbox 832 434 1005 482; x_wconf 65' lang='lat' dir='ltr'><strong>val..</strong></span> <span class='ocrx_word' id='word_1_3' title='bbox 1054 428 1477 481; x_wconf 77' lang='lat' dir='ltr'><strong>MAR&#39;rlAms</strong></span> <span class='ocrx_word' id='word_1_4' title='bbox 1525 429 1769 478; x_wconf 73' lang='lat' dir='ltr'><strong>nmen.</strong></span> <span class='ocrx_word' id='word_1_5' title='bbox 1819 428 1963 476; x_wconf 78' lang='lat' dir='ltr'><strong>Lm.</strong></span> <span class='ocrx_word' id='word_1_6' title='bbox 2008 428 2088 478; x_wconf 76' lang='lat'><strong>1¹.</strong></span> 
     </span>
    </p>
   </div>
   <div class='ocr_carea' id='block_1_2' title="bbox 210 575 1359 647">
    <p class='ocr_par' dir='ltr' id='par_1_2' title="bbox 210 575 1359 647">
     <span class='ocr_line' id='line_1_2' title="bbox 210 575 1359 647; baseline -0.009 -14"><span class='ocrx_word' id='word_1_7' title='bbox 210 578 213 581; x_wconf 66' lang='grc'>’</span> <span class='ocrx_word' id='word_1_8' title='bbox 288 580 742 647; x_wconf 80' lang='lat' dir='ltr'><strong>suffragialaturus</strong></span> <span class='ocrx_word' id='word_1_9' title='bbox 767 578 1131 639; x_wconf 74' lang='lat' dir='ltr'><strong>claudebatur,</strong></span> <span class='ocrx_word' id='word_1_10' title='bbox 1150 590 1267 641; x_wconf 83' lang='lat' dir='ltr'><strong>quae</strong></span> <span class='ocrx_word' id='word_1_11' title='bbox 1283 575 1359 624; x_wconf 74' lang='lat' dir='ltr'><strong>lo-</strong></span> 
     </span>
    </p>
   </div>
   <div class='ocr_carea' id='block_1_3' title="bbox 287 652 1379 2802">
    <p class='ocr_par' dir='ltr' id='par_1_3' title="bbox 287 652 1358 865">
     <span class='ocr_line' id='line_1_3' title="bbox 287 652 1358 725; baseline -0.01 -13"><span class='ocrx_word' id='word_1_12' title='bbox 287 677 344 712; x_wconf 85' lang='lat' dir='ltr'><strong>ca</strong></span> <span class='ocrx_word' id='word_1_13' title='bbox 367 678 397 711; x_wconf 88' lang='lat' dir='ltr'><strong>a</strong></span> <span class='ocrx_word' id='word_1_14' title='bbox 418 661 763 711; x_wconf 80' lang='lat' dir='ltr'><strong>similitudine</strong></span> <span class='ocrx_word' id='word_1_15' title='bbox 781 661 796 689; x_wconf 87' lang='lat'>‘</span> <span class='ocrx_word' id='word_1_16' title='bbox 812 667 965 725; x_wconf 83' lang='lat' dir='ltr'><strong>septa</strong></span> <span class='ocrx_word' id='word_1_17' title='bbox 989 657 1004 680; x_wconf 90' lang='lat'>&#39;</span> <span class='ocrx_word' id='word_1_18' title='bbox 1028 662 1085 706; x_wconf 89' lang='lat' dir='ltr'><strong>et</strong></span> <span class='ocrx_word' id='word_1_19' title='bbox 1129 657 1144 685; x_wconf 78' lang='lat'><em>⁶</em></span> <span class='ocrx_word' id='word_1_20' title='bbox 1167 652 1358 703; x_wconf 86' lang='lat' dir='ltr'><strong>ovilia’</strong></span> 
     </span>
     <span class='ocr_line' id='line_1_4' title="bbox 291 732 1358 804; baseline -0.007 -15"><span class='ocrx_word' id='word_1_21' title='bbox 291 739 724 803; x_wconf 80' lang='lat' dir='ltr'><strong>appellabantur:</strong></span> <span class='ocrx_word' id='word_1_22' title='bbox 768 737 888 787; x_wconf 83' lang='lat' dir='ltr'><strong>vide</strong></span> <span class='ocrx_word' id='word_1_23' title='bbox 926 750 1046 802; x_wconf 72' lang='lat' dir='ltr'><strong>qum</strong></span> <span class='ocrx_word' id='word_1_24' title='bbox 1080 732 1147 782; x_wconf 87' lang='lat' dir='ltr'><strong>ad</strong></span> <span class='ocrx_word' id='word_1_25' title='bbox 1168 732 1358 804; x_wconf 77' lang='lat' dir='ltr'><strong>Juven.</strong></span> 
     </span>
     <span class='ocr_line' id='line_1_5' title="bbox 291 816 1289 865; baseline -0.001 0"><span class='ocrx_word' id='word_1_26' title='bbox 291 821 338 865; x_wconf 87' lang='grc'><strong>6.</strong></span> <span class='ocrx_word' id='word_1_27' title='bbox 368 816 479 865; x_wconf 88' lang='lat' dir='ltr'><strong>Sat.</strong></span> <span class='ocrx_word' id='word_1_28' title='bbox 505 819 628 865; x_wconf 83' lang='lat'><strong>528.</strong></span> <span class='ocrx_word' id='word_1_29' title='bbox 1008 828 1011 833; x_wconf 20' lang='grc' dir='ltr'><em>Α</em></span> <span class='ocrx_word' id='word_1_30' title='bbox 1288 826 1289 831; x_wconf 75' lang='grc'>’</span> 
     </span>
    </p>

    <p class='ocr_par' dir='ltr' id='par_1_4' title="bbox 289 887 1361 1324">
     <span class='ocr_line' id='line_1_6' title="bbox 348 887 1359 958; baseline -0.008 -17"><span class='ocrx_word' id='word_1_31' title='bbox 348 896 381 941; x_wconf 82' lang='grc'><strong>6</strong></span> <span class='ocrx_word' id='word_1_32' title='bbox 417 892 715 958; x_wconf 74' lang='lat' dir='ltr'><strong>Phyllirides</strong></span> <span class='ocrx_word' id='word_1_33' title='bbox 754 894 974 956; x_wconf 62' lang='lat' dir='ltr'><strong>prater,</strong></span> <span class='ocrx_word' id='word_1_34' title='bbox 1019 887 1127 951; x_wconf 54' lang='grc' dir='ltr'><strong>ξω]</strong></span> <span class='ocrx_word' id='word_1_35' title='bbox 1192 887 1359 939; x_wconf 82' lang='lat' dir='ltr'><strong>Juxta</strong></span> 
     </span>
     <span class='ocr_line' id='line_1_7' title="bbox 289 965 1358 1033; baseline -0.009 -15"><span class='ocrx_word' id='word_1_36' title='bbox 289 976 431 1033; x_wconf 83' lang='lat' dir='ltr'><strong>septa</strong></span> <span class='ocrx_word' id='word_1_37' title='bbox 449 975 567 1018; x_wconf 87' lang='lat' dir='ltr'><strong>erat</strong></span> <span class='ocrx_word' id='word_1_38' title='bbox 587 969 837 1033; x_wconf 87' lang='lat' dir='ltr'><strong>templum</strong></span> <span class='ocrx_word' id='word_1_39' title='bbox 853 965 1088 1029; x_wconf 84' lang='lat' dir='ltr'><strong>Neptuni</strong></span> <span class='ocrx_word' id='word_1_40' title='bbox 1106 978 1222 1013; x_wconf 90' lang='lat' dir='ltr'><strong>cum</strong></span> <span class='ocrx_word' id='word_1_41' title='bbox 1238 974 1358 1026; x_wconf 87' lang='lat' dir='ltr'><strong>por-</strong></span> 
     </span>
     <span class='ocr_line' id='line_1_8' title="bbox 290 1036 1360 1110; baseline -0.005 -17"><span class='ocrx_word' id='word_1_42' title='bbox 290 1045 412 1106; x_wconf 86' lang='lat' dir='ltr'><strong>ticu,</strong></span> <span class='ocrx_word' id='word_1_43' title='bbox 430 1044 484 1092; x_wconf 88' lang='lat' dir='ltr'><strong>in</strong></span> <span class='ocrx_word' id='word_1_44' title='bbox 508 1059 616 1110; x_wconf 85' lang='lat' dir='ltr'><strong>qua</strong></span> <span class='ocrx_word' id='word_1_45' title='bbox 640 1044 852 1108; x_wconf 85' lang='lat' dir='ltr'><strong>depicta</strong></span> <span class='ocrx_word' id='word_1_46' title='bbox 875 1041 979 1091; x_wconf 83' lang='lat' dir='ltr'><strong>fuit</strong></span> <span class='ocrx_word' id='word_1_47' title='bbox 1011 1039 1227 1090; x_wconf 84' lang='lat' dir='ltr'><strong>historia</strong></span> <span class='ocrx_word' id='word_1_48' title='bbox 1262 1036 1360 1088; x_wconf 81' lang='lat' dir='ltr'><strong>Ar·</strong></span> 
     </span>
     <span class='ocr_line' id='line_1_9' title="bbox 293 1114 1361 1183; baseline -0.007 -12"><span class='ocrx_word' id='word_1_49' title='bbox 293 1128 661 1183; x_wconf 73' lang='lat' dir='ltr'><strong>gouautarum,</strong></span> <span class='ocrx_word' id='word_1_50' title='bbox 693 1127 749 1170; x_wconf 91' lang='lat' dir='ltr'><strong>et</strong></span> <span class='ocrx_word' id='word_1_51' title='bbox 785 1121 838 1171; x_wconf 90' lang='lat' dir='ltr'><strong>in</strong></span> <span class='ocrx_word' id='word_1_52' title='bbox 876 1119 976 1182; x_wconf 85' lang='lat' dir='ltr'><strong>his,</strong></span> <span class='ocrx_word' id='word_1_53' title='bbox 1009 1117 1246 1168; x_wconf 87' lang='lat' dir='ltr'><strong>Chironis</strong></span> <span class='ocrx_word' id='word_1_54' title='bbox 1267 1114 1361 1164; x_wconf 77' lang='lat' dir='ltr'><strong>filii</strong></span> 
     </span>
     <span class='ocr_line' id='line_1_10' title="bbox 291 1191 1359 1262; baseline -0.007 -15"><span class='ocrx_word' id='word_1_55' title='bbox 291 1197 527 1261; x_wconf 78' lang='lat' dir='ltr'><strong>Neptuni</strong></span> <span class='ocrx_word' id='word_1_56' title='bbox 554 1212 618 1247; x_wconf 89' lang='lat' dir='ltr'><strong>ac</strong></span> <span class='ocrx_word' id='word_1_57' title='bbox 642 1197 935 1262; x_wconf 79' lang='lat' dir='ltr'><strong>Phyllires3</strong></span> <span class='ocrx_word' id='word_1_58' title='bbox 972 1201 1129 1260; x_wconf 84' lang='lat' dir='ltr'><strong>atque</strong></span> <span class='ocrx_word' id='word_1_59' title='bbox 1152 1193 1185 1245; x_wconf 83' lang='lat' dir='ltr'>J</span> <span class='ocrx_word' id='word_1_60' title='bbox 1191 1191 1359 1241; x_wconf 82' lang='lat' dir='ltr'><strong>asonis</strong></span> 
     </span>
     <span class='ocr_line' id='line_1_11' title="bbox 293 1272 1237 1324; baseline -0.005 -1"><span class='ocrx_word' id='word_1_61' title='bbox 293 1274 479 1324; x_wconf 82' lang='lat' dir='ltr'><strong>AEsone</strong></span> <span class='ocrx_word' id='word_1_62' title='bbox 497 1275 631 1324; x_wconf 78' lang='lat' dir='ltr'><strong>nati.</strong></span> <span class='ocrx_word' id='word_1_63' title='bbox 1028 1272 1035 1295; x_wconf 80' lang='lat'><strong><em>¹</em></strong></span> <span class='ocrx_word' id='word_1_64' title='bbox 1224 1280 1237 1289; x_wconf 88' lang='lat'><strong>·</strong></span> 
     </span>
    </p>

    <p class='ocr_par' dir='ltr' id='par_1_5' title="bbox 291 1342 1366 1878">
     <span class='ocr_line' id='line_1_12' title="bbox 351 1342 1365 1414; baseline -0.009 -14"><span class='ocrx_word' id='word_1_65' title='bbox 351 1356 381 1400; x_wconf 81' lang='grc'><strong>’1</strong></span> <span class='ocrx_word' id='word_1_66' title='bbox 423 1349 762 1414; x_wconf 73' lang='lat' dir='ltr'><strong>Memphitica,</strong></span> <span class='ocrx_word' id='word_1_67' title='bbox 775 1349 883 1413; x_wconf 55' lang='grc' dir='ltr'><strong>ξω]</strong></span> <span class='ocrx_word' id='word_1_68' title='bbox 902 1347 1174 1412; x_wconf 82' lang='lat' dir='ltr'><strong>Templum</strong></span> <span class='ocrx_word' id='word_1_69' title='bbox 1190 1342 1365 1406; x_wconf 84' lang='lat' dir='ltr'><strong>Isidis,</strong></span> 
     </span>
     <span class='ocr_line' id='line_1_13' title="bbox 294 1427 1363 1495; baseline -0.009 -15"><span class='ocrx_word' id='word_1_70' title='bbox 294 1432 438 1495; x_wconf 86' lang='lat' dir='ltr'><strong>cujus</strong></span> <span class='ocrx_word' id='word_1_71' title='bbox 487 1445 644 1481; x_wconf 86' lang='lat' dir='ltr'><strong>sacra</strong></span> <span class='ocrx_word' id='word_1_72' title='bbox 682 1444 746 1479; x_wconf 84' lang='lat' dir='ltr'><strong>ex</strong></span> <span class='ocrx_word' id='word_1_73' title='bbox 776 1430 1006 1492; x_wconf 81' lang='lat' dir='ltr'><strong>AEgypto</strong></span> <span class='ocrx_word' id='word_1_74' title='bbox 1048 1427 1124 1491; x_wconf 89' lang='lat' dir='ltr'><strong>(in</strong></span> <span class='ocrx_word' id='word_1_75' title='bbox 1149 1439 1249 1490; x_wconf 89' lang='lat' dir='ltr'><strong>qua</strong></span> <span class='ocrx_word' id='word_1_76' title='bbox 1272 1436 1363 1472; x_wconf 91' lang='lat' dir='ltr'><strong>uo-</strong></span> 
     </span>
     <span class='ocr_line' id='line_1_14' title="bbox 293 1501 1362 1567; baseline -0.011 -9"><span class='ocrx_word' id='word_1_77' title='bbox 293 1507 543 1558; x_wconf 85' lang='lat' dir='ltr'><strong>bilissima</strong></span> <span class='ocrx_word' id='word_1_78' title='bbox 589 1505 776 1558; x_wconf 79' lang='lat' dir='ltr'><strong>civitas</strong></span> <span class='ocrx_word' id='word_1_79' title='bbox 809 1501 1103 1567; x_wconf 84' lang='lat' dir='ltr'><strong>Memphis)</strong></span> <span class='ocrx_word' id='word_1_80' title='bbox 1146 1502 1362 1550; x_wconf 84' lang='lat' dir='ltr'><strong>Romam</strong></span> 
     </span>
     <span class='ocr_line' id='line_1_15' title="bbox 294 1579 1363 1648; baseline -0.01 -13"><span class='ocrx_word' id='word_1_81' title='bbox 294 1587 575 1648; x_wconf 87' lang='lat' dir='ltr'><strong>translata,</strong></span> <span class='ocrx_word' id='word_1_82' title='bbox 618 1584 672 1633; x_wconf 86' lang='lat' dir='ltr'><strong>in</strong></span> <span class='ocrx_word' id='word_1_83' title='bbox 712 1597 897 1646; x_wconf 89' lang='lat' dir='ltr'><strong>campo</strong></span> <span class='ocrx_word' id='word_1_84' title='bbox 952 1579 1151 1630; x_wconf 89' lang='lat' dir='ltr'><strong>Martio</strong></span> <span class='ocrx_word' id='word_1_85' title='bbox 1195 1589 1363 1642; x_wconf 84' lang='lat' dir='ltr'><strong>prope</strong></span> 
     </span>
     <span class='ocr_line' id='line_1_16' title="bbox 291 1656 1366 1727; baseline -0.008 -17"><span class='ocrx_word' id='word_1_86' title='bbox 291 1670 452 1727; x_wconf 85' lang='lat' dir='ltr'><strong>septa.</strong></span> <span class='ocrx_word' id='word_1_87' title='bbox 522 1661 648 1712; x_wconf 86' lang='lat' dir='ltr'><strong>Hoc</strong></span> <span class='ocrx_word' id='word_1_88' title='bbox 671 1660 926 1723; x_wconf 88' lang='lat' dir='ltr'><strong>templum</strong></span> <span class='ocrx_word' id='word_1_89' title='bbox 947 1656 1186 1707; x_wconf 88' lang='lat' dir='ltr'><strong>Tiberius</strong></span> <span class='ocrx_word' id='word_1_90' title='bbox 1217 1668 1366 1704; x_wconf 88' lang='lat' dir='ltr'><strong>ever-</strong></span> 
     </span>
     <span class='ocr_line' id='line_1_17' title="bbox 293 1730 1366 1802; baseline -0.008 -13"><span class='ocrx_word' id='word_1_91' title='bbox 293 1747 451 1802; x_wconf 87' lang='lat' dir='ltr'><strong>terat,</strong></span> <span class='ocrx_word' id='word_1_92' title='bbox 497 1737 599 1789; x_wconf 91' lang='lat' dir='ltr'><strong>sed</strong></span> <span class='ocrx_word' id='word_1_93' title='bbox 621 1736 707 1786; x_wconf 82' lang='lat' dir='ltr'><strong>vel</strong></span> <span class='ocrx_word' id='word_1_94' title='bbox 739 1749 929 1786; x_wconf 91' lang='lat' dir='ltr'><strong>nomeu</strong></span> <span class='ocrx_word' id='word_1_95' title='bbox 965 1733 1064 1784; x_wconf 92' lang='lat' dir='ltr'><strong>loci</strong></span> <span class='ocrx_word' id='word_1_96' title='bbox 1100 1730 1366 1792; x_wconf 89' lang='lat' dir='ltr'><strong>manebat,</strong></span> 
     </span>
     <span class='ocr_line' id='line_1_18' title="bbox 295 1812 1300 1878; baseline -0.009 -14"><span class='ocrx_word' id='word_1_97' title='bbox 295 1817 377 1865; x_wconf 85' lang='lat' dir='ltr'><strong>vel</strong></span> <span class='ocrx_word' id='word_1_98' title='bbox 409 1817 476 1866; x_wconf 89' lang='lat' dir='ltr'><strong>ab</strong></span> <span class='ocrx_word' id='word_1_99' title='bbox 500 1815 607 1865; x_wconf 84' lang='lat' dir='ltr'><strong>alio</strong></span> <span class='ocrx_word' id='word_1_100' title='bbox 628 1813 768 1878; x_wconf 87' lang='lat' dir='ltr'><strong>Imp.</strong></span> <span class='ocrx_word' id='word_1_101' title='bbox 790 1812 1137 1862; x_wconf 82' lang='lat' dir='ltr'><strong>instauratum</strong></span> <span class='ocrx_word' id='word_1_102' title='bbox 1162 1812 1300 1857; x_wconf 88' lang='lat' dir='ltr'><strong>erat.</strong></span> 
     </span>
    </p>

    <p class='ocr_par' dir='ltr' id='par_1_6' title="bbox 297 1881 1377 2714">
     <span class='ocr_line' id='line_1_19' title="bbox 355 1881 1368 1953; baseline -0.012 -10"><span class='ocrx_word' id='word_1_103' title='bbox 355 1897 386 1942; x_wconf 89' lang='lat'>8</span> <span class='ocrx_word' id='word_1_104' title='bbox 442 1890 739 1953; x_wconf 76' lang='lat' dir='ltr'><strong>cathedris]</strong></span> <span class='ocrx_word' id='word_1_105' title='bbox 772 1910 776 1917; x_wconf 58' lang='lat'><strong>⁴</strong></span> <span class='ocrx_word' id='word_1_106' title='bbox 807 1886 1096 1938; x_wconf 86' lang='lat' dir='ltr'><strong>Subselliis.</strong></span> <span class='ocrx_word' id='word_1_107' title='bbox 1169 1881 1368 1950; x_wconf 73' lang='lat' dir='ltr'><strong>Maesia]</strong></span> 
     </span>
     <span class='ocr_line' id='line_1_20' title="bbox 297 1958 1371 2032; baseline -0.011 -14"><span class='ocrx_word' id='word_1_108' title='bbox 297 1968 531 2032; x_wconf 76' lang='lat' dir='ltr'><strong>Propter</strong></span> <span class='ocrx_word' id='word_1_109' title='bbox 556 1966 717 2015; x_wconf 82' lang='lat' dir='ltr'><strong>virum</strong></span> <span class='ocrx_word' id='word_1_110' title='bbox 737 1960 1197 2014; x_wconf 79' lang='lat' dir='ltr'><strong>Osirim-amissum</strong></span> <span class='ocrx_word' id='word_1_111' title='bbox 1216 1966 1272 2008; x_wconf 91' lang='lat' dir='ltr'><strong>et</strong></span> <span class='ocrx_word' id='word_1_112' title='bbox 1294 1958 1371 2007; x_wconf 88' lang='lat' dir='ltr'><strong>in-</strong></span> 
     </span>
     <span class='ocr_line' id='line_1_21' title="bbox 299 2036 1372 2104; baseline -0.009 -12"><span class='ocrx_word' id='word_1_113' title='bbox 299 2051 509 2095; x_wconf 78' lang='lat' dir='ltr'><strong>ventum</strong></span> <span class='ocrx_word' id='word_1_114' title='bbox 530 2041 745 2093; x_wconf 88' lang='lat' dir='ltr'><strong>tandem</strong></span> <span class='ocrx_word' id='word_1_115' title='bbox 765 2039 904 2104; x_wconf 87' lang='lat' dir='ltr'><strong>apud</strong></span> <span class='ocrx_word' id='word_1_116' title='bbox 920 2037 1156 2088; x_wconf 82' lang='lat' dir='ltr'><strong>Phialam</strong></span> <span class='ocrx_word' id='word_1_117' title='bbox 1174 2036 1372 2085; x_wconf 83' lang='lat' dir='ltr'><strong>lacera·</strong></span> 
     </span>
     <span class='ocr_line' id='line_1_22' title="bbox 298 2109 1370 2181; baseline -0.011 -11"><span class='ocrx_word' id='word_1_118' title='bbox 298 2129 421 2172; x_wconf 88' lang='lat' dir='ltr'><strong>tum.</strong></span> <span class='ocrx_word' id='word_1_119' title='bbox 488 2122 709 2169; x_wconf 81' lang='lat' dir='ltr'><strong>Juvenca</strong></span> <span class='ocrx_word' id='word_1_120' title='bbox 754 2116 872 2181; x_wconf 75' lang='lat' dir='ltr'><strong>tuis]</strong></span> <span class='ocrx_word' id='word_1_121' title='bbox 908 2114 1010 2165; x_wconf 86' lang='lat' dir='ltr'><strong>Isis</strong></span> <span class='ocrx_word' id='word_1_122' title='bbox 1059 2113 1159 2162; x_wconf 88' lang='lat' dir='ltr'><strong>dea</strong></span> <span class='ocrx_word' id='word_1_123' title='bbox 1200 2125 1266 2160; x_wconf 82' lang='lat' dir='ltr'><strong>ex</strong></span> <span class='ocrx_word' id='word_1_124' title='bbox 1306 2109 1370 2159; x_wconf 91' lang='lat' dir='ltr'><strong>Io</strong></span> 
     </span>
     <span class='ocr_line' id='line_1_23' title="bbox 298 2185 1372 2263; baseline -0.012 -16"><span class='ocrx_word' id='word_1_125' title='bbox 298 2196 484 2247; x_wconf 84' lang='lat' dir='ltr'><strong>Inachi</strong></span> <span class='ocrx_word' id='word_1_126' title='bbox 528 2193 638 2263; x_wconf 84' lang='lat' dir='ltr'><strong>filia</strong></span> <span class='ocrx_word' id='word_1_127' title='bbox 677 2209 708 2243; x_wconf 89' lang='lat' dir='ltr'><strong>a</strong></span> <span class='ocrx_word' id='word_1_128' title='bbox 744 2193 879 2244; x_wconf 83' lang='lat' dir='ltr'>Jove</span> <span class='ocrx_word' id='word_1_129' title='bbox 911 2202 1209 2252; x_wconf 86' lang='lat' dir='ltr'><strong>compressa</strong></span> <span class='ocrx_word' id='word_1_130' title='bbox 1242 2185 1372 2236; x_wconf 90' lang='lat' dir='ltr'><strong>etin</strong></span> 
     </span>
     <span class='ocr_line' id='line_1_24' title="bbox 301 2263 1373 2323; baseline -0.008 -2"><span class='ocrx_word' id='word_1_131' title='bbox 301 2287 519 2323; x_wconf 78' lang='lat' dir='ltr'><strong>vaccam</strong></span> <span class='ocrx_word' id='word_1_132' title='bbox 543 2276 761 2320; x_wconf 86' lang='lat' dir='ltr'><strong>mutata.</strong></span> <span class='ocrx_word' id='word_1_133' title='bbox 795 2268 896 2317; x_wconf 88' lang='lat' dir='ltr'><strong>Vel</strong></span> <span class='ocrx_word' id='word_1_134' title='bbox 920 2267 1250 2317; x_wconf 72' lang='lat' dir='ltr'><strong>simulacrum</strong></span> <span class='ocrx_word' id='word_1_135' title='bbox 1275 2263 1373 2313; x_wconf 89' lang='lat' dir='ltr'><strong>Isi·</strong></span> 
     </span>
     <span class='ocr_line' id='line_1_25' title="bbox 304 2349 781 2413; baseline -0.01 -13"><span class='ocrx_word' id='word_1_136' title='bbox 304 2351 378 2400; x_wconf 80' lang='lat' dir='ltr'><strong>dis</strong></span> <span class='ocrx_word' id='word_1_137' title='bbox 396 2355 522 2400; x_wconf 88' lang='lat' dir='ltr'><strong>erat</strong></span> <span class='ocrx_word' id='word_1_138' title='bbox 534 2349 781 2413; x_wconf 83' lang='lat' dir='ltr'><strong>juvenca.</strong></span> 
     </span>
     <span class='ocr_line' id='line_1_26' title="bbox 306 2420 1375 2490; baseline -0.012 -10"><span class='ocrx_word' id='word_1_139' title='bbox 306 2452 312 2457; x_wconf 84' lang='grc'><em>·</em></span> <span class='ocrx_word' id='word_1_140' title='bbox 361 2432 414 2479; x_wconf 84' lang='grc'><strong>9.</strong></span> <span class='ocrx_word' id='word_1_141' title='bbox 434 2428 663 2489; x_wconf 71' lang='lat' dir='ltr'><strong>Centum,</strong></span> <span class='ocrx_word' id='word_1_142' title='bbox 699 2426 804 2490; x_wconf 56' lang='grc' dir='ltr'><strong>ξω]</strong></span> <span class='ocrx_word' id='word_1_143' title='bbox 850 2422 1122 2473; x_wconf 80' lang='lat' dir='ltr'><strong>Particum</strong></span> <span class='ocrx_word' id='word_1_144' title='bbox 1155 2420 1302 2476; x_wconf 79' lang='lat' dir='ltr'><strong>hauc,</strong></span> <span class='ocrx_word' id='word_1_145' title='bbox 1324 2430 1375 2468; x_wconf 91' lang='lat' dir='ltr'><strong>c.</strong></span> 
     </span>
     <span class='ocr_line' id='line_1_27' title="bbox 304 2498 1376 2566; baseline -0.012 -7"><span class='ocrx_word' id='word_1_146' title='bbox 304 2507 561 2559; x_wconf 89' lang='lat' dir='ltr'><strong>columnis</strong></span> <span class='ocrx_word' id='word_1_147' title='bbox 613 2505 872 2566; x_wconf 75' lang='lat' dir='ltr'><strong>innixam,</strong></span> <span class='ocrx_word' id='word_1_148' title='bbox 923 2503 1010 2552; x_wconf 88' lang='lat' dir='ltr'><strong>alii</strong></span> <span class='ocrx_word' id='word_1_149' title='bbox 1052 2498 1376 2551; x_wconf 78' lang='lat' dir='ltr'><strong>Corinthiam</strong></span> 
     </span>
     <span class='ocr_line' id='line_1_28' title="bbox 307 2576 1377 2649; baseline -0.012 -13"><span class='ocrx_word' id='word_1_150' title='bbox 307 2587 400 2637; x_wconf 87' lang='lat' dir='ltr'><strong>Cn.</strong></span> <span class='ocrx_word' id='word_1_151' title='bbox 426 2583 668 2649; x_wconf 83' lang='lat' dir='ltr'><strong>Octavii,</strong></span> <span class='ocrx_word' id='word_1_152' title='bbox 688 2583 776 2632; x_wconf 89' lang='lat' dir='ltr'><strong>alii</strong></span> <span class='ocrx_word' id='word_1_153' title='bbox 792 2582 1074 2647; x_wconf 86' lang='lat' dir='ltr'><strong>Vipsauam</strong></span> <span class='ocrx_word' id='word_1_154' title='bbox 1105 2576 1267 2628; x_wconf 82' lang='lat' dir='ltr'><strong>fuisse</strong></span> <span class='ocrx_word' id='word_1_155' title='bbox 1288 2589 1377 2624; x_wconf 86' lang='lat' dir='ltr'><strong>au-</strong></span> 
     </span>
     <span class='ocr_line' id='line_1_29' title="bbox 312 2668 538 2714; baseline -0.013 0"><span class='ocrx_word' id='word_1_156' title='bbox 312 2668 538 2714; x_wconf 85' lang='lat' dir='ltr'><strong>tumant.</strong></span> 
     </span>
    </p>

    <p class='ocr_par' dir='ltr' id='par_1_7' title="bbox 371 2728 1379 2802">
     <span class='ocr_line' id='line_1_30' title="bbox 371 2728 1379 2802; baseline -0.015 -12"><span class='ocrx_word' id='word_1_157' title='bbox 371 2745 440 2790; x_wconf 88' lang='lat' dir='ltr'><strong>lo</strong></span> <span class='ocrx_word' id='word_1_158' title='bbox 477 2737 696 2802; x_wconf 77' lang='lat' dir='ltr'><strong>Pompeii</strong></span> <span class='ocrx_word' id='word_1_159' title='bbox 748 2738 892 2795; x_wconf 76' lang='lat' dir='ltr'><strong>dona,</strong></span> <span class='ocrx_word' id='word_1_160' title='bbox 940 2732 1049 2798; x_wconf 48' lang='lat' dir='ltr'><strong>qa]</strong></span> <span class='ocrx_word' id='word_1_161' title='bbox 1108 2728 1379 2779; x_wconf 88' lang='lat' dir='ltr'><strong>Porticum</strong></span> 
     </span>
    </p>
   </div>
   <div class='ocr_carea' id='block_1_4' title="bbox 2321 415 2491 478">
    <p class='ocr_par' dir='ltr' id='par_1_8' title="bbox 2321 415 2491 478">
     <span class='ocr_line' id='line_1_31' title="bbox 2321 415 2491 478; baseline 0 0"><span class='ocrx_word' id='word_1_162' title='bbox 2321 415 2351 477; x_wconf 95' lang='grc'>]</span> <span class='ocrx_word' id='word_1_163' title='bbox 2367 415 2491 478; x_wconf 87' lang='grc'><strong>141</strong></span> 
     </span>
    </p>
   </div>
   <div class='ocr_carea' id='block_1_5' title="bbox 1434 568 2515 2331">
    <p class='ocr_par' dir='ltr' id='par_1_9' title="bbox 1501 568 2494 637">
     <span class='ocr_line' id='line_1_32' title="bbox 1501 568 2494 637; baseline -0.001 -14"><span class='ocrx_word' id='word_1_164' title='bbox 1501 579 1561 623; x_wconf 73' lang='lat'><strong>15</strong></span> <span class='ocrx_word' id='word_1_165' title='bbox 1598 573 1678 623; x_wconf 77' lang='lat' dir='ltr'><strong>Aa</strong></span> <span class='ocrx_word' id='word_1_166' title='bbox 1706 574 1931 637; x_wconf 80' lang='lat' dir='ltr'><strong>Europes,</strong></span> <span class='ocrx_word' id='word_1_167' title='bbox 1968 570 2077 635; x_wconf 44' lang='grc' dir='ltr'><strong>φὴ]</strong></span> <span class='ocrx_word' id='word_1_168' title='bbox 2113 568 2198 620; x_wconf 88' lang='lat' dir='ltr'><strong>Ad</strong></span> <span class='ocrx_word' id='word_1_169' title='bbox 2237 571 2494 635; x_wconf 84' lang='lat' dir='ltr'><strong>porticum</strong></span> 
     </span>
    </p>

    <p class='ocr_par' dir='ltr' id='par_1_10' title="bbox 1434 648 2503 1625">
     <span class='ocr_line' id='line_1_33' title="bbox 1434 648 2494 714; baseline -0.001 -15"><span class='ocrx_word' id='word_1_170' title='bbox 1434 651 1680 714; x_wconf 85' lang='lat' dir='ltr'><strong>Europae,</strong></span> <span class='ocrx_word' id='word_1_171' title='bbox 1701 663 1859 712; x_wconf 86' lang='lat' dir='ltr'><strong>supra</strong></span> <span class='ocrx_word' id='word_1_172' title='bbox 1893 663 2026 699; x_wconf 85' lang='lat' dir='ltr'><strong>vers.</strong></span> <span class='ocrx_word' id='word_1_173' title='bbox 2066 648 2114 698; x_wconf 78' lang='lat'><strong>2.</strong></span> <span class='ocrx_word' id='word_1_174' title='bbox 2148 648 2309 712; x_wconf 86' lang='lat' dir='ltr'><strong>juxta</strong></span> <span class='ocrx_word' id='word_1_175' title='bbox 2340 662 2494 714; x_wconf 88' lang='lat' dir='ltr'><strong>quam</strong></span> 
     </span>
     <span class='ocr_line' id='line_1_34' title="bbox 1434 723 2494 790; baseline -0.001 -14"><span class='ocrx_word' id='word_1_176' title='bbox 1434 733 1586 777; x_wconf 87' lang='lat' dir='ltr'><strong>eraut</strong></span> <span class='ocrx_word' id='word_1_177' title='bbox 1621 731 1863 790; x_wconf 82' lang='lat' dir='ltr'><strong>tepentes</strong></span> <span class='ocrx_word' id='word_1_178' title='bbox 1886 728 2009 789; x_wconf 89' lang='lat' dir='ltr'><strong>post</strong></span> <span class='ocrx_word' id='word_1_179' title='bbox 2042 723 2311 774; x_wconf 81' lang='lat' dir='ltr'><strong>meridiem</strong></span> <span class='ocrx_word' id='word_1_180' title='bbox 2349 725 2494 775; x_wconf 87' lang='lat' dir='ltr'><strong>buxi.</strong></span> 
     </span>
     <span class='ocr_line' id='line_1_35' title="bbox 1434 802 1888 868; baseline -0.002 -16"><span class='ocrx_word' id='word_1_181' title='bbox 1434 802 1753 868; x_wconf 57' lang='lat' dir='ltr'><strong>epigr.‘20.l.</strong></span> <span class='ocrx_word' id='word_1_182' title='bbox 1777 805 1828 851; x_wconf 77' lang='lat'><strong>3.</strong></span> <span class='ocrx_word' id='word_1_183' title='bbox 1883 822 1888 827; x_wconf 88' lang='lat'><strong>·</strong></span> 
     </span>
     <span class='ocr_line' id='line_1_36' title="bbox 1444 875 2496 942; baseline -0.003 -13"><span class='ocrx_word' id='word_1_184' title='bbox 1444 894 1449 897; x_wconf 85' lang='lat'>·</span> <span class='ocrx_word' id='word_1_185' title='bbox 1501 883 1563 929; x_wconf 86' lang='grc'><strong>17</strong></span> <span class='ocrx_word' id='word_1_186' title='bbox 1597 880 1697 928; x_wconf 81' lang='lat' dir='ltr'><strong>Per</strong></span> <span class='ocrx_word' id='word_1_187' title='bbox 1716 883 1785 939; x_wconf 78' lang='lat' dir='ltr'><strong>te,</strong></span> <span class='ocrx_word' id='word_1_188' title='bbox 1805 877 1913 941; x_wconf 60' lang='grc' dir='ltr'><strong>εμπ]</strong></span> <span class='ocrx_word' id='word_1_189' title='bbox 1948 875 1998 926; x_wconf 90' lang='grc' dir='ltr'><strong>Ο</strong></span> <span class='ocrx_word' id='word_1_190' title='bbox 2022 876 2253 940; x_wconf 80' lang='lat' dir='ltr'><strong>Jupiter,</strong></span> <span class='ocrx_word' id='word_1_191' title='bbox 2275 875 2362 942; x_wconf 89' lang='lat' dir='ltr'><strong>qui</strong></span> <span class='ocrx_word' id='word_1_192' title='bbox 2382 882 2496 927; x_wconf 90' lang='lat' dir='ltr'><strong>tau·</strong></span> 
     </span>
     <span class='ocr_line' id='line_1_37' title="bbox 1436 952 2498 1016; baseline -0.001 -13"><span class='ocrx_word' id='word_1_193' title='bbox 1436 954 1479 1003; x_wconf 87' lang='lat' dir='ltr'><strong>ri</strong></span> <span class='ocrx_word' id='word_1_194' title='bbox 1513 954 1723 1004; x_wconf 82' lang='lat' dir='ltr'><strong>induisti</strong></span> <span class='ocrx_word' id='word_1_195' title='bbox 1765 952 1998 1011; x_wconf 85' lang='lat' dir='ltr'><strong>formam,</strong></span> <span class='ocrx_word' id='word_1_196' title='bbox 2022 967 2144 1016; x_wconf 80' lang='lat' dir='ltr'><strong>rogo</strong></span> <span class='ocrx_word' id='word_1_197' title='bbox 2167 959 2222 1003; x_wconf 87' lang='lat' dir='ltr'><strong>te</strong></span> <span class='ocrx_word' id='word_1_198' title='bbox 2245 967 2340 1016; x_wconf 87' lang='lat' dir='ltr'><strong>per</strong></span> <span class='ocrx_word' id='word_1_199' title='bbox 2362 959 2417 1003; x_wconf 88' lang='lat' dir='ltr'><strong>te</strong></span> <span class='ocrx_word' id='word_1_200' title='bbox 2441 960 2498 1002; x_wconf 88' lang='lat' dir='ltr'><strong>et</strong></span> 
     </span>
     <span class='ocr_line' id='line_1_38' title="bbox 1437 1031 2499 1098; baseline -0.002 -15"><span class='ocrx_word' id='word_1_201' title='bbox 1437 1034 1696 1098; x_wconf 82' lang='lat' dir='ltr'><strong>Europam</strong></span> <span class='ocrx_word' id='word_1_202' title='bbox 1713 1040 1877 1095; x_wconf 89' lang='lat' dir='ltr'><strong>tuam,</strong></span> <span class='ocrx_word' id='word_1_203' title='bbox 1889 1031 2126 1082; x_wconf 82' lang='lat' dir='ltr'><strong>interfice</strong></span> <span class='ocrx_word' id='word_1_204' title='bbox 2135 1033 2272 1082; x_wconf 89' lang='lat' dir='ltr'><strong>hunc</strong></span> <span class='ocrx_word' id='word_1_205' title='bbox 2286 1033 2499 1096; x_wconf 89' lang='lat' dir='ltr'><strong>Selium,</strong></span> 
     </span>
     <span class='ocr_line' id='line_1_39' title="bbox 1436 1111 2495 1178; baseline -0.005 -13"><span class='ocrx_word' id='word_1_206' title='bbox 1436 1120 1498 1165; x_wconf 90' lang='lat' dir='ltr'><strong>ut</strong></span> <span class='ocrx_word' id='word_1_207' title='bbox 1520 1115 1656 1178; x_wconf 84' lang='lat' dir='ltr'><strong>apud</strong></span> <span class='ocrx_word' id='word_1_208' title='bbox 1677 1122 1729 1165; x_wconf 87' lang='lat' dir='ltr'><strong>te</strong></span> <span class='ocrx_word' id='word_1_209' title='bbox 1753 1120 1942 1165; x_wconf 87' lang='lat' dir='ltr'><strong>coenet.</strong></span> <span class='ocrx_word' id='word_1_210' title='bbox 2010 1113 2214 1163; x_wconf 88' lang='lat' dir='ltr'><strong>Alludit</strong></span> <span class='ocrx_word' id='word_1_211' title='bbox 2232 1121 2407 1163; x_wconf 84' lang='lat' dir='ltr'><strong>autem</strong></span> <span class='ocrx_word' id='word_1_212' title='bbox 2428 1111 2495 1161; x_wconf 83' lang='lat' dir='ltr'><strong>ad</strong></span> 
     </span>
     <span class='ocr_line' id='line_1_40' title="bbox 1437 1188 2500 1254; baseline -0.004 -13"><span class='ocrx_word' id='word_1_213' title='bbox 1437 1205 1632 1241; x_wconf 89' lang='lat' dir='ltr'><strong>morem</strong></span> <span class='ocrx_word' id='word_1_214' title='bbox 1658 1191 1982 1252; x_wconf 76' lang='lat' dir='ltr'><strong>Graecorum,</strong></span> <span class='ocrx_word' id='word_1_215' title='bbox 2018 1190 2105 1254; x_wconf 87' lang='lat' dir='ltr'><strong>qui</strong></span> <span class='ocrx_word' id='word_1_216' title='bbox 2129 1188 2376 1239; x_wconf 88' lang='lat' dir='ltr'><strong>dicebaut</strong></span> <span class='ocrx_word' id='word_1_217' title='bbox 2398 1202 2500 1238; x_wconf 86' lang='lat' dir='ltr'><strong>coe-</strong></span> 
     </span>
     <span class='ocr_line' id='line_1_41' title="bbox 1434 1265 2502 1331; baseline -0.004 -13"><span class='ocrx_word' id='word_1_218' title='bbox 1434 1274 1651 1318; x_wconf 79' lang='lat' dir='ltr'><strong>naturus</strong></span> <span class='ocrx_word' id='word_1_219' title='bbox 1693 1281 1781 1316; x_wconf 87' lang='lat' dir='ltr'><strong>eos</strong></span> <span class='ocrx_word' id='word_1_220' title='bbox 1825 1265 1963 1329; x_wconf 89' lang='lat' dir='ltr'><strong>apud</strong></span> <span class='ocrx_word' id='word_1_221' title='bbox 1998 1265 2212 1328; x_wconf 82' lang='lat' dir='ltr'><strong>inferos,</strong></span> <span class='ocrx_word' id='word_1_222' title='bbox 2235 1267 2323 1331; x_wconf 89' lang='lat' dir='ltr'><strong>qui</strong></span> <span class='ocrx_word' id='word_1_223' title='bbox 2348 1265 2502 1315; x_wconf 88' lang='lat' dir='ltr'><strong>mori-</strong></span> 
     </span>
     <span class='ocr_line' id='line_1_42' title="bbox 1438 1341 2503 1396; baseline -0.005 0"><span class='ocrx_word' id='word_1_224' title='bbox 1438 1344 1543 1396; x_wconf 79' lang='lat' dir='ltr'><strong>turi</strong></span> <span class='ocrx_word' id='word_1_225' title='bbox 1560 1350 1753 1394; x_wconf 86' lang='lat' dir='ltr'><strong>essent.</strong></span> <span class='ocrx_word' id='word_1_226' title='bbox 1770 1349 1893 1393; x_wconf 88' lang='lat' dir='ltr'><strong>nota</strong></span> <span class='ocrx_word' id='word_1_227' title='bbox 1910 1348 1990 1392; x_wconf 87' lang='lat' dir='ltr'><strong>est</strong></span> <span class='ocrx_word' id='word_1_228' title='bbox 2011 1342 2253 1392; x_wconf 79' lang='lat' dir='ltr'><strong>Leonidae</strong></span> <span class='ocrx_word' id='word_1_229' title='bbox 2275 1357 2373 1391; x_wconf 85' lang='lat' dir='ltr'><strong>vox</strong></span> <span class='ocrx_word' id='word_1_230' title='bbox 2395 1341 2503 1391; x_wconf 83' lang='lat' dir='ltr'><strong>ani-</strong></span> 
     </span>
     <span class='ocr_line' id='line_1_43' title="bbox 1436 1416 2503 1483; baseline -0.006 -12"><span class='ocrx_word' id='word_1_231' title='bbox 1436 1436 1603 1471; x_wconf 83' lang='lat' dir='ltr'><strong>mosa:</strong></span> <span class='ocrx_word' id='word_1_232' title='bbox 1638 1419 1890 1483; x_wconf 86' lang='lat' dir='ltr'><strong>‘Pergite</strong></span> <span class='ocrx_word' id='word_1_233' title='bbox 1908 1418 2078 1467; x_wconf 88' lang='lat' dir='ltr'><strong>animo</strong></span> <span class='ocrx_word' id='word_1_234' title='bbox 2095 1416 2222 1467; x_wconf 82' lang='lat' dir='ltr'><strong>forti</strong></span> <span class='ocrx_word' id='word_1_235' title='bbox 2254 1416 2503 1467; x_wconf 65' lang='lat' dir='ltr'><strong>Lacedae-</strong></span> 
     </span>
     <span class='ocr_line' id='line_1_44' title="bbox 1438 1491 2502 1560; baseline -0.006 -12"><span class='ocrx_word' id='word_1_236' title='bbox 1438 1498 1617 1559; x_wconf 87' lang='lat' dir='ltr'><strong>monii,</strong></span> <span class='ocrx_word' id='word_1_237' title='bbox 1660 1495 1813 1545; x_wconf 86' lang='lat' dir='ltr'><strong>hodie</strong></span> <span class='ocrx_word' id='word_1_238' title='bbox 1853 1494 1994 1560; x_wconf 84' lang='lat' dir='ltr'><strong>apud</strong></span> <span class='ocrx_word' id='word_1_239' title='bbox 2039 1492 2236 1544; x_wconf 81' lang='lat' dir='ltr'><strong>inferos</strong></span> <span class='ocrx_word' id='word_1_240' title='bbox 2280 1491 2502 1543; x_wconf 84' lang='lat' dir='ltr'><strong>fortasse</strong></span> 
     </span>
     <span class='ocr_line' id='line_1_45' title="bbox 1439 1572 2306 1625; baseline -0.003 -1"><span class='ocrx_word' id='word_1_241' title='bbox 1439 1572 1788 1625; x_wconf 63' lang='lat' dir='ltr'><strong>coeuabimusl</strong></span> <span class='ocrx_word' id='word_1_242' title='bbox 2155 1581 2160 1587; x_wconf 86' lang='lat'>·</span> <span class='ocrx_word' id='word_1_243' title='bbox 2305 1586 2306 1589; x_wconf 48' lang='lat'>¹</span> 
     </span>
    </p>

    <p class='ocr_par' dir='ltr' id='par_1_11' title="bbox 1439 1645 2515 2331">
     <span class='ocr_line' id='line_1_46' title="bbox 1506 1645 2506 1710; baseline -0.007 -10"><span class='ocrx_word' id='word_1_244' title='bbox 1506 1652 1665 1700; x_wconf 73' lang='lat' dir='ltr'><strong>Eme.</strong></span> <span class='ocrx_word' id='word_1_245' title='bbox 1701 1663 1799 1699; x_wconf 83' lang='lat' dir='ltr'><strong>xv.</strong></span> <span class='ocrx_word' id='word_1_246' title='bbox 1833 1653 1861 1698; x_wconf 88' lang='lat'>1</span> <span class='ocrx_word' id='word_1_247' title='bbox 1902 1649 2042 1705; x_wconf 77' lang='lat' dir='ltr'><strong>Quod</strong></span> <span class='ocrx_word' id='word_1_248' title='bbox 2084 1646 2222 1709; x_wconf 77' lang='lat' dir='ltr'><strong>nulli,</strong></span> <span class='ocrx_word' id='word_1_249' title='bbox 2263 1645 2371 1710; x_wconf 53' lang='grc' dir='ltr'><strong>ξω]</strong></span> <span class='ocrx_word' id='word_1_250' title='bbox 2403 1645 2506 1693; x_wconf 86' lang='lat' dir='ltr'><strong>Ur·</strong></span> 
     </span>
     <span class='ocr_line' id='line_1_47' title="bbox 1439 1723 2508 1790; baseline -0.008 -13"><span class='ocrx_word' id='word_1_251' title='bbox 1439 1727 1572 1778; x_wconf 82' lang='lat' dir='ltr'><strong>bane</strong></span> <span class='ocrx_word' id='word_1_252' title='bbox 1594 1732 1747 1776; x_wconf 87' lang='lat' dir='ltr'><strong>notat</strong></span> <span class='ocrx_word' id='word_1_253' title='bbox 1784 1740 2026 1790; x_wconf 83' lang='lat' dir='ltr'><strong>spurcum</strong></span> <span class='ocrx_word' id='word_1_254' title='bbox 2050 1723 2324 1785; x_wconf 85' lang='lat' dir='ltr'><strong>Hermum,</strong></span> <span class='ocrx_word' id='word_1_255' title='bbox 2348 1735 2508 1786; x_wconf 83' lang='lat' dir='ltr'><strong>quum</strong></span> 
     </span>
     <span class='ocr_line' id='line_1_48' title="bbox 1443 1798 2508 1865; baseline -0.008 -11"><span class='ocrx_word' id='word_1_256' title='bbox 1443 1805 1683 1854; x_wconf 83' lang='lat' dir='ltr'><strong>videatur</strong></span> <span class='ocrx_word' id='word_1_257' title='bbox 1700 1817 1815 1852; x_wconf 90' lang='lat' dir='ltr'><strong>eum</strong></span> <span class='ocrx_word' id='word_1_258' title='bbox 1836 1800 2137 1865; x_wconf 67' lang='lat' dir='ltr'><strong>laudare‚{et</strong></span> <span class='ocrx_word' id='word_1_259' title='bbox 2160 1798 2508 1864; x_wconf 78' lang='lat' dir='ltr'><strong>suspicionem</strong></span> 
     </span>
     <span class='ocr_line' id='line_1_49' title="bbox 1439 1874 2508 1946; baseline -0.01 -14"><span class='ocrx_word' id='word_1_260' title='bbox 1439 1881 1700 1946; x_wconf 80' lang='lat' dir='ltr'><strong>superbias</strong></span> <span class='ocrx_word' id='word_1_261' title='bbox 1744 1891 2050 1937; x_wconf 67' lang='lat' dir='ltr'><strong>removere,</strong></span> <span class='ocrx_word' id='word_1_262' title='bbox 2101 1875 2241 1941; x_wconf 89' lang='lat' dir='ltr'><strong>quod</strong></span> <span class='ocrx_word' id='word_1_263' title='bbox 2288 1874 2508 1924; x_wconf 81' lang='lat' dir='ltr'><strong>calicem</strong></span> 
     </span>
     <span class='ocr_line' id='line_1_50' title="bbox 1444 1954 2511 2019; baseline -0.01 -11"><span class='ocrx_word' id='word_1_264' title='bbox 1444 1973 1608 2008; x_wconf 51' lang='lat' dir='ltr'><strong>sunm¹</strong></span> <span class='ocrx_word' id='word_1_265' title='bbox 1645 1956 1836 2006; x_wconf 88' lang='lat' dir='ltr'><strong>nemini</strong></span> <span class='ocrx_word' id='word_1_266' title='bbox 1895 1954 2234 2019; x_wconf 87' lang='lat' dir='ltr'><strong>propinaret;</strong></span> <span class='ocrx_word' id='word_1_267' title='bbox 2302 1956 2511 2015; x_wconf 87' lang='lat' dir='ltr'><strong>poterat</strong></span> 
     </span>
     <span class='ocr_line' id='line_1_51' title="bbox 1443 2027 2510 2095; baseline -0.009 -12"><span class='ocrx_word' id='word_1_268' title='bbox 1443 2034 1583 2083; x_wconf 88' lang='lat' dir='ltr'><strong>enim</strong></span> <span class='ocrx_word' id='word_1_269' title='bbox 1605 2033 1702 2082; x_wconf 84' lang='lat' dir='ltr'><strong>hoc</strong></span> <span class='ocrx_word' id='word_1_270' title='bbox 1740 2030 2021 2095; x_wconf 87' lang='lat' dir='ltr'><strong>superbum</strong></span> <span class='ocrx_word' id='word_1_271' title='bbox 2062 2028 2254 2079; x_wconf 78' lang='lat' dir='ltr'><strong>videri:</strong></span> <span class='ocrx_word' id='word_1_272' title='bbox 2288 2027 2510 2076; x_wconf 83' lang='lat' dir='ltr'><strong>humane</strong></span> 
     </span>
     <span class='ocr_line' id='line_1_52' title="bbox 1446 2105 2511 2170; baseline -0.015 -5"><span class='ocrx_word' id='word_1_273' title='bbox 1446 2122 1620 2166; x_wconf 89' lang='lat' dir='ltr'><strong>tamen</strong></span> <span class='ocrx_word' id='word_1_274' title='bbox 1657 2112 1786 2162; x_wconf 89' lang='lat' dir='ltr'><strong>dicit</strong></span> <span class='ocrx_word' id='word_1_275' title='bbox 1809 2111 2024 2170; x_wconf 84' lang='lat' dir='ltr'><strong>factum,</strong></span> <span class='ocrx_word' id='word_1_276' title='bbox 2045 2123 2113 2158; x_wconf 91' lang='lat' dir='ltr'><strong>ne</strong></span> <span class='ocrx_word' id='word_1_277' title='bbox 2137 2105 2343 2156; x_wconf 87' lang='lat' dir='ltr'><strong>scilicet</strong></span> <span class='ocrx_word' id='word_1_278' title='bbox 2371 2117 2511 2153; x_wconf 89' lang='lat' dir='ltr'><strong>com-</strong></span> 
     </span>
     <span class='ocr_line' id='line_1_53' title="bbox 1446 2177 2515 2258; baseline -0.016 -15"><span class='ocrx_word' id='word_1_279' title='bbox 1446 2199 1661 2258; x_wconf 85' lang='lat' dir='ltr'><strong>potores</strong></span> <span class='ocrx_word' id='word_1_280' title='bbox 1681 2189 1842 2238; x_wconf 86' lang='lat' dir='ltr'><strong>halitu</strong></span> <span class='ocrx_word' id='word_1_281' title='bbox 1859 2185 2044 2253; x_wconf 78' lang='lat' dir='ltr'><strong>foetido</strong></span> <span class='ocrx_word' id='word_1_282' title='bbox 2067 2188 2124 2233; x_wconf 90' lang='lat' dir='ltr'><strong>et</strong></span> <span class='ocrx_word' id='word_1_283' title='bbox 2143 2195 2332 2246; x_wconf 86' lang='lat' dir='ltr'><strong>spurco</strong></span> <span class='ocrx_word' id='word_1_284' title='bbox 2351 2177 2515 2229; x_wconf 85' lang='lat' dir='ltr'><strong>offen-</strong></span> 
     </span>
     <span class='ocr_line' id='line_1_54' title="bbox 1448 2255 2515 2331; baseline -0.016 -11"><span class='ocrx_word' id='word_1_285' title='bbox 1448 2270 1717 2331; x_wconf 88' lang='lat' dir='ltr'><strong>derentur,</strong></span> <span class='ocrx_word' id='word_1_286' title='bbox 1752 2264 1889 2331; x_wconf 79' lang='lat' dir='ltr'><strong>quod</strong></span> <span class='ocrx_word' id='word_1_287' title='bbox 1942 2269 2094 2312; x_wconf 86' lang='lat' dir='ltr'><strong>acute</strong></span> <span class='ocrx_word' id='word_1_288' title='bbox 2133 2258 2323 2310; x_wconf 88' lang='lat' dir='ltr'><strong>lectori</strong></span> <span class='ocrx_word' id='word_1_289' title='bbox 2360 2255 2515 2305; x_wconf 87' lang='lat' dir='ltr'><strong>relin-</strong></span> 
     </span>
    </p>
   </div>
   <div class='ocr_carea' id='block_1_6' title="bbox 1388 2334 2517 2415">
    <p class='ocr_par' dir='ltr' id='par_1_12' title="bbox 1388 2334 2517 2415">
     <span class='ocr_line' id='line_1_55' title="bbox 1388 2334 2517 2415; baseline -0.017 -15"><span class='ocrx_word' id='word_1_290' title='bbox 1388 2360 1400 2371; x_wconf 84' lang='lat'><strong>·</strong></span> <span class='ocrx_word' id='word_1_291' title='bbox 1449 2349 1565 2415; x_wconf 90' lang='lat' dir='ltr'><strong>quit</strong></span> <span class='ocrx_word' id='word_1_292' title='bbox 1580 2344 1924 2396; x_wconf 83' lang='lat' dir='ltr'><strong>inferendum.</strong></span> <span class='ocrx_word' id='word_1_293' title='bbox 1961 2338 2196 2389; x_wconf 76' lang='lat' dir='ltr'><strong>Ramires.</strong></span> <span class='ocrx_word' id='word_1_294' title='bbox 2230 2334 2517 2386; x_wconf 85' lang='lat' dir='ltr'><strong>Habebant</strong></span> 
     </span>
    </p>
   </div>
   <div class='ocr_carea' id='block_1_7' title="bbox 1449 2412 2520 2638">
    <p class='ocr_par' dir='ltr' id='par_1_13' title="bbox 1449 2412 2520 2638">
     <span class='ocr_line' id='line_1_56' title="bbox 1449 2412 2517 2489; baseline -0.019 -11"><span class='ocrx_word' id='word_1_295' title='bbox 1449 2413 2046 2489; x_wconf 71' lang='lat' dir='ltr'><strong>veteres{liouox·atiores</strong></span> <span class='ocrx_word' id='word_1_296' title='bbox 2058 2415 2302 2477; x_wconf 85' lang='lat' dir='ltr'><strong>maxime,</strong></span> <span class='ocrx_word' id='word_1_297' title='bbox 2320 2412 2372 2461; x_wconf 89' lang='lat' dir='ltr'><strong>in</strong></span> <span class='ocrx_word' id='word_1_298' title='bbox 2392 2426 2517 2461; x_wconf 89' lang='lat' dir='ltr'><strong>con-</strong></span> 
     </span>
     <span class='ocr_line' id='line_1_57' title="bbox 1451 2492 2515 2567; baseline -0.02 -12"><span class='ocrx_word' id='word_1_299' title='bbox 1451 2504 1605 2556; x_wconf 84' lang='lat' dir='ltr'><strong>viviis</strong></span> <span class='ocrx_word' id='word_1_300' title='bbox 1627 2500 1919 2567; x_wconf 81' lang='lat' dir='ltr'><strong>peculiares</strong></span> <span class='ocrx_word' id='word_1_301' title='bbox 1957 2509 2075 2545; x_wconf 89' lang='lat' dir='ltr'><strong>suos</strong></span> <span class='ocrx_word' id='word_1_302' title='bbox 2115 2492 2308 2542; x_wconf 81' lang='lat' dir='ltr'><strong>calices</strong></span> <span class='ocrx_word' id='word_1_303' title='bbox 2329 2505 2344 2538; x_wconf 69' lang='grc' dir='ltr'><strong>ε</strong></span> <span class='ocrx_word' id='word_1_304' title='bbox 2384 2501 2515 2553; x_wconf 86' lang='lat' dir='ltr'><strong>quos</strong></span> 
     </span>
     <span class='ocr_line' id='line_1_58' title="bbox 1455 2564 2520 2638; baseline -0.02 -6"><span class='ocrx_word' id='word_1_305' title='bbox 1455 2581 1569 2632; x_wconf 87' lang='lat' dir='ltr'><strong>aliis</strong></span> <span class='ocrx_word' id='word_1_306' title='bbox 1585 2577 1844 2628; x_wconf 84' lang='lat' dir='ltr'><strong>interdum</strong></span> <span class='ocrx_word' id='word_1_307' title='bbox 1865 2571 2164 2638; x_wconf 89' lang='lat' dir='ltr'><strong>propinare,</strong></span> <span class='ocrx_word' id='word_1_308' title='bbox 2181 2564 2520 2615; x_wconf 85' lang='lat' dir='ltr'><strong>humanitatis</strong></span> 
     </span>
    </p>
   </div>
   <div class='ocr_carea' id='block_1_8' title="bbox 1376 2642 2530 2711">
    <p class='ocr_par' dir='ltr' id='par_1_14' title="bbox 1376 2642 2530 2711">
     <span class='ocr_line' id='line_1_59' title="bbox 1376 2642 2530 2711; baseline -0.016 -1"><span class='ocrx_word' id='word_1_309' title='bbox 1376 2693 1377 2696; x_wconf 59' lang='lat'><em>=</em></span> <span class='ocrx_word' id='word_1_310' title='bbox 1454 2664 1600 2709; x_wconf 84' lang='lat' dir='ltr'><strong>erat:</strong></span> <span class='ocrx_word' id='word_1_311' title='bbox 1635 2645 2272 2711; x_wconf 81' lang='lat' dir='ltr'><strong>contrarium,superbiae.</strong></span> <span class='ocrx_word' id='word_1_312' title='bbox 2336 2642 2530 2692; x_wconf 77' lang='lat' dir='ltr'><strong>Inver-&#39;</strong></span> 
     </span>
    </p>
   </div>
   <div class='ocr_carea' id='block_1_9' title="bbox 1455 2719 2522 2786">
    <p class='ocr_par' dir='ltr' id='par_1_15' title="bbox 1455 2719 2522 2786">
     <span class='ocr_line' id='line_1_60' title="bbox 1455 2719 2522 2786; baseline -0.021 0"><span class='ocrx_word' id='word_1_313' title='bbox 1455 2737 1523 2786; x_wconf 90' lang='lat' dir='ltr'><strong>tit</strong></span> <span class='ocrx_word' id='word_1_314' title='bbox 1543 2735 1642 2783; x_wconf 90' lang='lat' dir='ltr'><strong>hoc</strong></span> <span class='ocrx_word' id='word_1_315' title='bbox 1668 2730 1839 2782; x_wconf 66' lang='lat' dir='ltr'><strong>Poeta</strong></span> <span class='ocrx_word' id='word_1_316' title='bbox 1876 2721 2221 2776; x_wconf 76' lang='lat' dir='ltr'><strong>collaudando</strong></span> <span class='ocrx_word' id='word_1_317' title='bbox 2245 2719 2522 2780; x_wconf 88' lang='lat' dir='ltr'><strong>Hermum,</strong></span> 
     </span>
    </p>
   </div>
   <div class='ocr_carea' id='block_1_10' title="bbox 309 2794 2530 3195">
    <p class='ocr_par' dir='ltr' id='par_1_16' title="bbox 309 2794 2526 2953">
     <span class='ocr_line' id='line_1_61' title="bbox 309 2794 2521 2881; baseline -0.018 1"><span class='ocrx_word' id='word_1_318' title='bbox 309 2815 648 2881; x_wconf 64' lang='lat' dir='ltr'>P⁰⁰¹P01⁶8¹¹¹2</span> <span class='ocrx_word' id='word_1_319' title='bbox 667 2826 830 2879; x_wconf 66' lang='grc' dir='ltr'><strong>ΡΙὉΡΒ</strong></span> <span class='ocrx_word' id='word_1_320' title='bbox 848 2825 1000 2877; x_wconf 62' lang='lat' dir='ltr'><strong>(Imm</strong></span> <span class='ocrx_word' id='word_1_321' title='bbox 1035 2810 1180 2872; x_wconf 62' lang='lat' dir='ltr'><strong>lucu!</strong></span> <span class='ocrx_word' id='word_1_322' title='bbox 1198 2812 1256 2855; x_wconf 69' lang='lat' dir='ltr'><strong>et</strong></span> <span class='ocrx_word' id='word_1_323' title='bbox 1279 2804 1382 2854; x_wconf 71' lang='lat'><strong>(¹¹¹⁰</strong></span> <span class='ocrx_word' id='word_1_324' title='bbox 1458 2810 1605 2880; x_wconf 85' lang='lat' dir='ltr'><strong>quasi</strong></span> <span class='ocrx_word' id='word_1_325' title='bbox 1630 2810 1726 2858; x_wconf 90' lang='lat' dir='ltr'><strong>hoc</strong></span> <span class='ocrx_word' id='word_1_326' title='bbox 1760 2806 1825 2856; x_wconf 88' lang='lat' dir='ltr'><strong>ab</strong></span> <span class='ocrx_word' id='word_1_327' title='bbox 1850 2805 1936 2854; x_wconf 90' lang='lat' dir='ltr'><strong>illo</strong></span> <span class='ocrx_word' id='word_1_328' title='bbox 1958 2803 2179 2850; x_wconf 89' lang='lat' dir='ltr'><strong>humane</strong></span> <span class='ocrx_word' id='word_1_329' title='bbox 2200 2796 2397 2847; x_wconf 84' lang='lat' dir='ltr'><strong>factum</strong></span> <span class='ocrx_word' id='word_1_330' title='bbox 2433 2794 2521 2855; x_wconf 87' lang='lat' dir='ltr'><strong>sit,</strong></span> 
     </span>
     <span class='ocr_line' id='line_1_62' title="bbox 317 2874 2526 2953; baseline -0.02 8"><span class='ocrx_word' id='word_1_331' title='bbox 317 2893 475 2945; x_wconf 64' lang='lat' dir='ltr'><strong>¹¹⁰¹fi·</strong></span> <span class='ocrx_word' id='word_1_332' title='bbox 1458 2906 1548 2953; x_wconf 91' lang='lat' dir='ltr'><strong>ne,</strong></span> <span class='ocrx_word' id='word_1_333' title='bbox 1570 2887 1737 2939; x_wconf 88' lang='lat' dir='ltr'><strong>calice</strong></span> <span class='ocrx_word' id='word_1_334' title='bbox 1761 2899 1792 2933; x_wconf 86' lang='lat' dir='ltr'><strong>a</strong></span> <span class='ocrx_word' id='word_1_335' title='bbox 1810 2879 1998 2931; x_wconf 80' lang='lat' dir='ltr'><strong>foetore</strong></span> <span class='ocrx_word' id='word_1_336' title='bbox 2022 2877 2126 2926; x_wconf 82' lang='lat' dir='ltr'><strong>oris</strong></span> <span class='ocrx_word' id='word_1_337' title='bbox 2151 2874 2229 2924; x_wconf 88' lang='lat' dir='ltr'><strong>sui</strong></span> <span class='ocrx_word' id='word_1_338' title='bbox 2249 2877 2526 2931; x_wconf 83' lang='lat' dir='ltr'><strong>venenato,</strong></span> 
     </span>
    </p>

    <p class='ocr_par' dir='ltr' id='par_1_17' title="bbox 315 2948 2530 3195">
     <span class='ocr_line' id='line_1_63' title="bbox 378 2948 2526 3039; baseline -0.018 -7"><span class='ocrx_word' id='word_1_339' title='bbox 378 2986 440 3032; x_wconf 93' lang='lat'><strong>11</strong></span> <span class='ocrx_word' id='word_1_340' title='bbox 470 2980 576 3029; x_wconf 85' lang='lat' dir='ltr'><strong>Nec</strong></span> <span class='ocrx_word' id='word_1_341' title='bbox 598 2974 882 3039; x_wconf 74' lang='lat' dir='ltr'><strong>Fortunati]</strong></span> <span class='ocrx_word' id='word_1_342' title='bbox 901 2976 1146 3027; x_wconf 85' lang='lat' dir='ltr'><strong>Quatuor</strong></span> <span class='ocrx_word' id='word_1_343' title='bbox 1161 2975 1282 3020; x_wconf 87' lang='lat' dir='ltr'><strong>sunt</strong></span> <span class='ocrx_word' id='word_1_344' title='bbox 1297 2981 1388 3017; x_wconf 89' lang='lat' dir='ltr'><strong>no·</strong></span> <span class='ocrx_word' id='word_1_345' title='bbox 1461 2967 1590 3016; x_wconf 87' lang='lat' dir='ltr'><strong>alios</strong></span> <span class='ocrx_word' id='word_1_346' title='bbox 1611 2960 1859 3013; x_wconf 84' lang='lat' dir='ltr'><strong>offendat.</strong></span> <span class='ocrx_word' id='word_1_347' title='bbox 1894 2957 2083 3006; x_wconf 86' lang='lat' dir='ltr'><strong>Frauc.</strong></span> <span class='ocrx_word' id='word_1_348' title='bbox 2102 2951 2343 3002; x_wconf 88' lang='lat' dir='ltr'><strong>Luisinus</strong></span> <span class='ocrx_word' id='word_1_349' title='bbox 2360 2948 2413 2997; x_wconf 89' lang='lat' dir='ltr'><strong>in</strong></span> <span class='ocrx_word' id='word_1_350' title='bbox 2435 2960 2526 2995; x_wconf 90' lang='lat' dir='ltr'><strong>no-</strong></span> 
     </span>
     <span class='ocr_line' id='line_1_64' title="bbox 315 3024 2527 3110; baseline -0.017 -2"><span class='ocrx_word' id='word_1_351' title='bbox 315 3058 456 3108; x_wconf 88' lang='lat' dir='ltr'><strong>mina</strong></span> <span class='ocrx_word' id='word_1_352' title='bbox 477 3056 780 3105; x_wconf 88' lang='lat' dir='ltr'><strong>balneorum</strong></span> <span class='ocrx_word' id='word_1_353' title='bbox 798 3058 855 3102; x_wconf 86' lang='lat' dir='ltr'><strong>et</strong></span> <span class='ocrx_word' id='word_1_354' title='bbox 875 3051 1234 3110; x_wconf 75' lang='lat' dir='ltr'><strong>balneatorum</strong></span> <span class='ocrx_word' id='word_1_355' title='bbox 1252 3059 1388 3095; x_wconf 88' lang='lat' dir='ltr'><strong>mer·</strong></span> <span class='ocrx_word' id='word_1_356' title='bbox 1461 3042 1616 3093; x_wconf 90' lang='lat' dir='ltr'><strong>minis</strong></span> <span class='ocrx_word' id='word_1_357' title='bbox 1639 3035 1999 3099; x_wconf 83' lang='lat' dir='ltr'><strong>ambiguitate,</strong></span> <span class='ocrx_word' id='word_1_358' title='bbox 2015 3029 2153 3096; x_wconf 87' lang='lat' dir='ltr'><strong>quod</strong></span> <span class='ocrx_word' id='word_1_359' title='bbox 2172 3027 2250 3076; x_wconf 90' lang='lat' dir='ltr'><strong>illi</strong></span> <span class='ocrx_word' id='word_1_360' title='bbox 2274 3039 2392 3075; x_wconf 86' lang='lat' dir='ltr'><strong>cum</strong></span> <span class='ocrx_word' id='word_1_361' title='bbox 2407 3024 2527 3073; x_wconf 87' lang='lat' dir='ltr'><strong>Deo</strong></span> 
     </span>
     <span class='ocr_line' id='line_1_65' title="bbox 317 3103 2530 3195; baseline -0.017 -10"><span class='ocrx_word' id='word_1_362' title='bbox 317 3131 775 3195; x_wconf 84' lang='lat' dir='ltr'><strong>cenariorum,hoc</strong></span> <span class='ocrx_word' id='word_1_363' title='bbox 799 3136 903 3193; x_wconf 85' lang='lat' dir='ltr'><strong>est,</strong></span> <span class='ocrx_word' id='word_1_364' title='bbox 942 3127 1032 3193; x_wconf 90' lang='lat' dir='ltr'><strong>qui</strong></span> <span class='ocrx_word' id='word_1_365' title='bbox 1064 3122 1390 3175; x_wconf 86' lang='lat' dir='ltr'><strong>mercenaria</strong></span> <span class='ocrx_word' id='word_1_366' title='bbox 1463 3116 1730 3169; x_wconf 83' lang='lat' dir='ltr'><strong>Mercurio</strong></span> <span class='ocrx_word' id='word_1_367' title='bbox 1751 3123 2020 3163; x_wconf 88' lang='lat' dir='ltr'><strong>commune</strong></span> <span class='ocrx_word' id='word_1_368' title='bbox 2042 3112 2144 3169; x_wconf 86' lang='lat' dir='ltr'><strong>est,</strong></span> <span class='ocrx_word' id='word_1_369' title='bbox 2164 3103 2276 3169; x_wconf 88' lang='lat' dir='ltr'><strong>joci</strong></span> <span class='ocrx_word' id='word_1_370' title='bbox 2310 3112 2530 3152; x_wconf 83' lang='lat' dir='ltr'><strong>acumen</strong></span> 
     </span>
    </p>
   </div>
   <div class='ocr_carea' id='block_1_11' title="bbox 319 3198 1405 4418">
    <p class='ocr_par' dir='ltr' id='par_1_18' title="bbox 319 3198 1398 3723">
     <span class='ocr_line' id='line_1_66' title="bbox 319 3198 1390 3270; baseline -0.016 -8"><span class='ocrx_word' id='word_1_371' title='bbox 319 3198 1390 3270; x_wconf 78' lang='lat' dir='ltr'><strong>balneahabent‚Fortuuati,Fausti,Gryl-</strong></span> 
     </span>
     <span class='ocr_line' id='line_1_67' title="bbox 322 3274 1393 3351; baseline -0.015 -13"><span class='ocrx_word' id='word_1_372' title='bbox 322 3289 359 3338; x_wconf 91' lang='lat' dir='ltr'><strong>li</strong></span> <span class='ocrx_word' id='word_1_373' title='bbox 372 3302 433 3337; x_wconf 82' lang='lat' dir='ltr'><strong>ac</strong></span> <span class='ocrx_word' id='word_1_374' title='bbox 453 3285 608 3351; x_wconf 84' lang='lat' dir='ltr'><strong>Lupi.</strong></span> <span class='ocrx_word' id='word_1_375' title='bbox 632 3283 736 3334; x_wconf 87' lang='lat' dir='ltr'><strong>Sed</strong></span> <span class='ocrx_word' id='word_1_376' title='bbox 752 3282 931 3346; x_wconf 81' lang='lat' dir='ltr'><strong>Lupus</strong></span> <span class='ocrx_word' id='word_1_377' title='bbox 947 3278 1227 3342; x_wconf 83' lang='lat' dir='ltr'><strong>etGryllus</strong></span> <span class='ocrx_word' id='word_1_378' title='bbox 1239 3274 1393 3324; x_wconf 86' lang='lat' dir='ltr'><strong>habe-</strong></span> 
     </span>
     <span class='ocr_line' id='line_1_68' title="bbox 321 3354 1394 3428; baseline -0.013 -14"><span class='ocrx_word' id='word_1_379' title='bbox 321 3364 445 3414; x_wconf 90' lang='lat' dir='ltr'><strong>bant</strong></span> <span class='ocrx_word' id='word_1_380' title='bbox 461 3364 618 3428; x_wconf 85' lang='lat' dir='ltr'><strong>plane</strong></span> <span class='ocrx_word' id='word_1_381' title='bbox 634 3358 952 3419; x_wconf 82' lang='lat' dir='ltr'><strong>contrarias;</strong></span> <span class='ocrx_word' id='word_1_382' title='bbox 970 3355 1186 3419; x_wconf 81' lang='lat' dir='ltr'><strong>Gryllus</strong></span> <span class='ocrx_word' id='word_1_383' title='bbox 1209 3355 1261 3402; x_wconf 92' lang='lat' dir='ltr'><strong>in</strong></span> <span class='ocrx_word' id='word_1_384' title='bbox 1274 3354 1394 3402; x_wconf 88' lang='lat' dir='ltr'><strong>loco</strong></span> 
     </span>
     <span class='ocr_line' id='line_1_69' title="bbox 323 3431 1395 3505; baseline -0.012 -14"><span class='ocrx_word' id='word_1_385' title='bbox 323 3442 568 3505; x_wconf 88' lang='lat' dir='ltr'><strong>depresso</strong></span> <span class='ocrx_word' id='word_1_386' title='bbox 598 3446 654 3488; x_wconf 89' lang='lat' dir='ltr'><strong>et</strong></span> <span class='ocrx_word' id='word_1_387' title='bbox 677 3436 1025 3498; x_wconf 85' lang='lat' dir='ltr'><strong>tenebricoso,</strong></span> <span class='ocrx_word' id='word_1_388' title='bbox 1044 3435 1218 3497; x_wconf 85' lang='lat' dir='ltr'><strong>Lupus</strong></span> <span class='ocrx_word' id='word_1_389' title='bbox 1233 3431 1283 3480; x_wconf 89' lang='lat' dir='ltr'><strong>in</strong></span> <span class='ocrx_word' id='word_1_390' title='bbox 1306 3445 1395 3479; x_wconf 81' lang='lat' dir='ltr'><strong>ex-</strong></span> 
     </span>
     <span class='ocr_line' id='line_1_70' title="bbox 323 3506 1398 3580; baseline -0.015 -9"><span class='ocrx_word' id='word_1_391' title='bbox 323 3520 463 3571; x_wconf 89' lang='lat' dir='ltr'><strong>oelso</strong></span> <span class='ocrx_word' id='word_1_392' title='bbox 504 3524 562 3567; x_wconf 89' lang='lat' dir='ltr'><strong>et</strong></span> <span class='ocrx_word' id='word_1_393' title='bbox 608 3520 825 3580; x_wconf 88' lang='lat' dir='ltr'><strong>patente</strong></span> <span class='ocrx_word' id='word_1_394' title='bbox 867 3514 1002 3567; x_wconf 87' lang='lat' dir='ltr'><strong>loco.</strong></span> <span class='ocrx_word' id='word_1_395' title='bbox 1042 3508 1203 3558; x_wconf 84' lang='lat' dir='ltr'><strong>veluti</strong></span> <span class='ocrx_word' id='word_1_396' title='bbox 1228 3506 1398 3571; x_wconf 84' lang='lat' dir='ltr'><strong>Regia</strong></span> 
     </span>
     <span class='ocr_line' id='line_1_71' title="bbox 324 3585 1397 3658; baseline -0.012 -12"><span class='ocrx_word' id='word_1_397' title='bbox 324 3596 476 3658; x_wconf 84' lang='lat' dir='ltr'><strong>AEoli,</strong></span> <span class='ocrx_word' id='word_1_398' title='bbox 499 3592 638 3644; x_wconf 85' lang='lat' dir='ltr'><strong>unde</strong></span> <span class='ocrx_word' id='word_1_399' title='bbox 671 3596 827 3641; x_wconf 84' lang='lat' dir='ltr'><strong>vocat</strong></span> <span class='ocrx_word' id='word_1_400' title='bbox 877 3588 1117 3650; x_wconf 84' lang='lat' dir='ltr'><strong>AEoliam,</strong></span> <span class='ocrx_word' id='word_1_401' title='bbox 1148 3586 1215 3636; x_wconf 84' lang='lat' dir='ltr'><strong>ab</strong></span> <span class='ocrx_word' id='word_1_402' title='bbox 1251 3585 1397 3635; x_wconf 85' lang='lat' dir='ltr'><strong>AEolo</strong></span> 
     </span>
     <span class='ocr_line' id='line_1_72' title="bbox 327 3668 1370 3723; baseline -0.014 1"><span class='ocrx_word' id='word_1_403' title='bbox 327 3681 602 3723; x_wconf 87' lang='lat' dir='ltr'><strong>ventorum</strong></span> <span class='ocrx_word' id='word_1_404' title='bbox 627 3671 761 3719; x_wconf 91' lang='lat' dir='ltr'><strong>Deo.</strong></span> <span class='ocrx_word' id='word_1_405' title='bbox 793 3668 975 3715; x_wconf 84' lang='lat' dir='ltr'><strong>Rader.</strong></span> <span class='ocrx_word' id='word_1_406' title='bbox 1364 3681 1370 3687; x_wconf 86' lang='lat'><strong>·</strong></span> 
     </span>
    </p>

    <p class='ocr_par' dir='ltr' id='par_1_19' title="bbox 324 3735 1404 4045">
     <span class='ocr_line' id='line_1_73' title="bbox 388 3735 1400 3813; baseline -0.015 -13"><span class='ocrx_word' id='word_1_407' title='bbox 388 3755 450 3801; x_wconf 79' lang='lat'><strong>12</strong></span> <span class='ocrx_word' id='word_1_408' title='bbox 480 3747 645 3813; x_wconf 78' lang='lat' dir='ltr'><strong>Grylli</strong></span> <span class='ocrx_word' id='word_1_409' title='bbox 662 3745 896 3806; x_wconf 75' lang='lat' dir='ltr'><strong>tenebras,</strong></span> <span class='ocrx_word' id='word_1_410' title='bbox 917 3740 1224 3803; x_wconf 76' lang='lat' dir='ltr'><strong>AEoliamque</strong></span> <span class='ocrx_word' id='word_1_411' title='bbox 1246 3735 1400 3801; x_wconf 74' lang='lat' dir='ltr'><strong>Lupi]</strong></span> 
     </span>
     <span class='ocr_line' id='line_1_74' title="bbox 324 3816 1401 3883; baseline -0.014 -5"><span class='ocrx_word' id='word_1_412' title='bbox 324 3825 623 3878; x_wconf 81' lang='lat' dir='ltr'><strong>Tenebrosa</strong></span> <span class='ocrx_word' id='word_1_413' title='bbox 655 3823 842 3871; x_wconf 88' lang='lat' dir='ltr'><strong>balnea</strong></span> <span class='ocrx_word' id='word_1_414' title='bbox 876 3818 1070 3883; x_wconf 80' lang='lat' dir='ltr'><strong>Grylli,</strong></span> <span class='ocrx_word' id='word_1_415' title='bbox 1105 3824 1165 3866; x_wconf 90' lang='lat' dir='ltr'><strong>et</strong></span> <span class='ocrx_word' id='word_1_416' title='bbox 1187 3816 1401 3865; x_wconf 85' lang='lat' dir='ltr'><strong>excelso</strong></span> 
     </span>
     <span class='ocr_line' id='line_1_75' title="bbox 326 3894 1404 3969; baseline -0.016 -11"><span class='ocrx_word' id='word_1_417' title='bbox 326 3909 439 3958; x_wconf 90' lang='lat' dir='ltr'><strong>loco</strong></span> <span class='ocrx_word' id='word_1_418' title='bbox 474 3904 669 3969; x_wconf 84' lang='lat' dir='ltr'><strong>posita,</strong></span> <span class='ocrx_word' id='word_1_419' title='bbox 690 3902 794 3951; x_wconf 65' lang='grc' dir='ltr'><strong>’.νεὶ</strong></span> <span class='ocrx_word' id='word_1_420' title='bbox 829 3898 1019 3962; x_wconf 86' lang='lat' dir='ltr'><strong>frigida</strong></span> <span class='ocrx_word' id='word_1_421' title='bbox 1038 3897 1225 3946; x_wconf 87' lang='lat' dir='ltr'><strong>balnea</strong></span> <span class='ocrx_word' id='word_1_422' title='bbox 1249 3894 1404 3958; x_wconf 85' lang='lat' dir='ltr'><strong>Lupi.</strong></span> 
     </span>
     <span class='ocr_line' id='line_1_76' title="bbox 326 3971 1402 4045; baseline -0.013 -11"><span class='ocrx_word' id='word_1_423' title='bbox 326 3984 447 4033; x_wconf 86' lang='lat' dir='ltr'><strong>vide</strong></span> <span class='ocrx_word' id='word_1_424' title='bbox 470 3980 641 4045; x_wconf 83' lang='lat' dir='ltr'><strong>epigr.</strong></span> <span class='ocrx_word' id='word_1_425' title='bbox 665 3978 804 4042; x_wconf 63' lang='grc'><strong>(39.1.</strong></span> <span class='ocrx_word' id='word_1_426' title='bbox 830 3981 876 4025; x_wconf 91' lang='lat' dir='ltr'><strong>l.</strong></span> <span class='ocrx_word' id='word_1_427' title='bbox 903 3971 1104 4023; x_wconf 84' lang='lat' dir='ltr'><strong>etinfra</strong></span> <span class='ocrx_word' id='word_1_428' title='bbox 1122 3972 1296 4035; x_wconf 87' lang='lat' dir='ltr'><strong>epigr.</strong></span> <span class='ocrx_word' id='word_1_429' title='bbox 1317 3974 1402 4020; x_wconf 77' lang='lat'><strong>78.</strong></span> 
     </span>
    </p>

    <p class='ocr_par' dir='ltr' id='par_1_20' title="bbox 335 4046 1404 4195">
     <span class='ocr_line' id='line_1_77' title="bbox 394 4046 1404 4119; baseline -0.015 -10"><span class='ocrx_word' id='word_1_430' title='bbox 394 4063 458 4109; x_wconf 74' lang='lat'><strong>13</strong></span> <span class='ocrx_word' id='word_1_431' title='bbox 497 4056 730 4117; x_wconf 78' lang='lat' dir='ltr'><strong>Thermis,</strong></span> <span class='ocrx_word' id='word_1_432' title='bbox 745 4052 853 4119; x_wconf 51' lang='grc' dir='ltr'><strong>ξφ]</strong></span> <span class='ocrx_word' id='word_1_433' title='bbox 884 4052 948 4102; x_wconf 88' lang='lat' dir='ltr'><strong>In</strong></span> <span class='ocrx_word' id='word_1_434' title='bbox 963 4050 1174 4101; x_wconf 86' lang='lat' dir='ltr'><strong>thermis</strong></span> <span class='ocrx_word' id='word_1_435' title='bbox 1191 4046 1404 4112; x_wconf 85' lang='lat' dir='ltr'><strong>proprie</strong></span> 
     </span>
     <span class='ocr_line' id='line_1_78' title="bbox 335 4127 1370 4195; baseline -0.015 -7"><span class='ocrx_word' id='word_1_436' title='bbox 335 4127 641 4195; x_wconf 71' lang='lat' dir='ltr'><strong>sudabatur,</strong></span> <span class='ocrx_word' id='word_1_437' title='bbox 664 4140 724 4182; x_wconf 89' lang='lat' dir='ltr'><strong>ut</strong></span> <span class='ocrx_word' id='word_1_438' title='bbox 758 4132 812 4180; x_wconf 89' lang='lat' dir='ltr'><strong>in</strong></span> <span class='ocrx_word' id='word_1_439' title='bbox 833 4129 1033 4179; x_wconf 88' lang='lat' dir='ltr'><strong>balneis</strong></span> <span class='ocrx_word' id='word_1_440' title='bbox 1055 4127 1370 4176; x_wconf 82' lang='lat' dir='ltr'><strong>lavabatur..</strong></span> 
     </span>
    </p>

    <p class='ocr_par' dir='ltr' id='par_1_21' title="bbox 337 4199 1405 4418">
     <span class='ocr_line' id='line_1_79' title="bbox 399 4199 1405 4271; baseline -0.015 -7"><span class='ocrx_word' id='word_1_441' title='bbox 399 4218 462 4264; x_wconf 80' lang='lat'><strong>14</strong></span> <span class='ocrx_word' id='word_1_442' title='bbox 510 4214 756 4261; x_wconf 67' lang='lat' dir='ltr'><strong>Maenia</strong></span> <span class='ocrx_word' id='word_1_443' title='bbox 823 4207 950 4271; x_wconf 83' lang='lat' dir='ltr'><strong>Deo]</strong></span> <span class='ocrx_word' id='word_1_444' title='bbox 1008 4203 1164 4256; x_wconf 85' lang='lat' dir='ltr'><strong>Nullo</strong></span> <span class='ocrx_word' id='word_1_445' title='bbox 1219 4199 1405 4266; x_wconf 86' lang='lat' dir='ltr'><strong>Campi</strong></span> 
     </span>
     <span class='ocr_line' id='line_1_80' title="bbox 337 4278 1403 4348; baseline -0.014 -7"><span class='ocrx_word' id='word_1_446' title='bbox 337 4289 517 4341; x_wconf 87' lang='lat' dir='ltr'><strong>Martii</strong></span> <span class='ocrx_word' id='word_1_447' title='bbox 538 4286 752 4337; x_wconf 83' lang='lat' dir='ltr'><strong>favente</strong></span> <span class='ocrx_word' id='word_1_448' title='bbox 789 4284 1017 4348; x_wconf 88' lang='lat' dir='ltr'><strong>numine,</strong></span> <span class='ocrx_word' id='word_1_449' title='bbox 1049 4278 1188 4347; x_wconf 84' lang='lat' dir='ltr'><strong>quod</strong></span> <span class='ocrx_word' id='word_1_450' title='bbox 1209 4278 1403 4329; x_wconf 87' lang='lat' dir='ltr'><strong>Selium</strong></span> 
     </span>
     <span class='ocr_line' id='line_1_81' title="bbox 346 4364 652 4418; baseline -0.016 0"><span class='ocrx_word' id='word_1_451' title='bbox 346 4377 487 4418; x_wconf 68' lang='lat' dir='ltr'><strong>caena</strong></span> <span class='ocrx_word' id='word_1_452' title='bbox 508 4364 652 4415; x_wconf 87' lang='lat' dir='ltr'><strong>beet.</strong></span> 
     </span>
    </p>
   </div>
   <div class='ocr_carea' id='block_1_12' title="bbox 1460 3183 2548 4402">
    <p class='ocr_par' dir='ltr' id='par_1_22' title="bbox 1460 3183 2529 3328">
     <span class='ocr_line' id='line_1_82' title="bbox 1460 3183 2529 3259; baseline -0.02 -10"><span class='ocrx_word' id='word_1_453' title='bbox 1460 3200 1632 3248; x_wconf 82' lang='lat' dir='ltr'><strong>latere</strong></span> <span class='ocrx_word' id='word_1_454' title='bbox 1656 3200 1827 3259; x_wconf 88' lang='lat' dir='ltr'><strong>putat.</strong></span> <span class='ocrx_word' id='word_1_455' title='bbox 1849 3205 1899 3255; x_wconf 92' lang='lat' dir='ltr'><strong>q.</strong></span> <span class='ocrx_word' id='word_1_456' title='bbox 1925 3188 1978 3238; x_wconf 92' lang='lat' dir='ltr'><strong>d.</strong></span> <span class='ocrx_word' id='word_1_457' title='bbox 1997 3185 2130 3236; x_wconf 86' lang='lat' dir='ltr'><strong>facis</strong></span> <span class='ocrx_word' id='word_1_458' title='bbox 2150 3191 2210 3233; x_wconf 89' lang='lat' dir='ltr'><strong>ut</strong></span> <span class='ocrx_word' id='word_1_459' title='bbox 2236 3184 2407 3245; x_wconf 85' lang='lat' dir='ltr'><strong>homo,</strong></span> <span class='ocrx_word' id='word_1_460' title='bbox 2428 3183 2529 3229; x_wconf 70' lang='grc' dir='ltr'><strong>διο.</strong></span> 
     </span>
     <span class='ocr_line' id='line_1_83' title="bbox 1466 3263 2498 3328; baseline -0.018 -5"><span class='ocrx_word' id='word_1_461' title='bbox 1466 3274 1586 3323; x_wconf 83' lang='lat' dir='ltr'><strong>vide</strong></span> <span class='ocrx_word' id='word_1_462' title='bbox 1606 3286 1653 3320; x_wconf 89' lang='lat' dir='ltr'><strong>c.</strong></span> <span class='ocrx_word' id='word_1_463' title='bbox 1677 3273 1760 3318; x_wconf 74' lang='lat'><strong>13.</strong></span> <span class='ocrx_word' id='word_1_464' title='bbox 1778 3268 1815 3317; x_wconf 90' lang='lat' dir='ltr'><strong>l.</strong></span> <span class='ocrx_word' id='word_1_465' title='bbox 1842 3271 1890 3317; x_wconf 91' lang='lat'><strong>1.</strong></span> <span class='ocrx_word' id='word_1_466' title='bbox 1909 3274 2184 3328; x_wconf 86' lang='lat' dir='ltr'><strong>parergon.</strong></span> <span class='ocrx_word' id='word_1_467' title='bbox 2493 3263 2498 3278; x_wconf 78' lang='lat'>⁴</span> 
     </span>
    </p>

    <p class='ocr_par' dir='ltr' id='par_1_23' title="bbox 1466 3332 2547 4326">
     <span class='ocr_line' id='line_1_84' title="bbox 1533 3332 2536 3400; baseline -0.016 -1"><span class='ocrx_word' id='word_1_468' title='bbox 1533 3350 1697 3399; x_wconf 73' lang='lat' dir='ltr'><strong>Eme.</strong></span> <span class='ocrx_word' id='word_1_469' title='bbox 1721 3359 1841 3396; x_wconf 77' lang='lat' dir='ltr'><strong>xvr.</strong></span> <span class='ocrx_word' id='word_1_470' title='bbox 1878 3348 1905 3393; x_wconf 85' lang='lat'>1</span> <span class='ocrx_word' id='word_1_471' title='bbox 1932 3341 2138 3393; x_wconf 79' lang='lat' dir='ltr'><strong>Faciunt</strong></span> <span class='ocrx_word' id='word_1_472' title='bbox 2178 3332 2536 3400; x_wconf 12' lang='lat' dir='ltr'><strong>hancyfebrem]</strong></span> 
     </span>
     <span class='ocr_line' id='line_1_85' title="bbox 1466 3416 2540 3479; baseline -0.015 -3"><span class='ocrx_word' id='word_1_473' title='bbox 1466 3427 1543 3477; x_wconf 78' lang='lat' dir='ltr'><strong>Ut</strong></span> <span class='ocrx_word' id='word_1_474' title='bbox 1561 3422 1845 3474; x_wconf 87' lang='lat' dir='ltr'><strong>visentibus</strong></span> <span class='ocrx_word' id='word_1_475' title='bbox 1866 3425 2098 3470; x_wconf 85' lang='lat' dir='ltr'><strong>ostentet</strong></span> <span class='ocrx_word' id='word_1_476' title='bbox 2132 3416 2383 3479; x_wconf 84' lang='lat' dir='ltr'><strong>stragula,</strong></span> <span class='ocrx_word' id='word_1_477' title='bbox 2406 3427 2540 3462; x_wconf 87' lang='lat' dir='ltr'><strong>mor·</strong></span> 
     </span>
     <span class='ocr_line' id='line_1_86' title="bbox 1470 3488 2538 3557; baseline -0.017 -3"><span class='ocrx_word' id='word_1_478' title='bbox 1470 3504 1593 3555; x_wconf 86' lang='lat' dir='ltr'><strong>bum</strong></span> <span class='ocrx_word' id='word_1_479' title='bbox 1617 3500 1842 3552; x_wconf 87' lang='lat' dir='ltr'><strong>simulat.</strong></span> <span class='ocrx_word' id='word_1_480' title='bbox 1885 3493 2137 3557; x_wconf 74' lang='lat' dir='ltr'><strong>Stragula]</strong></span> <span class='ocrx_word' id='word_1_481' title='bbox 2174 3491 2323 3543; x_wconf 90' lang='lat' dir='ltr'><strong>Lecti</strong></span> <span class='ocrx_word' id='word_1_482' title='bbox 2367 3488 2538 3553; x_wconf 90' lang='lat' dir='ltr'><strong>operi-</strong></span> 
     </span>
     <span class='ocr_line' id='line_1_87' title="bbox 1471 3566 2536 3642; baseline -0.018 -11"><span class='ocrx_word' id='word_1_483' title='bbox 1471 3586 1668 3642; x_wconf 84' lang='lat' dir='ltr'><strong>menta,</strong></span> <span class='ocrx_word' id='word_1_484' title='bbox 1701 3576 1919 3641; x_wconf 86' lang='lat' dir='ltr'><strong>Tapetia</strong></span> <span class='ocrx_word' id='word_1_485' title='bbox 1968 3574 2112 3621; x_wconf 89' lang='lat' dir='ltr'><strong>lecto</strong></span> <span class='ocrx_word' id='word_1_486' title='bbox 2164 3575 2349 3619; x_wconf 85' lang='lat' dir='ltr'><strong>strata.</strong></span> <span class='ocrx_word' id='word_1_487' title='bbox 2413 3566 2536 3615; x_wconf 88' lang='lat' dir='ltr'><strong>Non</strong></span> 
     </span>
     <span class='ocr_line' id='line_1_88' title="bbox 1473 3640 2541 3710; baseline -0.022 0"><span class='ocrx_word' id='word_1_488' title='bbox 1473 3656 1717 3710; x_wconf 84' lang='lat' dir='ltr'><strong>convenit</strong></span> <span class='ocrx_word' id='word_1_489' title='bbox 1754 3646 2122 3705; x_wconf 85' lang='lat' dir='ltr'><strong>Grammaticis</strong></span> <span class='ocrx_word' id='word_1_490' title='bbox 2160 3646 2228 3695; x_wconf 84' lang='lat' dir='ltr'><strong>de</strong></span> <span class='ocrx_word' id='word_1_491' title='bbox 2274 3640 2541 3705; x_wconf 71' lang='lat' dir='ltr'><strong>stragmis,</strong></span> 
     </span>
     <span class='ocr_line' id='line_1_89' title="bbox 1475 3711 2540 3788; baseline -0.02 0"><span class='ocrx_word' id='word_1_492' title='bbox 1475 3742 1717 3788; x_wconf 85' lang='lat' dir='ltr'><strong>vestesue</strong></span> <span class='ocrx_word' id='word_1_493' title='bbox 1734 3745 1799 3780; x_wconf 86' lang='lat' dir='ltr'><strong>an</strong></span> <span class='ocrx_word' id='word_1_494' title='bbox 1814 3731 2068 3779; x_wconf 86' lang='lat' dir='ltr'><strong>lectorum</strong></span> <span class='ocrx_word' id='word_1_495' title='bbox 2087 3729 2252 3773; x_wconf 86' lang='lat' dir='ltr'><strong>strata</strong></span> <span class='ocrx_word' id='word_1_496' title='bbox 2266 3711 2540 3769; x_wconf 85' lang='lat' dir='ltr'><strong>denotent.</strong></span> 
     </span>
     <span class='ocr_line' id='line_1_90' title="bbox 1476 3795 2542 3878; baseline -0.022 -14"><span class='ocrx_word' id='word_1_497' title='bbox 1476 3815 1590 3878; x_wconf 83' lang='lat' dir='ltr'><strong>Ego</strong></span> <span class='ocrx_word' id='word_1_498' title='bbox 1632 3817 1926 3871; x_wconf 76' lang='lat' dir='ltr'><strong>utrunquez</strong></span> <span class='ocrx_word' id='word_1_499' title='bbox 1960 3813 2184 3865; x_wconf 89' lang='lat' dir='ltr'><strong>namque</strong></span> <span class='ocrx_word' id='word_1_500' title='bbox 2220 3795 2385 3847; x_wconf 89' lang='lat' dir='ltr'><strong>leonis</strong></span> <span class='ocrx_word' id='word_1_501' title='bbox 2424 3808 2542 3857; x_wconf 86' lang='lat' dir='ltr'><strong>spo-</strong></span> 
     </span>
     <span class='ocr_line' id='line_1_91' title="bbox 1475 3870 2547 3944; baseline -0.021 -4"><span class='ocrx_word' id='word_1_502' title='bbox 1475 3891 1601 3940; x_wconf 86' lang='lat' dir='ltr'><strong>lium</strong></span> <span class='ocrx_word' id='word_1_503' title='bbox 1637 3883 1866 3936; x_wconf 87' lang='lat' dir='ltr'><strong>Herculi</strong></span> <span class='ocrx_word' id='word_1_504' title='bbox 1912 3894 2007 3944; x_wconf 89' lang='lat' dir='ltr'><strong>pro</strong></span> <span class='ocrx_word' id='word_1_505' title='bbox 2047 3878 2184 3926; x_wconf 91' lang='lat' dir='ltr'><strong>lecto</strong></span> <span class='ocrx_word' id='word_1_506' title='bbox 2215 3880 2272 3922; x_wconf 90' lang='lat' dir='ltr'><strong>et</strong></span> <span class='ocrx_word' id='word_1_507' title='bbox 2293 3870 2547 3935; x_wconf 84' lang='lat' dir='ltr'><strong>stragulo,</strong></span> 
     </span>
     <span class='ocr_line' id='line_1_92' title="bbox 1479 3948 2545 4033; baseline -0.023 -15"><span class='ocrx_word' id='word_1_508' title='bbox 1479 3966 1620 4033; x_wconf 88' lang='lat' dir='ltr'><strong>apud</strong></span> <span class='ocrx_word' id='word_1_509' title='bbox 1655 3965 1910 4014; x_wconf 86' lang='lat' dir='ltr'><strong>Senecam</strong></span> <span class='ocrx_word' id='word_1_510' title='bbox 1928 3957 1991 4018; x_wconf 47' lang='grc' dir='ltr'><strong>εἷ</strong></span> <span class='ocrx_word' id='word_1_511' title='bbox 2012 3967 2232 4019; x_wconf 89' lang='lat' dir='ltr'><strong>quonam</strong></span> <span class='ocrx_word' id='word_1_512' title='bbox 2254 3948 2388 4000; x_wconf 87' lang='lat' dir='ltr'><strong>abiit</strong></span> <span class='ocrx_word' id='word_1_513' title='bbox 2429 3953 2545 4010; x_wconf 84' lang='lat' dir='ltr'><strong>teg.</strong></span> 
     </span>
     <span class='ocr_line' id='line_1_93' title="bbox 1480 4023 2546 4100; baseline -0.022 -6"><span class='ocrx_word' id='word_1_514' title='bbox 1480 4059 1599 4094; x_wconf 89' lang='lat' dir='ltr'><strong>men</strong></span> <span class='ocrx_word' id='word_1_515' title='bbox 1634 4053 1823 4100; x_wconf 90' lang='lat' dir='ltr'><strong>meum,</strong></span> <span class='ocrx_word' id='word_1_516' title='bbox 1864 4035 2117 4099; x_wconf 89' lang='lat' dir='ltr'><strong>Idemque</strong></span> <span class='ocrx_word' id='word_1_517' title='bbox 2151 4041 2328 4080; x_wconf 85' lang='lat' dir='ltr'><strong>somno</strong></span> <span class='ocrx_word' id='word_1_518' title='bbox 2374 4023 2546 4075; x_wconf 69' lang='lat' dir='ltr'><strong>mollis</strong></span> 
     </span>
     <span class='ocr_line' id='line_1_94' title="bbox 1480 4109 2006 4170; baseline -0.023 1"><span class='ocrx_word' id='word_1_519' title='bbox 1480 4117 1776 4170; x_wconf 86' lang='lat' dir='ltr'><strong>Herculeus</strong></span> <span class='ocrx_word' id='word_1_520' title='bbox 1797 4119 1941 4163; x_wconf 88' lang='lat' dir='ltr'><strong>torus</strong></span> <span class='ocrx_word' id='word_1_521' title='bbox 1960 4109 2006 4159; x_wconf 85' lang='lat'><strong>?&#39;</strong></span> 
     </span>
     <span class='ocr_line' id='line_1_95' title="bbox 1489 4184 2547 4253; baseline -0.023 -7"><span class='ocrx_word' id='word_1_522' title='bbox 1489 4215 1496 4232; x_wconf 57' lang='grc' dir='ltr'>τ</span> <span class='ocrx_word' id='word_1_523' title='bbox 1543 4200 1576 4245; x_wconf 75' lang='grc'>2</span> <span class='ocrx_word' id='word_1_524' title='bbox 1610 4186 1968 4253; x_wconf 60' lang='lat' dir='ltr'><strong>Sifiterit‚&amp;c.]</strong></span> <span class='ocrx_word' id='word_1_525' title='bbox 1989 4185 2046 4234; x_wconf 92' lang='lat' dir='ltr'><strong>Si</strong></span> <span class='ocrx_word' id='word_1_526' title='bbox 2065 4184 2283 4244; x_wconf 86' lang='lat' dir='ltr'><strong>valeret,</strong></span> <span class='ocrx_word' id='word_1_527' title='bbox 2300 4191 2406 4229; x_wconf 87' lang='lat' dir='ltr'><strong>non</strong></span> <span class='ocrx_word' id='word_1_528' title='bbox 2431 4189 2547 4240; x_wconf 85' lang='lat' dir='ltr'><strong>pos-</strong></span> 
     </span>
     <span class='ocr_line' id='line_1_96' title="bbox 1480 4262 2236 4326; baseline -0.024 -2"><span class='ocrx_word' id='word_1_529' title='bbox 1480 4278 1599 4323; x_wconf 79' lang='lat' dir='ltr'><strong>sent</strong></span> <span class='ocrx_word' id='word_1_530' title='bbox 1617 4267 1786 4318; x_wconf 85' lang='lat' dir='ltr'><strong>videri</strong></span> <span class='ocrx_word' id='word_1_531' title='bbox 1809 4262 2056 4326; x_wconf 83' lang='lat' dir='ltr'><strong>stragula.</strong></span> <span class='ocrx_word' id='word_1_532' title='bbox 2215 4273 2236 4282; x_wconf 24' lang='grc' dir='ltr'><strong>Δ*</strong></span> 
     </span>
    </p>

    <p class='ocr_par' dir='ltr' id='par_1_24' title="bbox 1546 4328 2548 4402">
     <span class='ocr_line' id='line_1_97' title="bbox 1546 4328 2548 4402; baseline -0.022 -4"><span class='ocrx_word' id='word_1_533' title='bbox 1546 4352 1577 4398; x_wconf 79' lang='lat'><em>8</em></span> <span class='ocrx_word' id='word_1_534' title='bbox 1615 4345 1808 4395; x_wconf 71' lang='lat' dir='ltr'><strong>Tor-usa</strong></span> <span class='ocrx_word' id='word_1_535' title='bbox 1831 4338 1969 4402; x_wconf 76' lang='lat' dir='ltr'><strong>Nilo]</strong></span> <span class='ocrx_word' id='word_1_536' title='bbox 2002 4338 2168 4387; x_wconf 82' lang='lat' dir='ltr'><strong>Torus</strong></span> <span class='ocrx_word' id='word_1_537' title='bbox 2186 4348 2217 4384; x_wconf 90' lang='lat' dir='ltr'><strong>e</strong></span> <span class='ocrx_word' id='word_1_538' title='bbox 2238 4331 2344 4382; x_wconf 93' lang='lat' dir='ltr'><strong>lino</strong></span> <span class='ocrx_word' id='word_1_539' title='bbox 2358 4328 2548 4393; x_wconf 81' lang='lat' dir='ltr'><strong>AEgyp-</strong></span> 
     </span>
    </p>
   </div>
  </div>
 </body>
</html>
