2985 4937
650 422 736 467 M.
778 422 948 470 VM..
995 422 1420 475 mannans
1472 428 1725 478 Epion.
1769 431 1913 478 mn.
1960 430 2038 477 X.

274 562 479 617 officium
500 580 647 617 suun
683 565 1032 618 intermissum
1057 584 1072 628 ;
1108 574 1162 617 et
1188 567 1323 619 affir-

272 650 382 701 mat,
399 657 428 690 a
445 656 501 692 se
520 658 622 693 non
640 644 807 694 minus
822 644 985 695 amari
1001 645 1322 708 Frontinum,

272 720 486 781 quamvis
523 734 626 769 non
667 720 824 771 toties
862 721 1110 782 revisum,
1129 724 1318 771 saluta·

271 800 451 857 tum,et
470 796 794 860 comitatum,
811 813 964 864 quam
985 799 1053 848 ab
1076 797 1317 849 officiosis

270 875 371 926 aliia
388 877 677 941 clientibus,
696 880 786 944 qai
808 880 918 929 dies
947 888 1234 946 noctesque
1255 880 1317 930 il-

269 950 358 1000 lius
394 953 566 1004 limina
601 963 817 1008 terunt:
859 956 1141 1007 amicitiam
1181 958 1317 1008 enim

268 1034 318 1077 et
336 1043 553 1081 amorem
577 1047 681 1082 non
706 1034 758 1083 in
790 1041 1045 1098 extremo,
1078 1033 1172 1084 sed
1201 1035 1320 1085 inti·

267 1117 344 1153 mo
364 1108 615 1168 penetrali
634 1110 936 1159 consistere.
973 1110 1102 1161 aaa.

324 1184 384 1231 la
415 1183 517 1233 Nec
554 1189 726 1249 mem,
762 1185 867 1250 esa]
924 1187 1026 1251 Ep.
1061 1191 1143 1238 71.
1187 1187 1224 1238 1.
1268 1192 1320 1241 1.

268 1272 395 1309 vers.
418 1264 500 1311 15.

323 1339 381 1387 14
402 1337 571 1388 Etaon
592 1338 970 1405 offic-imum]
989 1339 1321 1404 Amote‚eti·

266 1414 380 1463 amsi
406 1429 506 1464 non
528 1416 857 1467 caereinoniis
891 1430 1120 1467 amorem
1153 1430 1316 1484 usque

265 1501 362 1552 prae
382 1504 463 1539 me
486 1490 675 1541 feram.

322 1566 476 1617 Erro.
498 1581 614 1619 nx.
652 1569 887 1619 Excusat
920 1568 1156 1633 longiora
1193 1569 1320 1635 Epi·

263 1650 551 1703 grammata.

322 1726 347 1771 1
380 1724 682 1792 Campi«,
718 1727 826 1791 ξω]
889 1726 951 1778 Si
988 1741 1146 1777 unum
1192 1728 1318 1792 Epi·

263 1812 476 1859 gramma
491 1808 600 1853 tam
629 1805 839 1868 longum
871 1805 958 1868 sit,
991 1812 1052 1855 ut
1075 1807 1317 1870 paginam

261 1882 412 1926 totam
446 1879 684 1944 impleat.
764 1882 977 1932 Lemma
1011 1884 1184 1932 autem
1231 1889 1318 1933 est

260 1953 426 2006 titulus
440 1967 495 2008 et
514 1959 789 2023 inscriptio
809 1961 1230 2025 Epigrammatis.

317 2036 347 2081 8
377 2034 539 2094 Dives,
560 2041 610 2086 et
631 2051 695 2086 ex
715 2038 984 2102 omnam-‚J
1033 2039 1315 2102 Comparat

260 2105 426 2173 Epigr-
443 2126 536 2161 sua
556 2116 960 2177 apparatissimo
982 2114 1241 2178 convivio,
1261 2115 1312 2165 in

261 2197 353 2248 quo
386 2201 488 2237 uon
510 2189 664 2238 nnius
695 2191 903 2254 generis
934 2191 1197 2254 cupedia,
1219 2191 1319 2241 sed

259 2274 424 2314 omues
464 2266 689 2316 lautitiae
720 2275 776 2316 et
806 2268 944 2332 gnlae
987 2268 1316 2319 irritamenta

259 2347 383 2390 sunt.
428 2343 658 2407 Macella]
743 2346 1028 2395 Macellum
1068 2348 1315 2410 generale

259 2416 483 2481 primurn.
548 2421 658 2473 Sed
702 2428 887 2487 postea
929 2422 982 2472 in
1014 2423 1237 2475 macello
1259 2429 1316 2475 et

259 2495 571 2564 delicatiora,
623 2502 1056 2567 quemadmodum
1123 2502 1317 2566 pisces,

258 2575 631 2629 vendebantur.
720 2581 792 2629 Et
861 2594 987 2629 sane
1041 2580 1314 2629 macellum

257 2648 582 2712 ixomae‘tov
596 2658 793 2722 potius,
811 2673 969 2724 qnam
981 2660 1317 2723 κρεωπωλεῖον.

258 2728 319 2778 Et
340 2733 501 2794 pisces
524 2734 865 2798 peculiariter
885 2734 995 2797 ὄψα.
1032 2735 1237 2786 Her-old.

315 2812 344 2857 4
378 2811 576 2861 Μαι-ιω
594 2812 695 2861 solo
719 2811 920 2874 juvant]
975 2811 1226 2874 Cupediae
1261 2818 1317 2862 et

255 2881 530 2938 dulciaria:
584 2889 845 2939 Athenaeo
891 2888 1022 2937 libro
1070 2893 1154 2939 14.
1195 2903 1315 2954 cap.

256 2963 332 3011 23.
352 2977 512 3015 maza.
538 2965 749 3016 Far-nab.
777 2965 1008 3027 Manca,
1027 2980 1145 3030 quae
1170 2966 1317 3017 Θυε-

255 3037 328 3085 cis
358 3039 544 3100 ματτύα
564 3042 648 3090 vel
670 3038 875 3103 ματτύη,
896 3041 1138 3104 lautitiae,
1158 3056 1315 3107 cupe-

255 3110 366 3164 dioe.
400 3116 686 3166 Athenaeus
710 3117 844 3167 libro
873 3121 951 3166 14.
985 3116 1198 3183 amb-nr
1228 3132 1316 3168 ex-

256 3193 392 3254 pouit
404 3197 499 3244 πᾶν
517 3196 579 3245 τὸ
597 3194 862 3245 π’·ολυτελὲς
879 3195 1068 3259 ἔδεσμα,
1080 3197 1190 3247 sive
1209 3198 1317 3248 sint

256 3270 420 3332 pisces
436 3277 655 3341 opipare
678 3276 865 3340 parati,
890 3276 999 3325 sive
1031 3291 1170 3341 aves,
1205 3278 1315 3328 sive

231 3388 238 3393 ,
257 3346 386 3398 olera
419 3360 510 3401 aut
533 3354 657 3414 alia,
678 3368 792 3418 qnae
811 3353 1105 3404 minutatim
1144 3355 1316 3405 conci-

257 3436 308 3472 sa
345 3430 589 3479 aromatis
626 3429 967 3480 condiuntur:
1004 3437 1061 3480 et
1093 3445 1155 3481 ea
1196 3447 1314 3498 quae

255 3501 540 3564 λιχνεῦμαπι
561 3507 915 3570 appellantur.

315 3583 343 3627 5
379 3581 493 3631 Non
527 3598 659 3647 opus,
705 3582 815 3646 firm]
883 3583 1022 3635 Nolo
1063 3584 1314 3634 lectorem

256 3656 336 3718 qui
361 3658 596 3721 jocorum
642 3667 698 3710 et
746 3661 1039 3710 acuminum
1080 3662 1316 3724 cupediis

206 3726 216 3741 ⁸
256 3738 471 3787 saturari
490 3738 639 3801 velit,
659 3739 755 3789 sed
775 3740 862 3804 qni
882 3739 1046 3788 solida
1068 3745 1317 3802 expectat

256 3811 477 3861 carmina
497 3820 555 3862 et
575 3813 770 3877 gravia,
794 3813 936 3878 quasi
954 3822 1117 3878 caput
1143 3814 1318 3863 convi-

255 3882 337 3932 vii.
400 3886 507 3938 Alii
538 3891 742 3954 legunt,
770 3906 903 3955 pene,
924 3898 980 3939 et
1017 3892 1318 3956 intelligunt

258 3960 469 4012 caudam
510 3980 602 4016 seu
631 3964 818 4016 tinem:
853 3967 1048 4030 placet.
1111 3966 1202 4031 [In
1225 3967 1318 4016 mi-

261 4048 365 4087 rum
385 4042 591 4092 modum
615 4044 785 4094 Notas
808 4042 1051 4093 Farnabii
1074 4058 1189 4093 cum
1212 4044 1319 4093 suis

263 4110 514 4182 Notisque
553 4120 772 4170 aliorum
815 4118 1089 4169 confundit
1130 4119 1316 4169 Sebre-

259 4189 431 4243 vetius.
494 4194 602 4244 Hic
623 4208 766 4245 snam
784 4195 978 4245 Notam
998 4194 1114 4246 finit
1134 4197 1317 4246 Parna-

257 4260 407 4329 bius3
455 4270 546 4335 qui
568 4285 665 4334 pro
702 4274 718 4301 ‘
752 4271 958 4336 placet’
992 4272 1148 4322 habet
1180 4274 1316 4323 ‘non

262 4341 490 4411 placet.']
550 4347 656 4398 Alii
693 4348 796 4412 leg.
814 4360 980 4413 penne,
1013 4364 1174 4413 genus
1196 4350 1319 4414 cibi,

2291 415 2321 477 1
2333 412 2466 478 375

1397 585 1497 621 aec
1515 572 1740 637 vulgaris
1761 574 2056 637 admodum,
2092 589 2188 624 nec
2228 574 2462 626 delicati.

1397 650 1556 699 Grnt.

1459 728 1620 776 Esuo.
1643 740 1730 778 nx.
1766 727 1827 776 In
1852 728 2094 778 miserum
2119 729 2465 792 literatorem,

1394 804 1504 869 qui,
1540 819 1657 855 cum
1696 820 1798 855 non
1824 806 2038 856 baberet
2074 811 2122 857 3.
2163 806 2466 870 discipulos,

1395 881 1550 944 petiit
1585 897 1617 930 a
1647 882 1875 932 Caesarei
1882 883 1969 948 jus
2004 884 2161 933 trium
2185 884 2467 947 discipulo-

1394 971 1524 1008 rum.
1588 958 1751 1009 Jocns
1782 960 1979 1022 petitus
2023 975 2054 1009 a
2078 960 2202 1023 jure
2224 960 2379 1009 trium
2405 960 2465 1008 li-

1395 1033 1659 1098 berorum,
1679 1035 1746 1084 de
1769 1051 1871 1101 quo
1890 1036 2276 1100 Epigrammata
2293 1040 2375 1085 91.
2406 1042 2463 1085 et

1394 1110 1783 1174 Epigrammate
1802 1116 1887 1163 92.
1909 1113 1999 1163 lib.
2023 1118 2074 1163 2.

1458 1189 1624 1238 Euo.
1642 1202 1756 1239 ut.
1803 1190 2143 1239 Discessurus
2164 1189 2216 1237 iu
2241 1189 2460 1253 patriam

1392 1265 1656 1315 Martialis
1699 1265 2032 1316 commendat
2082 1263 2262 1316 futuro
2305 1266 2465 1328 agelli

1391 1340 1602 1392 domiuo
1636 1344 1893 1396 tumulum
1926 1344 2113 1409 Erotii,
2135 1342 2324 1407 puellae
2348 1358 2462 1392 ver-

1391 1418 1551 1469 nolas.

1461 1501 1489 1546 l
1525 1496 1768 1560 Hic,§·c.]
1821 1497 1960 1547 Vide
1982 1498 2137 1562 Epig.
2181 1502 2263 1547 85.
2304 1503 2360 1546 et
2379 1501 2463 1548 88.

1392 1573 1430 1624 1.
1452 1579 1504 1622 5.
1539 1573 1678 1623 unde
1714 1574 1833 1624 huic
1866 1574 1974 1624 lux.
2041 1573 2312 1636 Festinato,
2350 1573 2461 1637 qun]

1391 1650 1695 1716 immatura,
1714 1666 2071 1716 praepropera.

1454 1733 1489 1778 2
1522 1728 1679 1779 Sexto
1709 1729 1892 1793 hyemis]
1941 1728 2185 1779 Nondum
2225 1726 2457 1778 absolve·

1390 1813 1475 1855 rat
1495 1813 1700 1856 sextum
1723 1820 1934 1856 anuum.
1982 1805 2164 1870 Epigr.
2186 1807 2269 1856 85.
2294 1804 2383 1854 lib.
2408 1809 2459 1856 5.
2538 1803 2541 1804 ’

1390 1898 1532 1934 vers.
1554 1890 1603 1933 5.

1454 1965 1485 2010 8
1520 1961 1781 2024 Regnaton
1804 1961 1980 2025 agelli]
2050 1960 2305 2011 Dominus
2348 1960 2462 2025 agri

1388 2036 1560 2102 hujus,
1599 2046 1720 2102 post
1755 2038 2038 2088 discessum
2077 2051 2247 2088 meum
2290 2036 2346 2087 in
2370 2051 2461 2101 pa-

1390 2115 1561 2178 triam,
1578 2129 1670 2164 seu
1694 2122 1932 2166 mortem.

1451 2196 1484 2241 4
1523 2193 1751 2243 Manibus
1765 2194 1981 2259 exiguis]
2025 2192 2236 2243 Umbroe
2271 2191 2463 2242 Erolii.

1387 2270 1708 2333 Annuajusto
1727 2271 1864 2335 doto]
1900 2269 2267 2320 Anniversaria
2296 2283 2465 2330 sacra,

1387 2345 1588 2408 feralia,
1642 2347 1952 2412 parentalia,
1996 2346 2064 2395 ad
2109 2345 2460 2409 sepulchrum.

1388 2425 1614 2488 Pythag.
1645 2421 1766 2475 Τούς
1782 2440 1839 2473 τε
1858 2421 2194 2486 καταχθονίους
2215 2419 2334 2478 σέβω
2357 2419 2453 2470 aar·

1387 2517 1552 2563 μονοις,
1574 2498 1742 2563 ἔννομα
1762 2498 1927 2563 ῥέζων.
1983 2500 2116 2549 Nam
2139 2500 2360 2561 φθαρωῖς
2381 2496 2461 2545 καὶ

1377 2577 1589 2643 Ἥρωσιν
1609 2576 1968 2643 missinae,
1979 2578 2079 2627 τοῖς
2100 2574 2152 2625 δὲ
2171 2577 2308 2624 Θεοῖς
2320 2573 2460 2637 obsti,

1392 2667 1453 2708 ut
1470 2664 1619 2708 notat
1645 2655 2034 2708 Herodot.1n
2056 2654 2135 2704 liis
2157 2653 2308 2716 nugis
2332 2653 2463 2702 liba-

1389 2735 1563 2784 tiones
1609 2733 1846 2799 quoedam
1886 2729 2308 2792 effundebantur,
2346 2728 2463 2792 χοαὶ

1390 2811 1606 2877 ἐχέοντο,
1627 2812 1692 2862 ad
1719 2826 1847 2877 quas
1867 2825 2045 2861 manes
2067 2808 2305 2860 defuncti
2331 2809 2463 2859 invia

1392 2891 1655 2941 tabantur.
1721 2890 1933 2952 Vinum,
1959 2889 2199 2952 mulsum,
2224 2893 2279 2937 et
2302 2896 2460 2938 caete-

1389 2983 1472 3017 ras
1507 2967 1783 3018 libationes
1818 2965 2174 3028 defodiebant,
2212 2971 2268 3016 et
2307 2980 2462 3030 quos·

1389 3046 1510 3094 dam
1532 3044 1675 3095 cibos
1697 3043 2019 3094 cremabant.
2074 3042 2461 3093 Existimabam

1389 3123 1526 3170 enim
1564 3118 1932 3171 defunctorum
1972 3118 2168 3170 animas
2202 3118 2268 3169 ad
2289 3120 2379 3169 has
2401 3120 2462 3168 li·

1388 3198 1626 3248 bationes
1662 3197 1907 3260 excitari,
1938 3211 2131 3264 easque
2163 3196 2317 3247 avide
2355 3212 2460 3246 sor-

1389 3276 1536 3339 bere,
1552 3281 1608 3326 et
1625 3275 1769 3326 cibos
1792 3289 1994 3325 vorare.

1453 3360 1483 3403 5
1519 3353 1605 3402 Sic
1624 3353 1749 3402 Lare
1779 3356 2024 3415 perpetuo,
2055 3349 2165 3414 ξω]
2214 3350 2301 3400 sie
2332 3348 2462 3399 faci·

1390 3429 1502 3478 enti
1527 3442 1718 3492 precor
1741 3428 1837 3478 tibi
1876 3427 2082 3476 domum
2118 3441 2235 3476 cnm
2264 3426 2461 3476 familia

1389 3506 1723 3566 incolumem,
1746 3517 1844 3553 nec
1879 3504 2069 3555 habeas
2105 3503 2259 3552 alium
2285 3516 2461 3566 quem·

1390 3583 1529 3646 piam
1563 3596 1594 3631 e
1632 3581 1737 3631 tuis
1777 3593 1930 3646 quem
1968 3579 2112 3631 fleas.
2176 3581 2264 3630 Sic
2301 3579 2457 3644 Epig.

1389 3662 1473 3710 28.
1499 3658 1607 3708 1.·6.
1626 3672 1766 3707 vers.
1789 3661 1868 3706 10.

1457 3736 1616 3784 Eme.
1673 3746 1807 3784 mxu.
1872 3732 2096 3782 AEstivas
2158 3730 2460 3781 vacationes

1393 3813 1565 3863 Poe'ta
1585 3814 1894 3878 proclamat,
1924 3818 2203 3876 monetque
2224 3808 2330 3859 ludi
2349 3823 2458 3858 mo-

1389 3887 1679 3952 deratores,
1700 3895 1758 3938 ut
1777 3886 2021 3936 desinant
2048 3887 2252 3937 saevire.
2320 3885 2458 3935 Nam

1393 3982 1423 4015 a
1450 3966 1595 4017 Julio
1630 3964 1695 4014 ad
1737 3963 2025 4015 Octobrem
2067 3979 2225 4029 usque
2265 3962 2456 4013 scholae

1392 4043 1687 4105 cessabant,
1703 4041 1782 4090 nti
1804 4045 1860 4089 et
1881 4040 2240 4089 Saturnalibus
2262 4040 2457 4089 Miner·

1392 4119 1619 4182 salibus,
1665 4125 1722 4169 et
1768 4115 1879 4167 aliis
1920 4131 2019 4182 per
2060 4131 2248 4166 annum
2290 4115 2455 4167 feriis.

1454 4279 1490 4324 2
1526 4273 1611 4324 Sic
1629 4278 1678 4323 te
1687 4272 1983 4337 frequentes,
2003 4268 2108 4334 εγω]
2149 4268 2236 4319 Sic
2264 4270 2454 4319 multos

1390 4349 1579 4401 babeas
1622 4350 1904 4415 discipulos
1937 4349 2203 4413 ingenuos,
2239 4347 2458 4411 nobiles,
