2985 4937
573 440 584 449 “
662 447 738 501 Μ.
788 449 967 519 vAt..
1008 447 1428 501 MAR‘HAMS
1483 450 1733 503 nmen.
1784 450 1928 502 ΜΒ.
1980 453 2140 503 v111.

313 596 602 663 aviumque.
666 596 909 646 Tesseras
928 610 1053 659 ergo
1073 603 1130 645 et
1147 595 1375 659 sphaeru·

312 666 387 723 las
430 688 523 723 seu
569 672 801 737 globulos
852 674 1074 737 populus
1118 673 1377 737 rapiebat,

314 764 468 814 quum
493 748 856 813 jactarentur3
890 746 963 811 et,
994 750 1132 815 quod
1161 751 1375 816 quisque

311 828 363 876 in
383 834 582 877 tessera
606 827 807 891 signum
842 827 1090 890 habebat,
1124 827 1251 877 illud
1290 843 1375 877 ac·

311 904 544 968 cipiebat
558 903 626 953 ab
645 905 990 968 Imperatore,
1005 912 1083 968 ut,
1100 906 1140 954 si
1165 912 1375 955 tesseroe

311 988 453 1032 esset
495 980 780 1044 inscriptus
820 996 1023 1044 cervuS,
1069 996 1248 1047 equus,
1286 982 1378 1031 do-

311 1073 442 1122 mus,
473 1058 704 1118 domum,
737 1072 947 1122 equum,
985 1059 1066 1108 vel
1101 1072 1309 1108 cervum
1346 1074 1377 1108 a

312 1138 524 1187 Caesare
582 1137 665 1185 vel
719 1136 1011 1186 munerario
1068 1135 1378 1199 accipiebat.

309 1212 533 1263 Missilia
566 1226 693 1276 ergo
724 1226 832 1261 rem
861 1213 1024 1276 ipsam
1046 1220 1303 1277 spargunt
1323 1219 1379 1263 et

309 1288 554 1340 mittunt:
580 1294 792 1337 tesserae
814 1289 1154 1352 promittuut:
1176 1290 1252 1339 ita
1274 1303 1376 1339 non

308 1366 579 1415 laceratur
601 1365 912 1428 rapientium
936 1365 1166 1415 manibus
1188 1366 1376 1418 absens

307 1442 438 1504 avis,
484 1447 544 1491 et
586 1439 771 1503 implet
809 1441 947 1490 sinus
989 1455 1201 1492 securos
1222 1458 1236 1492 ε
1286 1445 1375 1510 qui

301 1521 450 1568 ‘euim
469 1518 525 1567 in
547 1517 713 1567 sinum
734 1517 975 1567 condidit
993 1524 1259 1581 tesseram,
1273 1528 1376 1570 uon

308 1595 499 1646 metuit
515 1608 582 1644 ne
600 1594 775 1643 evolet
790 1595 917 1657 avis,
932 1593 1025 1644 sed
1047 1609 1263 1645 securus
1278 1603 1377 1647 est.

310 1671 543 1723 Turneb.
567 1671 664 1721 lib.
690 1675 773 1720 29.
796 1685 914 1734 cap.
939 1675 991 1722 9.
1091 1698 1094 1703 -

373 1753 438 1801 u
475 1749 681 1799 Securos
697 1750 895 1812 gaudet,
925 1749 1032 1813 ξω]
1069 1749 1277 1801 Viritim
1301 1752 1377 1802 di·

309 1828 455 1877 visa:
492 1827 577 1874 vel
612 1834 716 1874 non
752 1825 1093 1890 cogitantium
1128 1834 1219 1877 aut
1252 1843 1375 1894 cap-

309 1905 562 1955 tantium:
590 1904 673 1952 vel
693 1903 878 1969 quibus
901 1903 1037 1953 forte
1061 1919 1156 1969 per
1171 1907 1375 1971 symbo-

309 1983 416 2032 lum
439 1981 679 2043 contigit.
925 2002 928 2005 *

371 2062 441 2108 12
465 2057 685 2107 Sonam
701 2057 936 2122 dominos]
957 2059 1062 2111 Qui
1084 2059 1375 2124 symbolum

301 2136 511 2200 jactum
536 2141 881 2198 occuparunt.

372 2216 436 2262 la
466 2212 599 2268 Quid
612 2226 849 2262 numerem
860 2213 1051 2277 cums]
1073 2211 1376 2277 Aurigamm

306 2288 591 2340 factiones.
651 2289 745 2338 Ter
763 2289 1110 2354 denaque,q·e.]
1133 2290 1379 2355 Ingentia

310 2366 652 2417 victoriarum
696 2367 929 2430 praemia.
1016 2368 1203 2418 Palma
1241 2369 1378 2419 enim

308 2445 494 2496 miultis
516 2444 803 2510 pramium.
843 2443 1192 2496 'Gladiatores
1216 2446 1379 2497 victo·

310 2537 398 2573 res
421 2536 539 2571 cum
564 2521 736 2586 paline
755 2520 1138 2572 discurrebant.

375 2602 445 2649 14
477 2599 602 2655 Quae
619 2599 751 2656 dm,
771 2598 880 2661 alsa]
909 2599 1067 2648 Plura
1083 2613 1239 2663 ¹quam
1262 2612 1378 2664 quoe

313 2676 401 2727 vel
420 2675 528 2725 duo
546 2676 784 2725 consules
807 2676 860 2725 in
881 2675 1018 2725 ludis
1039 2675 1140 2724 suis
1158 2683 1215 2726 et
1236 2690 1381 2740 spec·

310 2753 503 2805 taculis
523 2753 670 2803 dant.
737 2753 819 2804 An
843 2754 1025 2804 consul
1046 2760 1161 2803 erat
1185 2753 1380 2805 Stella?

315 2847 382 2881 an
405 2830 571 2882 votivi
593 2830 644 2879 hi
667 2829 776 2880 ludi
791 2828 833 2880 ?'

381 2913 446 2959 16
472 2909 616 2965 Quod
626 2908 1074 2973 spectator-emsa]
1097 2907 1250 2961 Quod
1275 2906 1381 2972 dig-

315 2986 455 3036 naris
476 2992 568 3035 tua
591 2985 871 3049 praesentia
894 2985 1043 3034 ludos
1066 2987 1175 3048 hos,
1197 2985 1381 3049 quibus

314 3294 427 3360 qma]
457 3296 607 3345 Inter
641 3294 733 3344 lias
756 3292 956 3343 vetulas
978 3299 1036 3340 et
1054 3297 1266 3353 turpesz
1303 3289 1382 3339 his

279 3429 280 3438 ἵ
315 3373 535 3424 aniculis
568 3380 623 3422 et
649 3370 923 3421 silicerniis
944 3368 1155 3431 collata,
1180 3367 1256 3416 vis
1278 3365 1384 3416 for·

314 3464 463 3500 mosa
485 3458 541 3499 et
562 3449 733 3513 puella
755 3446 938 3497 videri.
1250 3483 1260 3492 .

380 3528 543 3577 Eum.
568 3538 742 3576 Lxxx-
761 3524 1077 3587 Pugillatum
1095 3535 1381 3572 exercuere

316 3602 723 3665 Lacedaemonii,
751 3601 966 3667 ejusque
1000 3615 1188 3665 pugnae
1211 3609 1385 3651 aucto·

281 3689 429 3731 ’rem
457 3678 730 3729 Pollucem
752 3677 983 3727 tradunt.
1048 3677 1381 3728 Domitianus

308 3757 426 3821 jam
441 3755 664 3805 desitum
686 3754 993 3819 pugillatum
1019 3755 1319 3815 revocavit3
1351 3769 1383 3803 a

316 3849 420 3900 quo
441 3831 585 3883 facto
615 3830 788 3881 Poe'ta
817 3831 998 3880 laudat
1023 3832 1303 3893 Caesarem,
1325 3839 1382 3881 et

318 3910 543 3962 affirmat
576 3909 656 3959 illi
690 3909 745 3958 in
766 3908 999 3973 acceptis
1022 3906 1296 3957 referenda
1325 3914 1384 3958 et

318 3989 537 4054 antiqua
555 3985 869 4037 et·reeentia
898 3985 1223 4048 spectacula,
1259 3993 1383 4033 tem·

321 4066 425 4131 pla,
447 4068 547 4115 διο.
581 4065 816 4114 Eadem.

384 4147 411 4192 1
438 4140 719 4192 Sanctorum
735 4138 893 4203 nobis]
915 4137 1218 4201 Pugilatum
1237 4152 1382 4188 revo-

320 4229 425 4268 cas.
492 4216 757 4279 Min-acula]
787 4217 921 4268 Qum
943 4214 1228 4265 mirabatur
1250 4214 1381 4265 anti-

325 4307 422 4359 qua
446 4292 766 4359 simplicitas,
800 4292 887 4341 illa
923 4290 1199 4342 revocasti.
1266 4291 1381 4342 Nec

2337 437 2512 511 132ss

1447 595 1585 646 enim
1609 596 1951 660 gladiatorum
1973 604 2191 649 cruenta
2211 601 2513 664 spectacula

1450 675 1650 737 priores
1684 676 1904 726 Romani
1938 675 2187 738 edidere;
2224 691 2322 728 nec
2356 691 2510 729 vena-

1448 752 1616 801 tiones
1637 758 1742 802 tam
1764 750 1927 814 feras,
1966 761 2026 802 ut
2058 767 2175 803 cum
2206 751 2334 804 feris
2355 769 2510 820 coge-

1448 834 1631 878 rentur
1649 843 1880 892 pugnare
1902 829 2152 880 homines.
2186 830 2316 880 Rau.

1513 909 1546 955 2
1580 906 1713 955 Cana
1733 905 1879 969 mori]
1913 904 2168 969 Antiqua,
2190 905 2383 969 prisca.

1514 987 1544 1033 3
1571 985 1693 1033 Cam
1712 981 1911 1046 veteres]
1935 981 2074 1031 Olim
2098 982 2373 1046 pugiles·in
2398 983 2512 1033 Cir-

1447 1061 1686 1111 censibus
1707 1058 2197 1121 committebantur3
2218 1065 2277 1108 tu
2293 1072 2511 1110 revocas

1442 1136 1581 1187 illam
1626 1135 2079 1186 consuetudinem.
2164 1135 2362 1199 Arene]
2405 1136 2512 1188 Qui

1451 1214 1729 1279 majoribus
1759 1213 1946 1263 nostris
1965 1211 2130 1276 Troja
2161 1210 2411 1275 profectis
2435 1213 2515 1262 in-

1451 1300 1536 1344 ter
1568 1293 1886 1357 spectacula.
1951 1288 2099 1340 Petr.
2127 1289 2417 1339 Seriverius
2445 1289 2512 1339 de

1451 1369 1821 1434 gladiatoribus
1858 1367 2121 1431 iutelligit.
2188 1364 2343 1418 Quod
2364 1372 2424 1415 et
2445 1365 2514 1415 de

1450 1448 1687 1511 pugilatu
1718 1445 1929 1496 dicitur.
1994 1444 2082 1493 Sic
2103 1444 2270 1493 Dares
2299 1444 2317 1471 ⁴
2336 1443 2512 1493 Buten

1450 1522 1597 1573 fulva
1629 1521 1990 1571 moribundum
2025 1520 2264 1569 extendit
2299 1534 2458 1569 arena
2479 1519 2515 1568 ι’

1450 1606 1606 1666 atque
1627 1598 1864 1650 Entellus
1897 1598 1915 1626 ‘
1933 1598 2111 1659 ingens
2134 1595 2303 1645 media
2324 1597 2515 1645 consis-

1450 1678 1520 1727 tit
1538 1674 1734 1739 arena,'
1765 1672 2010 1725 AEueidos
2032 1678 2082 1723 5.

1514 1757 1546 1803 4
1580 1753 1879 1817 Simplicior-e
1910 1750 2076 1813 manu]
2125 1748 2322 1812 Pugnis
2363 1748 2513 1799 nudis

1450 1831 1535 1881 vel
1558 1831 1820 1881 caestibus.

1513 1913 1544 1957 5
1579 1908 1662 1957 Sic
1680 1907 1851 1971 priscis
1869 1911 2106 1967 amatur,
2127 1903 2234 1969 ξω]
2265 1903 2342 1953 Ut
2361 1900 2512 1951 ludos

1450 1990 1655 2035 veteres
1676 1984 1949 2045 instauras,
1969 1982 2046 2032 ita
2067 1980 2263 2046 templa
2282 1978 2515 2044 quamvis

1449 2062 1661 2111 humilia
1682 2060 1829 2121 colis,
1863 2071 2150 2122 magnaque
2184 2055 2253 2105 ob
2281 2061 2512 2105 sanctam

1450 2144 1765 2188 vetustatem
1790 2137 1843 2185 iu
1863 2135 2202 2186 veneratione
2225 2132 2400 2182 habes.

1514 2219 1548 2264 6
1581 2216 1650 2264 Et
1671 2228 1797 2271 casa,
1826 2212 1935 2276 ξω]
1965 2212 2083 2262 Nec
2104 2211 2337 2275 Jupiter,
2358 2211 2515 2260 dona·

1451 2291 1542 2341 riis
1561 2298 1822 2354 uteunque
1841 2289 1987 2338 dives
2004 2296 2061 2339 et
2078 2285 2363 2351 magnificis
2383 2293 2515 2336 tem-

1454 2369 1552 2433 plis
1573 2371 1762 2431 cultus,
1795 2366 1999 2418 fastidit
2026 2367 2270 2416 humilem
2292 2378 2436 2415 suam
2460 2367 2515 2415 in

1454 2445 1711 2511 Capitolio
1727 2460 1928 2496 casam:
1955 2458 2050 2494 uec
2069 2443 2402 2494 Domitianus
2420 2442 2515 2495 Ju-

1453 2524 1592 2588 piter
1609 2530 1802 2587 noster,
1824 2522 1877 2571 in
1895 2529 2046 2572 tanta
2065 2521 2404 2586 gladiatorum
2427 2536 2517 2570 co-

1451 2600 1556 2664 pia,
1570 2600 1879 2663 dedignatur
1891 2605 2133 2663 spectare
2150 2597 2367 2661 pugiles.
2407 2597 2518 2647 Cul-

1452 2683 1503 2727 to
1521 2677 1666 2740 Jove]
1685 2678 1811 2727 Tam
1835 2676 1998 2727 divite
2020 2682 2074 2726 et
2096 2672 2366 2739 magnifico
2384 2681 2514 2724 tem·

1452 2756 1573 2820 plis.

1515 2836 1549 2881 7
1586 2832 1727 2881 Nova
1758 2833 1871 2881 dum
1899 2831 2083 2893 condis,
2113 2828 2220 2894 ζα]
2259 2828 2513 2892 Templa:

1452 2908 1772 2972 Epigramm.
1794 2911 1845 2958 4.
1868 2908 1960 2957 lib.
1980 2912 2032 2958 9.
2057 2922 2187 2957 vers.
2211 2909 2262 2956 8.
2277 2912 2332 2956 et
2352 2906 2516 2970 Spec-

1451 2987 1646 3036 tacula.

1517 3064 1678 3112 Eme.
1704 3075 1900 3112 nxxxt.
1936 3060 2107 3112 Gellia
2129 3060 2242 3112 vita
2269 3075 2360 3110 sua
2394 3059 2515 3110 cha·

1453 3140 1617 3189 riores
1640 3138 1868 3189 habebat
1890 3153 2142 3203 gemmas,
2176 3138 2293 3187 siue
2328 3136 2517 3202 quibus

1453 3216 1682 3278 negabat
1702 3230 1759 3266 se
1783 3229 1935 3279 posse
1962 3215 2152 3264 vivere.
2207 3213 2377 3263 Poeta
2398 3226 2516 3277 pre-

1452 3301 1625 3355 catur,
1646 3299 1705 3342 ut
1729 3306 1760 3341 a
1779 3291 1897 3342 fure
1931 3293 2130 3343 Sereno
2164 3305 2381 3353 gemmae
2414 3289 2519 3340 cle-

1454 3377 1665 3432 patitur,
1686 3368 1962 3434 Gelliaque
1993 3369 2260 3418 moriatur.
2294 3359 2420 3417 Rnd.

1520 3449 1547 3493 1
1583 3445 1798 3509 Mystico
1816 3442 1978 3506 sacru]
2009 3443 2173 3493 Initia
2193 3451 2251 3494 et
2271 3444 2520 3509 mysteria

1454 3524 1589 3573 Deae
1610 3517 1967 3586 Dindymenes
1999 3521 2234 3571 Catullus
2262 3523 2521 3572 crotalum

1453 3608 1512 3650 et
1527 3606 1824 3664 tympanum
1844 3597 2008 3648 fuisse
2026 3598 2186 3649 cauit.
2219 3598 2376 3647 Forte
2399 3611 2518 3661 pos-

1452 3683 1574 3726 sunt
1594 3675 1681 3724 hic
1702 3674 1923 3740 mystica
1950 3672 2297 3737 sacra-accipi
2328 3687 2422 3737 pro
2442 3687 2521 3722 sa-

1452 3753 1556 3803 cris
1593 3753 1757 3803 Bonae
1794 3754 1953 3812 Deae,
1987 3766 2102 3816 quae
2133 3752 2258 3801 solae
2290 3750 2517 3800 foeminae

1451 3830 1725 3881 curabant.
1812 3825 2159 3892 Dindymenes]
2202 3826 2441 3890 Cybeles,
2485 3842 2519 3876 a

1452 3907 1739 3971 Dindymo,
1757 3911 1934 3955 moute
1953 3904 2227 3968 Phrygiam
2263 3904 2345 3953 vel
2368 3903 2517 3954 bonae

1453 3987 1607 4035 Deae.

1519 4064 1553 4109 2
1589 4059 1692 4108 Nec
1726 4071 1813 4121 per
1855 4054 2080 4116 Niliacoe,
2116 4053 2225 4119 qm]
2268 4054 2386 4104 Nec
2421 4068 2519 4119 per

1454 4134 1612 4200 Apim
1633 4134 1840 4196 bovem,
1855 4132 1950 4182 sub
1968 4131 2121 4195 cujus
2138 4131 2311 4195 specie
2328 4132 2521 4197 AEgyp·

1455 4212 1519 4263 tii
1552 4210 1798 4262 colebant
1831 4208 2043 4270 Osirim,
2075 4207 2158 4257 cui
2191 4208 2368 4273 nupsit
2397 4208 2519 4272 Isis,

1457 4286 1816 4354 AEgyptiorum
1839 4300 1905 4337 ex
1929 4284 1990 4335 Io
2011 4300 2173 4336 vacca
2195 4284 2312 4336 dea.
