2985 4937
770 364 1007 413 ..vAn
1053 344 1476 415 MARrul'ms
1533 366 1774 415 nmen.
1822 366 1969 417 me.
2016 369 2119 416 vr.

305 514 408 558 tum
422 508 768 561 conscendit.
787 510 863 560 sic
885 509 1020 564 Afer
1029 510 1214 562 merito
1230 511 1363 560 ride-

305 595 395 636 tur
408 589 496 654 qni
531 603 755 653 pauper,
773 588 1007 653 juvenis,
1025 596 1089 639 et
1098 588 1268 651 fortis,
1297 588 1363 639 ab

299 662 405 712 aliis
418 664 703 727 juvenibus
726 679 832 719 sue
864 679 1030 729 prope
1052 665 1363 715 conditionis

295 745 546 802 gestatur.
638 742 717 789 Ex
741 740 925 792 intima
948 741 1155 806 quidem
1178 741 1361 792 Poetae

197 828 198 833 ¹
295 823 487 866 mente.
557 817 780 869 Quando
803 824 979 882 tamen
1015 818 1124 884 (vel
1146 820 1261 883 ipso
1283 819 1363 868 fa·

294 891 465 958 tente)
488 894 542 942 in
567 895 702 945 Mss.
746 895 1054 945 venerandae
1072 895 1362 946 ,vetustatis

294 983 454 1034 prope
478 971 720 1033 omnibus
754 972 963 1036 legatur
992 972 1157 1034 gibbo,
1180 972 1363 1036 prima-

295 1052 394 1100 tem
432 1049 821 1112 palmaremque
862 1048 1173 1099 conciliandi
1215 1051 1364 1100 resti·

292 1122 598 1193 tuendique
615 1126 780 1189 hujus,
826 1126 963 1174 inter
1003 1126 1118 1175 alia
1126 1126 1366 1213 plurima,

290 1197 387 1247 loci
423 1199 648 1262 gloriam
688 1201 864 1251 retulit
904 1202 1266 1265 sagacissimus
1301 1204 1362 1252 P.

289 1273 603 1340 Scriverius,
631 1279 718 1365 qui
755 1278 808 1327 in
833 1277 1362 1331 animadversionibus

286 1350 387 1398 suis
406 1354 622 1416 reponit
635 1355 802 1417 ginno,
824 1355 921 1404 hoc
955 1362 1055 1417 est,
1074 1370 1235 1419 parvo
1254 1372 1363 1406 mu-

288 1425 354 1488 lo,
365 1428 505 1492 quod
522 1443 593 1478 ex
609 1430 927 1480 interlineari
947 1432 1117 1496 glossa
1136 1433 1217 1483 vel
1230 1448 1362 1485 mar-

290 1507 406 1570 gine
429 1508 706 1559 intextum
731 1511 1003 1575 irrepsisse
1018 1511 1242 1563 videtur.
1269 1514 1360 1564 Vi·

288 1584 351 1634 de
375 1586 561 1650 Epigr.
583 1591 696 1638 197.
720 1588 755 1638 l.
781 1592 861 1638 14.

349 1665 381 1710 8
412 1662 612 1725 Benna,
632 1664 738 1728 cisa]
771 1663 1013 1728 Elephas.

350 1742 383 1787 9
415 1738 688 1804 Invidiosa,
717 1741 827 1805 ξω]
884 1742 984 1791 Vel
1020 1748 1228 1794 mortuo
1262 1742 1360 1794 tibi
1428 1766 1453 1801 ,ι

287 1814 617 1868 invideretur
648 1821 1021 1884 hexaphornm‚
1058 1821 1248 1872 nedum
1288 1822 1360 1873 vi·

290 1907 373 1954 vo,
398 1902 504 1945 tam
540 1898 781 1960 pauperi,
804 1898 889 1947 cui
911 1895 1179 1948 efferendo
1199 1899 1361 1963 magis

236 1966 240 1971 ’
287 1974 594 2037 conveniret
616 1974 902 2039 sandapila.
924 1973 1061 2024 Vide
1081 1975 1260 2040 Epigr.
1280 1980 1361 2026 81.

288 2047 377 2098 lib.
400 2053 451 2100 2.
585 2081 592 2085 -

287 2164 292 2171 ,
350 2129 412 2174 10
448 2127 568 2176 Non
587 2127 868 2189 debesserri
889 2128 1123 2193 mortuus]
1175 2129 1237 2178 Id
1262 2139 1360 2194 est,

288 2215 387 2251 non
430 2201 669 2255 effereris
706 2205 1023 2293 hexaphoro,
1056 2207 1150 2256 sed
1175 2206 1362 2256 sanda-

287 2278 425 2340 pila3
456 2280 653 2345 quippe
679 2294 797 2330 cum
826 2281 896 2330 sis
918 2296 1138 2346 persona
1159 2282 1274 2332 vilis
1304 2289 1361 2332 et

287 2354 482 2408 intimae
546 2359 888 2423 paupertatis.
989 2359 1361 2424 Hellenismus‚

286 2431 434 2485 ‘Non
474 2435 641 2486 debes
681 2434 930 2499 ferri,'ol'1
957 2435 1153 2500 μέλλεις
1172 2436 1357 2497 βαστά-

288 2507 467 2572 ἵεσθαι.
538 2513 863 2565 Jocabantur
907 2524 1080 2565 autem
1126 2517 1359 2565 nonnulli

287 2586 340 2638 in
378 2603 469 2640 eos
502 2590 594 2655 qui
636 2591 828 2641 lectica
873 2592 1214 2656 vehebantur,
1250 2599 1357 2643 tan·

287 2682 438 2731 ,qnam
461 2670 516 2720 in
552 2677 802 2733 mortuos,
836 2671 976 2737 quod
1009 2679 1064 2723 et
1092 2672 1144 2723 hi
1166 2673 1355 2724 lectica

288 2742 619 2797 efferrentur.
659 2746 861 2798 Herald.

259 2869 264 2872 .
313 2822 783 2876 'Emffiuxvun
840 2823 933 2874 Ait
980 2826 1180 2891 Phrygi
1233 2826 1352 2877 huic

289 2897 458 2951 vinum
482 2900 655 2950 carius
678 2899 839 2950 finisse
864 2902 1029 2952 oculo.

350 2980 379 3022 5
416 2975 593 3038 Oculo]
625 2976 712 3025 Ita
739 2977 919 3027 Gallus
939 2978 1144 3048 quidam
1166 2981 1353 3043 luscus,

291 3064 511 3102 excusso
528 3053 625 3103 sibi
647 3055 700 3103 in
723 3054 845 3104 ludo
862 3055 1168 3119 gladiatorio
1191 3073 1350 3122 punc·

294 3127 378 3194 tim
393 3129 649 3179 rbatuentl
669 3131 819 3182 unico
838 3132 1003 3196 oculo,
1024 3136 1354 3197 exclamavit,

286 3205 424 3256 adiens
439 3222 547 3256 mon
566 3208 663 3270 oeil,
694 3214 743 3259 et
764 3209 912 3260 bonne
930 3211 1055 3275 nuit,
1086 3214 1352 3276 messiam,

284 3286 344 3334 et
376 3282 480 3347 Ep.
524 3285 728 3334 Lucillii
772 3287 803 3336 l.
832 3291 881 3338 2.
918 3288 1261 3354 Anthologiae,
1303 3308 1354 3342 a·

290 3356 534 3409 missurus
556 3362 757 3411 oculum
776 3363 926 3426 dixit,
944 3366 1075 3431 xai‘p'
1096 3366 1218 3433 repen
1238 3372 1351 3432 φῶς.

299 3430 508 3499 Valebis]
540 3437 753 3488 Pereas.
789 3439 925 3491 Gall.
953 3442 1114 3494 adiere

269 3527 272 3528 ⁷
348 3517 381 3561 6
413 3514 655 3578 Deunces]
677 3518 917 3583 scyphus
930 3533 1099 3585 capax
1114 3522 1350 3573 undecim

290 3590 614 3650 cyathorum.

350 3669 381 3714 8
418 3668 597 3717 Oculus
632 3669 754 3719 bibit
790 3672 1038 3737 venenum]
1065 3674 1350 3725 Extinctus

292 3740 423 3791 enim
448 3750 530 3792 est
555 3743 783 3795 bibendo
818 3748 1014 3798 oculus.
1080 3750 1349 3801 Perditam

255 3841 256 3846 =
292 3814 540 3868 luxuriam
564 3818 786 3873 fortasse
806 3824 1008 3886 alludit,
1029 3841 1182 3891 quam
1200 3834 1351 3878 notat

290 3890 424 3946 Plin.
443 3897 538 3948 lib.
562 3903 643 3947 14.
677 3914 794 3963 cap.
817 3905 899 3952 22.

355 3972 837 4027 Er1a.1.xnx.1n
861 3977 994 4027 laetis
1016 3978 1213 4040 laetnm,
1231 3978 1349 4028 tris-

295 4051 392 4102 tem
437 4051 490 4100 in
535 4051 768 4104 tristibus
810 4054 921 4103 vult
959 4068 1075 4103 esse
1122 4055 1348 4119 Lupum,

296 4124 424 4189 vulgi
466 4141 542 4177 sc.
585 4142 688 4177 non
727 4131 1089 4192 superstitiosa
1129 4131 1350 4195 philoso-

185 4207 198 4216 “
265 4198 503 4259 :phorum
537 4204 761 4267 ratione,
794 4206 883 4270 qui
921 4207 1143 4257 cundem
1174 4216 1230 4257 et
1262 4211 1351 4258 So-

291 4280 531 4332 cratinum
554 4282 607 4331 in
632 4283 772 4333 omni
794 4281 1003 4335 fortuna
1027 4286 1225 4335 vultum
1246 4301 1348 4339 ser·

2328 353 2500 423 12⁷1

1442 510 1666 579 vandum
1690 509 1895 561 docent.
1933 512 2060 561 Rad.

1506 591 1538 637 2
1557 587 1808 650 Ingratum
1825 588 1973 650 dicet,
1989 589 2094 652 qa]
2133 589 2246 640 Nec
2269 603 2385 650 usu,
2404 566 2504 640 nec

1439 666 1605 728 vultu,
1639 679 1737 715 nec
1775 665 1944 717 animo
1982 666 2109 717 laeto
2144 680 2357 716 munera
2389 666 2501 729 ejus

1436 748 1835 805 agnoscentem.
1873 742 2011 793 unde
2051 743 2188 793 irata
2218 743 2347 793 levis
2389 745 2504 796 Dea

1433 817 1598 869 instar
1617 819 1844 882 Scythiae
1867 834 2041 885 caprae
2064 835 2173 871 rem
2197 820 2290 872 tibi
2311 821 2503 878 distur-

1437 894 1598 947 babit.

1505 972 1989 1023 E1’1o.r.xxx.Ex
2009 973 2240 1038 AEgypto
2263 986 2397 1025 rosae
2411 972 2503 1024 1ιί-

1438 1045 1616 1097 bernae
1639 1048 1779 1099 mitti
1802 1051 2016 1100 Romam
2063 1051 2320 1101 solebant.
2368 1052 2502 1103 AEvo
2564 1092 2576 1109 ,

1439 1123 1753 1176 Domitiani
1741 1140 1792 1173 m
1809 1126 1934 1175 urbe
1949 1127 2109 1176 etiam
2126 1127 2501 1191 educabantur,

1439 1215 1574 1250 novo
1616 1202 1848 1253 invento.
1918 1203 2057 1254 Plin.
2093 1196 2181 1254 lib.
2204 1209 2287 1255 22.
2312 1218 2426 1268 cap.
2448 1208 2502 1261 4.

1438 1278 1511 1328 Et
1542 1277 1729 1337 Poeta,
1766 1280 1910 1344 quasi
1951 1280 2205 1333 insultans
2244 1280 2502 1346 AEgyptiis

1438 1355 1833 1419 mercatoribus,
1879 1371 1995 1408 sese
2038 1357 2105 1407 ob
2152 1355 2383 1407 rosarum
2425 1357 2502 1406 hi·

1438 1430 1715 1480 bernerum
1757 1433 2117 1484 advectionem
2153 1434 2500 1498 jactantibus,

1436 1516 1629 1573 monet,
1653 1518 1709 1559 ut
1749 1511 1851 1573 ipsi
1898 1524 2037 1560 nunc
2073 1526 2140 1561 ex
2172 1512 2335 1578 ⁴Ituliu
2357 1526 2500 1562 rosas

1436 1592 1640 1651 petant,
1661 1586 1810 1636 Italis
1835 1594 2008 1637 alitem
2029 1589 2243 1641 mittant
2273 1588 2500 1640 frumen-

1437 1671 1566 1716 tum.
1603 1664 1734 1714 Rad.

1503 1746 1525 1790 1
1570 1741 1637 1791 Ue
1653 1757 1771 1792 nova
1791 1743 1912 1792 dona
1935 1741 2047 1806 tibi]
2081 1741 2183 1793 Ubi
2208 1741 2304 1793 tibi
2326 1743 2498 1794 allata

1432 1824 1555 1873 sunt
1577 1834 1643 1870 ex
1665 1820 1891 1884 AEgypto
1915 1835 2046 1871 rosoe
2067 1820 2311 1870 hibernae.

1498 1899 1530 1944 2
1560 1895 1827 1947 Ambitiosa
1846 1900 1999 1963 rosas]
2021 1898 2100 1948 Ex
2114 1895 2346 1947 hibernis
2368 1896 2496 1946 rosis

1432 1971 1639 2023 laudem
1663 1983 1897 2038 captans.

1499 2054 1529 2099 3
1566 2052 1753 2101 Navita
1793 2052 1981 2117 derisit,
2021 2050 2127 2116 ξω]
2172 2050 2297 2115 Ipse
2335 2057 2496 2099 nauta

1420 2109 1523 2175 'sen
1551 2134 1811 2178 mercator
1827 2128 2104 2193 AEgyptius
2121 2127 2256 2178 visus
2277 2133 2360 2178 est
2377 2140 2497 2177 con-

1433 2209 1670 2253 temnere
1704 2204 1979 2269 AEgyptios
2021 2205 2198 2256 hortos
2232 2219 2342 2268 prae
2378 2218 2495 2254 nos-

1433 2280 1550 2343 tris,
1581 2280 1633 2329 in
1658 2281 1843 2346 quibus
1881 2296 2118 2347 magnam
2157 2296 2386 2332 resarum
2427 2281 2500 2330 hi·

1433 2355 1709 2407 bernerum
1732 2358 1935 2422 copiam
1957 2358 2171 2409 invenit.
2203 2357 2296 2409 lib.
2314 2362 2361 2410 3.
2392 2358 2494 2422 Ep.

1431 2435 1546 2483 127.

1496 2519 1526 2561 5
1565 2512 1746 2561 Tantus
1764 2512 1910 2575 veris,
1931 2512 2041 2576 ξω]
2069 2514 2196 2563 Tam
2235 2512 2360 2560 loeta
2393 2525 2495 2574 per

1425 2590 1612 2650 ⁸urbem
1630 2590 1828 2639 rosaria
1847 2587 2127 2653 florebant,
2141 2596 2200 2639 ut
2223 2590 2495 2653 veripsum

1428 2674 1485 2717 et
1527 2668 1692 2717 Florae
1731 2679 1967 2730 regnum,
2008 2665 2348 2731 Paestanique
2385 2665 2500 2728 agri

1428 2744 1616 2794 rosetis
1635 2743 1792 2808 pleni,
1813 2744 1865 2793 in
1885 2744 2065 2793 urbem
2083 2741 2332 2805 migrasse
2356 2739 2497 2790 vide·

1426 2827 1628 2871 rentur.
1693 2820 1875 2884 Floroe]
1925 2821 2054 2870 Deae
2109 2817 2314 2869 florum.
2378 2818 2492 2870 Me-

1424 2903 1624 2962 tonym.

1488 2979 1524 3024 6
1576 2976 1818 3038 Tantaque
1867 2974 2103 3038 Pariani,
2151 2973 2261 3038 ξω]
2315 2974 2493 3026 Tanta

1424 3059 1543 3101 erat
1589 3066 1819 3101 rosarum
1863 3051 2037 3116 copia,
2084 3065 2298 3117 quarum
2341 3048 2490 3104 ferax

1425 3129 1651 3180 Paestus.
1670 3128 1949 3193 Epignm.
1984 3128 2078 3179 lib.
2097 3134 2147 3179 5.
2184 3140 2319 3190 vers.
2344 3133 2392 3179 9.
2430 3136 2487 3180 et

1424 3206 1515 3257 lib.
1538 3211 1622 3257 12.
1655 3207 1839 3270 Epigr.
1859 3210 1942 3256 31.

1488 3288 1521 3332 8
1556 3283 1823 3332 Textilibus
1836 3283 1999 3346 sertis]
2033 3282 2251 3333 Coronis
2291 3288 2349 3331 et
2381 3288 2488 3338 ser-

1427 3360 1494 3411 tis
1519 3360 1680 3409 textis
1713 3374 1742 3408 e
1773 3360 1920 3408 rosis.
1985 3358 2070 3408 Al.
2104 3357 2355 3407 Sutilibus.
2392 3359 2493 3409 Le·

1424 3436 1648 3499 gendum
1671 3450 1765 3499 pro
1787 3434 2039 3494 textilibus
2057 3448 2088 3482 e
2119 3436 2248 3484 Mss.
2290 3434 2493 3483 Tonsili-

1422 3512 1508 3562 bus
1526 3511 1670 3562 sertis
1687 3526 1820 3561 omne
1842 3510 2036 3561 rubebat
2054 3512 2168 3561 iter.
2211 3505 2491 3561 Tonsilium
2560 3504 2566 3508 ¹

1424 3604 1727 3640 coronarum
1751 3588 1988 3639 meminit
2007 3588 2220 3637 Servius
2254 3587 2319 3636 ad
2355 3588 2491 3639 hunc

1427 3681 1631 3714 versum
1662 3666 1900 3729 Virgilii:
1935 3665 1952 3693 ‘
1972 3664 2098 3727 Ipse
2129 3668 2291 3726 caput
2327 3671 2489 3714 tonsae

1423 3743 1562 3793 foliis
1579 3749 1788 3793 ornatus
1812 3741 1997 3792 olivae!
2065 3740 2235 3792 Quem
2259 3738 2324 3788 de
2348 3754 2491 3789 coro·

1424 3834 1490 3869 na
1534 3820 1712 3869 tonsili
1762 3819 2163 3881 interpretatur,
2218 3822 2273 3865 et
2323 3822 2494 3878 recte.

1425 3896 1676 3960 ‘Tonsae,’
1706 3895 1896 3959 inquit,
1933 3893 2133 3955 ‘olivae‚
2163 3892 2376 3941 minutis
2410 3890 2488 3942 fo-

1421 3972 1505 4021 liis
1530 3972 1850 4036 composita».
1886 3968 2209 4040 ⁸Habiturum
2235 3983 2290 4017 se
2313 3975 2488 4019 autem
2519 3970 2522 3972 ’

1424 4064 1666 4100 coronam
1691 4049 1928 4098 tonsilem
1951 4047 2122 4097 dixit:
2178 4047 2350 4098 Poeta
2373 4050 2487 4112 ipse

1422 4130 1658 4177 ‘tonsam
1692 4127 1964 4175 coronam!
1996 4139 2090 4187 pro
2113 4126 2288 4174 tonsili
2312 4126 2490 4189 appel·

1423 4206 1583 4255 lavit:
1638 4201 1928 4252 ‘Omnibus
1983 4202 2036 4251 in
2091 4216 2286 4252 morem
2337 4210 2488 4252 tonsa

1424 4297 1570 4331 coma
1599 4295 1777 4346 pressa
1800 4278 2031 4330 corona.'
2077 4279 2214 4331 Nam
2236 4279 2385 4329 tonsa
2409 4294 2490 4329 co-
