2985 4937
668 423 744 471 M.
796 421 960 469 vAt..
1008 420 1432 469 MARTIAMS
1486 421 1635 468 [ΑΒ.
1691 423 1780 470 DE
1829 423 2177 470 SPEG'rAc.

326 565 465 616 ina-ov
477 564 649 627 Αἵματι
663 565 911 628 μίσγοντες
922 565 1089 616 λευκὸν
1102 564 1236 628 γάλα
1244 567 1381 615 Bam

328 645 502 693 τιθεῖσι.
577 643 766 707 Virgil.
791 644 859 694 G.
883 647 931 694 3.
951 643 1204 707 Gelonus,
1256 646 1272 672 ‘
1293 643 1381 708 qui

327 721 406 769 lac
447 727 750 770 concretum
787 734 902 769 cum
942 720 1187 784 sanguine
1231 725 1397 783 potat.

327 795 545 861 equino?
572 802 636 846 et
671 796 812 846 Plin.
848 797 882 845 l.
922 801 1002 847 18.
1023 811 1066 848 c.
1092 801 1172 847 1⁰.
1217 796 1379 848 Brod.

322 874 356 924 l.
370 879 418 924 5.
440 889 489 924 c.
506 878 591 925 31.
1054 894 1058 899 ·

318 963 326 974 “
386 956 415 999 5
439 951 614 1002 Prima
628 952 767 1014 bibit,
791 951 896 1015 qa]
929 952 944 980 ‘
962 947 1276 1014 Ameridie,'
1294 950 1379 1002 ΙΕ-

325 1028 487 1092 gyptii
521 1036 580 1079 et
614 1028 752 1090 Afri,
787 1029 925 1092 apud
951 1042 1078 1094 quos
1102 1029 1251 1078 Nilus
1275 1028 1379 1092 pri·

325 1117 456 1153 mum
510 1103 676 1155 fluere
718 1105 1159 1169 deprehenditur:
1210 1118 1377 1169 neque

325 1180 455 1231 enim
476 1181 592 1232 fons
617 1183 726 1232 Nili
743 1189 852 1231 tum
872 1188 1127 1244 repertus.
1187 1182 1377 1233 Quam-

323 1259 394 1307 vis
426 1259 574 1312 Juba
613 1275 706 1309 rex
751 1258 1081 1309 Mauritaniae
1103 1259 1377 1322 exquirere

321 1335 573 1398 originem
613 1337 723 1386 Nili
757 1336 1058 1387 tentaverit.
1110 1334 1313 1385 Plinius
1337 1334 1373 1386 l.

322 1416 366 1460 5.
387 1427 431 1462 c.
455 1418 506 1462 9.
534 1414 551 1442 ‘
573 1415 762 1477 Nilus,’
795 1415 982 1480 inquit,
1016 1413 1267 1464 ‘incertis
1292 1428 1374 1465 or·

321 1493 400 1538 tus
437 1489 688 1554 fontibus,
721 1492 762 1540 it
799 1507 894 1556 per
921 1492 1145 1556 deserta,
1188 1499 1245 1541 et
1284 1491 1376 1540 im-

318 1579 492 1616 menso
514 1567 850 1630 longitudinis
883 1567 1051 1632 spatio
1089 1567 1375 1631 ambulans,

318 1639 559 1709 famaque
584 1650 781 1694 tantum
804 1644 987 1694 inermi
1008 1644 1230 1709 quaesitu
1250 1659 1372 1708 cog-

318 1719 474 1783 nitus,
506 1722 621 1771 sine
662 1721 832 1784 bellis,
853 1737 966 1787 quae
1002 1729 1223 1771 caeteras
1265 1737 1374 1771 om-

318 1806 402 1844 nes
426 1803 593 1846 terras
613 1798 861 1847 invenere
884 1798 1151 1863 originem
1175 1797 1260 1865 (ut
1292 1813 1373 1849 su·

320 1885 413 1934 pra*
428 1887 525 1922 rex
555 1875 729 1937 potuit
764 1874 1064 1941 exquirere)
1104 1876 1158 1926 in
1197 1882 1372 1925 monte

314 1946 568 1999 inferioris
623 1951 972 2016 Mauritaniae,
1021 1967 1123 2001 non
1191 1954 1372 2017 procul

318 2023 532 2076 Oceano
582 2026 760 2092 habet,
806 2029 922 2079 lacu
960 2029 1194 2093 protinus
1235 2036 1372 2092 stag·

311 2110 488 2164 nante,
521 2118 676 2169 quem
695 2111 885 2155 vocant
906 2104 1172 2155 Nilidem!
1208 2106 1370 2155 Forte

309 2179 409 2230 huc
427 2181 663 2245 respexit
681 2182 957 2244 Martialis,
979 2181 1189 2247 quando
1217 2181 1370 2244 dixit,

309 2257 593 2320 ‘deprensi
638 2256 849 2308 flumina
886 2257 1032 2309 Nili?
1108 2258 1214 2308 Sed
1259 2259 1369 2309 Pli-

307 2334 423 2384 nius
444 2335 558 2400 ipse
582 2336 700 2385 loco
723 2336 950 2386 adducto
965 2336 1126 2386 tradit
1141 2336 1369 2386 incertos

307 2409 498 2473 fontes,
522 2413 611 2463 ubi
641 2413 879 2478 plurima·
899 2413 964 2462 de
1001 2413 1115 2480 ejus
1150 2413 1369 2478 origine.

306 2488 444 2539 Vide
483 2490 766 2540 Brodaeum
804 2492 841 2542 l.
872 2494 921 2541 4.
952 2490 1179 2541 Miscell.
1213 2506 1262 2542 c.
1283 2495 1367 2542 24.

303 2564 720 2631 Baio-Accolae
743 2567 880 2617 enim
921 2567 1031 2617 Nili
1055 2568 1230 2618 vinum
1264 2581 1368 2618 uon

303 2649 565 2707 quaerunt,
597 2649 741 2694 tanta
774 2651 857 2694 est
890 2644 1002 2695 Nili
1023 2644 1273 2694 dulcedo:
1312 2651 1368 2695 et

304 2718 574 2782 Gyraldns
609 2720 767 2770 docet
807 2734 990 2785 aquam
1029 2720 1138 2769 Nili
1177 2719 1367 2785 AEgyp·

304 2795 457 2845 tiacis
501 2803 650 2846 tanto
694 2798 745 2846 in
789 2797 980 2846 bonore
1016 2795 1263 2857 habitam,
1306 2800 1367 2844 ut

305 2887 424 2923 cum
446 2874 631 2937 hydria
663 2873 726 2923 ad
754 2874 1004 2937 templum
1023 2873 1248 2923 humeris
1268 2871 1369 2921 fer-

305 2955 474 3010 retur,
511 2965 692 3000 omnes
731 2949 1155 3015 procumberent,
1169 2955 1226 2999 et
1245 2948 1366 2998 sub·

304 3025 426 3075 latis
466 3025 703 3075 manibus
739 3026 861 3076 Diis
894 3024 1088 3089 gratias
1115 3031 1365 3089 egerente

306 3103 546 3167 quoniam
563 3118 658 3168 per
675 3109 759 3153 tot
772 3104 944 3167 spatia
965 3109 1240 3167 terrarum,
1261 3107 1367 3152 tot-

260 3173 276 3197 *
307 3193 406 3243 que
429 3180 600 3230 invias
619 3182 856 3245 regiones
871 3178 1172 3230 advehatur.

367 3260 401 3305 6
440 3257 509 3306 Et
548 3271 683 3321 quem
725 3254 977 3320 supreme]
1033 3256 1048 3284 ‘
1081 3256 1165 3305 Ab
1209 3255 1366 3306 Occi-

307 3329 503 3395 dente,'
541 3332 628 3397 qui
662 3333 726 3381 ad
764 3332 1078 3397 Hesperium
1099 3332 1222 3382 litus
1243 3331 1366 3394 siti3

307 3405 439 3457 Aliis
472 3408 734 3472 Britanni,
771 3423 985 3473 quorum
1018 3408 1192 3472 litora,
1227 3416 1290 3459 ut
1310 3414 1366 3459 et

306 3484 491 3535 ultima
510 3485 694 3549 Thule,
712 3485 873 3548 *maris
902 3483 1145 3535 fluctibus
1177 3483 1368 3534 feriun-

311 3557 410 3611 tur.
478 3559 700 3626 Tethyos,
748 3562 854 3626 ξω]
923 3562 1074 3611 Uxor
1109 3561 1367 3627 Neptuni,

308 3637 602 3702 Metonym.
625 3639 801 3690 maris.
1272 3645 1273 3648 ’

369 3721 400 3765 7
425 3718 692 3767 Festinavit
711 3716 894 3780 Arabs]
920 3718 937 3746 ‘
954 3715 1039 3767 Ab
1057 3715 1313 3780 oriente:
1332 3732 1363 3768 e

310 3791 619 3858 Nabatbaea,
655 3794 710 3843 id
750 3799 851 3857 est,
888 3794 1118 3855 Petrea;
1159 3801 1216 3844 et
1240 3794 1364 3845 Sce-

304 3869 418 3927 niti,
452 3870 504 3920 id
542 3877 644 3933 est,
682 3870 895 3920 deserta
927 3870 1141 3920 Arabia.
1185 3870 1364 3936 Suboei]

309 3946 354 3995 E
371 3947 533 3998 Felici
557 3947 770 3999 Arabia.
822 3946 994 3998 Sabaei
1018 3963 1049 3997 a
1074 3947 1237 3997 thuris
1259 3946 1364 3997 fer·

220 4071 227 4076 ,
308 4022 497 4074 tilitate
518 4024 856 4089 scriptoribus
868 4025 1215 4077 celebrantur.
1249 4026 1365 4076 Vir-

311 4100 396 4162 gil.
440 4103 509 4155 G.
532 4108 581 4153 1.
614 4103 807 4154 ‘India
837 4103 1006 4153 mittit
1040 4103 1191 4167 ebur,
1233 4105 1364 4156 mol·

308 4177 382 4227 les
399 4193 490 4229 sua
506 4179 660 4231 thura
678 4178 888 4231 Sabaei‘!
1357 4191 1363 4196 ”

372 4259 404 4304 8
443 4257 654 4321 Nimbis,
693 4256 802 4321 qma]
854 4257 1033 4322 Κρόκου
1081 4254 1362 4321 ῥαινομένου,

312 4334 446 4385 croci
467 4348 604 4402 aqua
632 4334 786 4386 diluti
820 4333 1218 4401 aspersionibus,
1243 4347 1360 4401 quae

2275 396 2276 399 ¹
2346 408 2506 474 1081

1455 566 1509 615 in
1532 565 1740 617 theatro
1777 575 1833 616 et
1867 566 2130 631 Amphitb.
2165 567 2378 618 fiebant.
2431 568 2518 618 Ci-

1455 644 1578 695 licia
1595 659 1735 708 vero,
1756 659 1909 695 croco
1930 645 2115 694 nobilis
2137 663 2150 694 ε
2187 645 2306 695 vide
2324 661 2410 709 ep.
2432 650 2514 696 26.

1455 722 1491 772 l.
1525 727 1576 772 5.
1611 739 1661 773 v.
1683 728 1736 772 8.
1789 723 1934 774 Quas
1981 723 2301 786 aspersiones
2342 722 2519 772 Latini

1456 796 1728 849 odoratum
1751 799 1987 863 imbrem,
2021 801 2105 849 vel
2140 799 2328 849 undam
2360 813 2516 850 croco

1456 874 1671 925 dilutam
1709 874 1984 924 vocabant.
2052 874 2202 940 Aqua
2226 876 2360 924 enim
2385 875 2515 924 dilu-

1455 958 1566 1002 tum
1600 967 1824 1009 crocum,
1849 957 2001 1002 vocat
2030 951 2115 1002 hic
2153 952 2325 1001 Poeta
2356 952 2519 1002 ‘nim-

1456 1030 1613 1094 bum,’
1671 1030 1759 1096 qui
1802 1035 2129 1094 spectatores
2170 1030 2313 1079 velut
2348 1028 2515 1079 imber

1455 1105 1735 1157 irrorabat.
1805 1107 1930 1156 Rau.
2567 1130 2579 1137 ν

1519 1187 1553 1232 9
1588 1183 1829 1243 Crinibus,
1866 1186 1947 1247 &a
1987 1181 2248 1244 Sicambros]
2294 1181 2514 1245 Gueldri,

1450 1258 1778 1322 Synecdocb.
1790 1259 2059 1320 Germani,
2071 1273 2281 1322 quorum
2293 1258 2513 1322 insigne,

1452 1336 1722 1402 obliquare
1754 1337 1950 1387 crinem
1986 1336 2225 1400 nodoque
2264 1335 2517 1385 substrin-

1452 1426 1597 1477 gere.
1627 1412 1799 1464 Tacit.
1832 1412 1898 1462 de
1935 1412 2115 1463 Germ.
2139 1420 2194 1462 et
2215 1413 2405 1464 Juveu.
2433 1416 2513 1462 13.

1447 1489 1465 1517 ‘
1488 1489 1697 1538 madido
1748 1494 2047 1553 torquentes
2100 1502 2294 1538 cornua
2340 1487 2515 1540 cirre!

1454 1565 1681 1615 Crinibus
1721 1566 1774 1615 in
1817 1567 1987 1615 nodum
2030 1565 2174 1614 tortis
2217 1579 2383 1614 venere
2426 1566 2514 1616 Si·-⁴

1448 1643 1652 1707 cambri]
1721 1644 1841 1693 Non
1862 1657 1971 1692 mos
2003 1644 2380 1693 Germanorum
2413 1641 2513 1693 fuit

1449 1720 1617 1771 crines
1663 1719 1971 1771 calamistris
2007 1719 2236 1781 inurere,
2278 1726 2369 1767 aut
2408 1719 2511 1768 alio

1449 1798 1603 1847 modo
1626 1811 1830 1848 ornare.
1881 1795 2149 1860 Phrygum
2164 1793 2263 1844 hoc
2274 1793 2374 1843 fuit
2390 1808 2511 1858 pro·

1449 1874 1615 1939 prium
1670 1880 1726 1923 et
1775 1871 2220 1923 effaeminatarum-
2254 1871 2508 1934 gentium,

1447 1951 1635 2016 quibus
1675 1950 1775 2001 hoc
1815 1949 2059 2013 probrum
2104 1947 2293 2011 passim
2333 1946 2510 2011 objec-

1447 2034 1577 2089 tum,
1611 2027 1748 2092 quod
1782 2025 2037 2076 baberent
2064 2037 2249 2084 comas,
2284 2023 2509 2073 ‘Vibra-

1448 2112 1529 2156 tas
1561 2105 1710 2155 caldo
1749 2104 1912 2168 ferro,
1948 2103 2261 2166 murrhaque
2296 2101 2507 2151 maden-

1445 2182 1559 2234 tes?
1620 2182 1800 2246 Longe
1823 2181 1920 2230 boc
1944 2196 1975 2230 a
2008 2179 2296 2230 Germanis.
2363 2177 2507 2230 Quid

1445 2259 1606 2324 igitur
1642 2259 1736 2322 illi,
1774 2264 1865 2307 aut
1901 2257 2169 2322 quomodo.
2192 2256 2360 2306 crines
2400 2262 2508 2305 tor-

1445 2336 1712 2400 quebant?
1747 2335 1833 2400 qui
1852 2334 2256 2398 simplicissimus
2276 2330 2378 2382 fuit
2398 2346 2507 2382 mo-

1444 2411 1563 2467 dus.
1586 2412 1637 2460 in
1659 2410 1849 2460 nodum
1872 2426 1958 2460 eos
1979 2410 2236 2475 cogebant
2257 2426 2271 2458 ε
2307 2422 2371 2456 ex
2389 2408 2507 2473 ipsa

1444 2489 1648 2538 scilicet
1670 2502 1836 2550 coma,
1860 2500 2007 2552 quam
2030 2486 2159 2536 satis
2182 2487 2389 2549 longam
2412 2499 2508 2535 nu·

1443 2567 1694 2625 triebaut,
1749 2564 1942 2614 nodum
1996 2561 2279 2612 faciebant.
2367 2561 2505 2612 Quia

1441 2657 1567 2692 vero
1602 2657 1704 2692 non
1740 2641 1898 2690 datur
1936 2654 2003 2688 ex
2039 2638 2185 2687 crine
2222 2636 2410 2686 nodum
2449 2637 2505 2685 in

1442 2717 1622 2781 capite
1646 2715 1841 2778 facere,
1877 2713 1975 2763 nisi
2016 2717 2341 2777 torqueatur,
2382 2710 2510 2762 ideo

1445 2793 1460 2821 ⁸
1482 2800 1646 2843 tortos
1666 2794 1718 2841 in
1739 2791 1930 2841 nodum
1954 2787 2142 2840 crines'
2160 2788 2297 2837 dixit
2313 2786 2508 2851 Poeta,

1440 2870 1495 2920 in
1518 2871 1710 2920 nodum
1733 2870 1939 2920 scilicet
1976 2857 2204 2931 coactos,
2245 2866 2329 2915 vel
2365 2865 2504 2915 nodo

1441 2948 1770 2998 substrictos.
1834 2944 2107 2996 Salmasius.

1511 3029 1571 3074 10
1602 3024 1781 3087 Aliter,
1807 3023 1912 3086 qm]
1947 3022 1996 3071 A
2018 3027 2225 3084 natura,
2253 3020 2336 3070 vel
2366 3020 2503 3070 Solis
2529 3083 2532 3087 ι

1440 3103 1648 3167 ardore,
1665 3118 1782 3151 cum
1800 3100 2048 3152 Germani
2070 3097 2293 3149 artificio
2323 3096 2504 3148 cirrati

1440 3180 1580 3239 sint3
1617 3179 1699 3227 vel
1720 3178 1774 3226 in
1791 3176 1981 3228 nodum
2006 3182 2327 3239 torquerent.

1509 3259 1569 3304 11
1612 3255 1713 3303 Vox
1748 3254 1955 3315 diversa,
1987 3250 2124 3314 ism]-
2172 3251 2374 3315 Lingua
2415 3265 2502 3299 va·

1440 3330 1538 3392 ria,
1560 3329 1867 3379 acclamatio
1898 3341 2020 3376 vero
2043 3332 2099 3375 ct
2130 3341 2276 3376 mens
2299 3325 2500 3376 eadem.

1441 3406 1594 3456 Fam.
1642 3405 1921 3455 Conclusio
1959 3405 2164 3466 elegans
2205 3409 2261 3452 et
2303 3416 2500 3453 morem

1442 3483 1669 3546 priscum
1691 3480 2011 3542 acclamandi
2047 3480 2260 3529 doeens.
2324 3479 2501 3543 Impe-

1440 3560 1696 3610 ratoribus
1736 3557 1871 3607 enim
1911 3556 2298 3606 acclamabatur
2329 3558 2413 3605 vel
2444 3556 2516 3606 iu.

1440 3636 1656 3686 consilio
1686 3650 1717 3685 a
1745 3639 1963 3694 senatu3
1997 3632 2079 3680 vel
2106 3646 2136 3680 a
2172 3631 2420 3681 militibus
2443 3633 2499 3681 in

1438 3711 1722 3776 triumpho,
1740 3710 1823 3761 vel
1843 3723 1877 3762 a
1893 3708 2086 3773 populo
2103 3709 2154 3755 in
2176 3707 2390 3757 theatris
2405 3714 2499 3757 aut

1438 3798 1553 3843 tota
1586 3790 1733 3852 urbe,
1767 3790 1811 3838 si
1837 3787 1962 3854 quid
1984 3787 2104 3835 novi
2127 3792 2183 3836 et
2214 3785 2375 3834 fausti
2401 3800 2497 3849 pro

1438 3871 1606 3920 salute
1629 3866 1839 3933 publiea
1859 3865 2105 3929 egissent.
2179 3863 2300 3912 Rod.

1438 3948 1599 3997 Eme.
1636 3958 1715 3994 ιν.
1794 3942 1852 3991 Si
1912 3941 1976 3990 ad
2030 3941 2203 3989 Titum
2251 3939 2349 3988 boc
2391 3939 2501 4004 epi.

1504 4035 1732 4086 gramma
1741 4018 1904 4083 (quod
1916 4015 2269 4080 verisimilius)
2282 4014 2499 4078 referas,

1504 4103 1669 4148 testes
1701 4095 1861 4144 babes
1889 4094 2257 4158 Tranquillum
2290 4108 2408 4157 cap.
2442 4099 2495 4144 8.

1502 4174 1624 4224 Titi.
1661 4178 1718 4222 et
1755 4169 2007 4235 Xipbilin.
2046 4170 2099 4218 in
2139 4170 2281 4220 Tito.
2348 4169 2403 4218 Si
2428 4169 2498 4217 ad

1501 4249 1877 4303 Domitianum,
1900 4246 2120 4296 eundem
2151 4246 2312 4297 babes
2333 4246 2496 4297 'Pran-

1502 4327 1627 4394 quil.
1646 4340 1762 4389 cap.
1783 4328 1834 4376 9.
1851 4320 2153 4374 Domitiani.
