2985 4937
746 451 821 498 M.
873 447 1040 500 viu..
1091 421 1510 499 »marmus
1560 450 1805 499 nmen.
1859 453 2000 501 mn.
2048 454 2097 503 1.

326 592 457 645 neoe‘
482 601 709 647 monetae
747 594 950 647 duobus
995 592 1277 659 terunciia,
1306 596 1391 645 vel

328 673 478 722 etiam
502 674 766 737 plumbeae
785 690 802 736 3
823 684 1043 738 nanmue
1061 681 1119 724 et
1136 672 1390 739 quadran-

327 755 402 798 tes
414 750 647 813 plumbei
667 751 916 801 Romanis
931 750 1192 816 qnondam
1207 749 1263 798 in
1275 765 1388 800 usu.

389 830 449 876 17
483 828 695 893 Millies]
725 827 922 877 Millies
959 827 1260 877 sestertium
1282 827 1391 876 sive

322 904 508 954 millies
541 912 769 954 centena
804 905 965 955 millia
980 904 1297 977 sestertium,
1318 903 1392 952 vl·

288 978 293 983 “
326 982 429 1031 cies
451 983 729 1047 quinquies
750 991 974 1032 centena
989 982 1150 1031 millia
1163 988 1391 1032 scutato·

323 1073 431 1108 rum
451 1062 532 1108 vel
551 1068 921 1110 coronatorum
941 1060 1024 1107 vel
1040 1059 1392 1123 Philippeum,

321 1141 604 1201 7,500,000.
620 1137 952 1190 florenorum.
968 1138 1252 1187 Gronovius.
1269 1137 1391 1186 Mil-

322 1215 425 1278 lies,
445 1215 558 1279 ξω]
594 1215 790 1265 Millies
808 1220 1035 1264 centena
1063 1213 1229 1285 millia
1243 1214 1312 1264 H.
1332 1214 1388 1263 S.

321 1292 371 1341 id
396 1300 499 1356 est,
520 1297 757 1357 ramim.
791 1292 885 1342 lib.
978 1298 979 1301 ¹

370 1369 535 1420 Eme.
554 1383 629 1419 cl.
651 1374 677 1418 1
699 1370 954 1434 Mammas,
968 1368 1077 1433 qva]
1088 1369 1277 1419 Puella
1293 1367 1394 1418 sibi

319 1447 596 1513 visa,quod
605 1438 844 1501 viverent
859 1455 1013 1511 pater
1026 1454 1081 1497 et
1094 1454 1266 1497 mater
1273 1460 1391 1496 eum

322 1526 585 1591 nntrieiis,
619 1537 748 1591 qnos
782 1526 941 1575 etiam
976 1530 1154 1589 patres
1195 1530 1252 1574 et
1278 1520 1413 1589 ‘mai

317 1611 426 1652 tres
462 1602 594 1669 (pro
634 1601 804 1667 more)
838 1600 1162 1667 appellabat,
1181 1601 1267 1651 vel
1287 1615 1391 1666 quo

306 1679 487 1744 junior
505 1678 679 1729 videri
695 1679 879 1743 possit,
897 1678 1126 1728 seniores
1140 1691 1217 1740 se,
1229 1679 1390 1727 inter-

318 1754 438 1804 dum
454 1756 811 1821 coaevas,1imo
826 1760 884 1804 et
890 1753 1128 1817 juniores
1148 1753 1393 1803 salutavit

318 1832 715 1898 appellavitque
765 1843 1099 1883 mammarum
1154 1836 1212 1881 et
1259 1837 1392 1880 tata-

318 1925 447 1972 rum,
470 1918 687 1976 patrum
702 1911 907 1960 scilicet
919 1916 1244 1974 matrumque
1262 1923 1393 1972 prae-

316 1989 544 2052 nomine,
591 2002 708 2038 cum
748 1989 864 2052 ipsa
895 1989 1007 2053 jam
1027 1988 1202 2037 vetula
1233 1993 1392 2046 esset,

319 2064 659 2131 ipsorumque
682 2064 870 2115 abavia
887 2065 1055 2121 videri
1080 2071 1272 2128 posset.

380 2144 547 2193 Eme.
572 2156 671 2193 cn.
704 2148 733 2193 1
759 2143 1053 2205 luamus,
1074 2142 1182 2207 ξω]
1214 2140 1394 2192 Deflet

318 2218 653 2270 immaturam
685 2219 947 2271 Demetrii
983 2218 1158 2270 famuli
1181 2233 1392 2268 amanu-

317 2291 452 2347 ensis
472 2305 722 2361 mortem,
745 2304 800 2348 et
847 2297 998 2347 simul
1019 2304 1234 2347 oetatem
1257 2297 1390 2361 ejus,

316 2380 370 2423 et
401 2374 850 2425 narratiunculam
886 2374 953 2425 de
990 2374 1113 2424 data
1144 2374 1390 2443 libertate

315 2452 560 2517 apponit.
614 2451 816 2516 Manus]
870 2451 977 2502 Hic
1020 2451 1235 2516 ponitur
1292 2444 1390 2516 pro

315 2544 472 2581 servo
504 2530 829 2591 amanuensi,
852 2530 1000 2594 cujus
1039 2530 1391 2591 characteres,

316 2610 509 2673 quibus
584 2606 907 2673 depingebat
961 2607 1223 2657 Martialis
1278 2607 1390 2670 epi·

319 2691 625 2748 grammata,
661 2684 939 2748 placebant
975 2683 1293 2747 Caesaribus,
1322 2683 1389 2733 ad

318 2775 444 2826 qnos
466 2761 562 2811 ills
581 2762 937 2812 mittebantur.
976 2761 1211 2811 Καικίνα.

378 2843 412 2888 2
447 2838 679 2901 Domino,
709 2838 932 2902 notaque]
979 2837 1117 2887 Mihi
1179 2837 1388 2887 domino

322 2918 481 2982 ejus3
541 2919 645 2982 vel,
691 2918 792 2983 ipsi
830 2917 1106 2968 Demetrio
1149 2917 1295 2980 felix,
1329 2923 1391 2967 ut

302 2993 439 3059 ‘qnae
464 2994 815 3045 exscribendo
857 3009 973 3045 mea
1018 2995 1248 3045 carmina
1287 2993 1389 3044 sibi

319 3072 527 3123 landem
565 3079 624 3122 et
661 3072 899 3122 notitiam
940 3072 1080 3138 apud
1105 3072 1237 3122 Coes.
1267 3085 1388 3121 con-

323 3158 512 3204 secuta
524 3152 610 3201 sit.
659 3148 948 3214 Cesaribus]
987 3149 1115 3200 Tito
1135 3154 1192 3198 et
1210 3148 1389 3199 Domi-

325 3226 486 3277 tiano.

382 3307 414 3353 8
447 3304 710 3364 Destituit,
730 3302 839 3368 qe]
874 3301 1025 3354 Obiit
1055 3299 1265 3352 florenti
1276 3302 1388 3366 jam

325 3387 479 3434 etate
502 3388 559 3432 et
581 3382 753 3432 viridi.

383 3468 416 3513 4
453 3464 642 3520 Qum-ta
680 3460 858 3523 tribus]
892 3460 1270 3511 Novemdecim
1299 3475 1391 3510 na-

326 3546 408 3590 tus
450 3554 633 3590 annos.
673 3538 890 3601 Latris]
940 3539 1205 3602 Lustrum,
1243 3539 1391 3604 quin·

330 3619 606 3683 quennium
649 3607 749 3667 est.
822 3608 1000 3666 Messis
1043 3616 1238 3681 quarta]
1293 3616 1392 3666 Est

329 3703 543 3759 quartus
566 3706 749 3744 annus.

388 3779 416 3821 6
453 3774 717 3835 Netamen,
736 3769 847 3833 ξω]
883 3769 968 3820 Ne
1001 3776 1173 3819 tamen
1194 3783 1297 3819 non
1330 3770 1392 3821 li·

325 3852 414 3902 ber
435 3856 749 3920 moreretur,
769 3848 1016 3913 cavimus,
1034 3846 1308 3913 (Anglice)
1320 3864 1391 3899 we

320 3931 564 3995 provided.

386 4014 419 4058 6
458 4009 635 4058 Ureret
671 4002 793 4067 taes]
827 4001 1012 4052 Febris
1048 4009 1167 4067 qnae
1182 4001 1394 4067 πυρετὸς,

325 4085 436 4135 aive
458 4084 550 4134 illa
577 4080 742 4131 fuerit
762 4085 1037 4143 mentagra
1079 4091 1196 4143 qnae
1234 4091 1392 4143 supra

326 4178 356 4213 e
393 4163 410 4211 i
478 4196 491 4211 .
526 4164 610 4210 79.

360 4176 697 4298 Ρτεὲαυίοηιε]
725 4230 1077 4296 Providimus,
1093 4230 1391 4282 cautionem

333 4316 395 4367 de
411 4315 660 4365 libertate
677 4310 936 4361 dedimus.

393 4397 427 4443 ⁹
456 4392 637 4455 Sensit,
651 4387 762 4454 lfa]
792 4385 1027 4437 Moriens
1056 4385 1269 4452 agnovit
1302 4386 1392 4439 be·

2359 439 2532 505 1129

1465 595 1709 646 neficium
1749 611 1942 660 meum,
1980 611 2084 662 quo
2103 611 2222 646 eum
2246 611 2313 647 ex
2343 598 2531 648 merito

1467 688 1561 722 sno
1606 673 1825 723 liberum
1869 688 1985 723 esse
2037 674 2530 738 pronunciaveram.

1469 751 1753 812 Patr-onum,
1772 751 1881 814 ξω]
1910 752 1998 801 Sic
2029 751 2168 800 enim
2191 751 2367 801 liberti
2391 766 2531 814 eum,

1465 840 1612 890 aquo
1620 828 1914 877 manumissi
1937 836 2074 890 sunt,
2090 829 2357 891 appellare
2373 830 2532 880 soliti.

1488 920 1494 927 ²
1534 906 1598 952 10
1615 904 1782 969 Liber]
1806 904 2532 968 Maluisset,opiuor,servire
2640 952 2646 957 .

1466 979 1606 1042 apud
1628 995 1866 1044 superos,
1882 997 2035 1046 quam
2056 982 2187 1048 liber
2207 983 2282 1031 ire
2305 982 2372 1032 ad
2399 982 2531 1032 infe-

1467 1071 1567 1106 ros.
1634 1058 1764 1108 Rau.

1532 1136 1694 1185 Eme.
1720 1149 1847 1185 cm.
1883 1141 1908 1185 l
1940 1136 2038 1194 Qui
2065 1136 2375 1202 piracium]
2411 1138 2531 1188 Pic-

1467 1217 1550 1260 tor
1572 1213 1659 1276 qui
1685 1213 2124 1276 pinxitVenerem
2148 1216 2532 1279 tuam,Lycori,

1463 1289 1730 1340 blanditus
1747 1298 1832 1340 est
1849 1291 2126 1356 Minerva,
2140 1294 2356 1343 Veneris
2374 1308 2533 1359 quon-

1465 1366 1586 1414 dam
1625 1366 1693 1416 de
1734 1368 2121 1431 pulchritudine
2153 1372 2369 1432 aemulae,
2402 1372 2532 1421 adeo

1465 1440 1749 1493 deformem
1810 1443 2003 1508 pinxit.
2086 1446 2216 1495 Tum
2266 1446 2576 1509 sciendum,
2649 1498 2656 1509 ,

1465 1519 1711 1585 Lycorim
1732 1522 1908 1584 lupam
1943 1521 2137 1572 fuisse:
2170 1523 2409 1587 luparum
2444 1538 2533 1573 an-

1465 1596 1687 1647 tistitem
1703 1599 1983 1660 Venerem,
2002 1613 2151 1648 nemo
2169 1600 2375 1663 ignoret
2394 1616 2408 1650 ε
2434 1601 2534 1660 vel,

1463 1676 1481 1702 ‘
1497 1674 1662 1738 puto,’
1683 1675 1736 1724 id
1761 1684 1865 1739 est,
1884 1682 1942 1725 ut
1967 1676 2204 1738 videtur3
2256 1679 2430 1740 pictor
2452 1683 2533 1727 est

1464 1751 1743 1815 Minervae,
1765 1752 1850 1800 cui
1883 1752 2099 1802 similior
2124 1753 2293 1817 imago
2316 1760 2408 1802 tua
2431 1755 2533 1819 Ly-

1464 1829 1577 1878 cori
1600 1843 1756 1893 quam
1773 1830 1987 1879 Veneri.
2055 1831 2294 1880 Pictores
2316 1832 2534 1895 iusuper

1465 1905 1522 1956 in
1564 1907 1826 1957 Minervae
1872 1907 2118 1956 clientela
2161 1914 2297 1958 sunt.
2387 1906 2531 1958 Hinc

1468 1998 1687 2034 acumen
1711 1984 1881 2049 epigr.
1904 1989 1990 2034 41.
2014 1985 2048 2034 l.
2068 1991 2116 2035 6.

1532 2063 1692 2113 Eme.
1715 2075 1831 2112 mv.
1870 2067 1893 2110 l
1922 2062 1983 2112 Si
1996 2063 2232 2125 dederint,
2251 2062 2357 2127 δῖα]
2383 2063 2533 2127 Ejus-

1464 2136 1586 2186 dem
1631 2139 1925 2202 argumenti
1965 2147 2044 2189 est
2087 2139 2185 2188 boc
2209 2153 2328 2189 cum
2362 2139 2532 2204 epigr.

1465 2227 1514 2266 c.
1540 2215 1680 2279 quod
1706 2215 1842 2267 vide.

1532 2296 1566 2340 2
1601 2292 1781 2340 Factus
1821 2293 1978 2357 eques]
2027 2293 2157 2359 Alii,
2192 2296 2399 2344 nomam
2423 2294 2533 2355 Jus-

1465 2373 1564 2431 ius,
1576 2368 1630 2418 id
1644 2376 1745 2432 est,
1762 2383 1863 2419 non
1882 2372 2091 2434 plenum
2109 2379 2165 2422 et
2174 2373 2375 2436 justum
2397 2386 2535 2422 asse-

1464 2453 1657 2513 quutus
1679 2461 1887 2498 censum
1916 2449 2128 2514 equitis,
2166 2450 2256 2514 qui
2289 2448 2535 2514 quadrin-

1466 2525 1629 2590 genta
1650 2535 1860 2580 sestert.
1880 2529 2047 2592 idest,
2061 2528 2296 2592 Anglicae
2308 2535 2533 2579 monetoe

1466 2606 1532 2655 L.
1547 2609 1695 2655 3126.
1721 2606 1898 2657 Quare
1914 2607 1998 2656 cui
2023 2606 2218 2671 aliquid
2233 2620 2298 2655 ex
2317 2620 2381 2656 ea
2397 2621 2534 2656 sum-

1465 2679 1553 2743 ma
1586 2681 1788 2744 deerat,
1825 2697 1927 2732 non
1975 2690 2116 2732 erat’
2122 2684 2300 2747 justus
2356 2698 2536 2748 eques,

1466 2758 1588 2823 quia
1611 2759 1847 2809 omnibus
1889 2760 2121 2825 equitnm
2146 2760 2432 2824 privilegiis
2456 2761 2537 2809 uti

1464 2849 1570 2885 non
1615 2843 1844 2901 poterat,
1877 2851 2095 2902 quorum
2140 2852 2244 2886 non
2288 2843 2407 2887 erat
2452 2835 2533 2886 s'e-

1464 2916 1593 2966 dere
1615 2916 1667 2965 in
1692 2916 2086 2982 quatuordecim
2108 2914 2398 2977 ordinibus,
2417 2914 2535 2978 lege

1465 2994 1688 3043 Roscia:
1728 2992 1847 3042 vide
1872 2993 1907 3043 l.
1929 2997 1980 3042 4.
2003 2992 2171 3058 epigr.
2195 2996 2280 3042 6⁷.

1530 3075 1563 3120 4
1599 3071 1806 3140 Faciles,
1828 3070 1938 3134 ξω]
1970 3071 1985 3099 ⁶
2003 3070 2051 3120 Ο
2071 3069 2252 3120 faciles
2270 3070 2399 3119 dare
2416 3083 2536 3135 pra-

1464 3163 1531 3198 va
1552 3147 1680 3198 deos
1697 3147 1730 3197 l’
1786 3148 1940 3197 Risus
1963 3147 2123 3197 etiam
2140 3145 2194 3197 iu
2212 3147 2332 3198 Diis
2353 3146 2536 3212 benig-

1463 3225 1647 3276 nitatis
1692 3232 1750 3275 et
1782 3225 2130 3275 concessionis
2163 3223 2387 3288 signum.
2450 3223 2538 3273 Sic

1463 3302 1503 3353 l.
1522 3306 1572 3351 2.
1595 3302 1760 3367 epigr.
1779 3307 1829 3353 7.
1854 3302 1921 3352 de
1947 3302 2148 3352 Roma:
2184 3304 2202 3331 ⁴
2222 3300 2443 3362 Risisti3
2474 3301 2536 3350 li·

1465 3388 1554 3431 cet
1578 3395 1726 3445 ergo,
1758 3395 1858 3431 nec
1890 3385 2162 3431 vetamur.’
2226 3380 2354 3430 Risu
2395 3380 2536 3430 enim

1466 3458 1583 3523 quis
1620 3458 1832 3507 videtur
1891 3471 2139 3519 annuere,
2193 3462 2254 3507 ut
2289 3464 2346 3507 et
2386 3457 2422 3506 l.
2482 3460 2534 3506 6.

1464 3533 1635 3598 epigr.
1660 3537 1743 3583 82.
1779 3563 1788 3570 2
1813 3533 2054 3583 Ramires.

1531 3615 1580 3678 ⁶.
1598 3610 1851 3661 Sordidior
1882 3610 2053 3674 multo]
2105 3608 2341 3660 Primum
2382 3623 2535 3669 argu-

1466 3694 1700 3737 mentum
1730 3686 2054 3751 ἆνελευθερίας
2072 3701 2102 3736 a
2122 3686 2347 3736 vestium
2371 3685 2536 3735 sordi-

1466 3765 1565 3815 bus
1604 3771 1662 3815 et
1704 3765 1941 3814 vilitate:
1991 3770 2050 3814 ut
2086 3777 2213 3828 ergo
2244 3760 2536 3827 μικρολόγων

1465 3849 1644 3892 vestes
1690 3841 1914 3892 sordidas
1937 3847 1993 3890 et
2014 3839 2241 3904 ῥυπαραίς
2273 3841 2533 3889 lautorum
2579 3857 2582 3864 ·

1465 3925 1668 3982 contra,
1686 3919 1868 3968 nitidas
1902 3924 1959 3968 et
1981 3932 2147 3982 purae,
2171 3918 2373 3969 Graecis
2395 3922 2539 3969 καθα-

1529 4079 1562 4125 7
1595 4075 1778 4139 Deque,
1799 4073 2174 4138 Eamlt'caws‘m]
2209 4074 2255 4123 E
2279 4077 2360 4124 10.
2384 4072 2539 4123 olivis

1464 4152 1636 4216 mnjor
1671 4167 1795 4217 pars
1828 4158 2126 4202 reservatur
2165 4151 2218 4199 iu
2243 4150 2536 4215 proximam

1465 4242 1687 4278 coenam.
1754 4227 1908 4280 Quod
1933 4242 2061 4292 ergo
2100 4234 2177 4278 est
2201 4226 2420 4279 hominis
2441 4225 2535 4276 foe-

1464 4304 1672 4355 dissime
1703 4302 2036 4369 σμικρολόγυυ,
2057 4305 2258 4369 qualem
2282 4301 2536 4353 describit

1464 4381 1626 4437 etiam
1644 4382 1887 4435 Juvenal.
1908 4381 2023 4432 Sat.
2045 4384 2125 4431 14.
2146 4382 2260 4431 129.
2281 4380 2297 4407 ‘
2312 4377 2535 4429 Hester-
