2985 4937
688 422 769 488 M.
815 439 985 489 vn„
1034 435 1452 487 nummus
1484 437 1752 486 muca.
1800 438 1944 486 ms.
1992 437 2040 485 1.

260 581 397 650 quud
412 583 544 634 mibi
567 589 740 636 tecum
764 589 848 636 est
869 597 1159 647 commune,
1183 595 1336 647 gran-

260 660 325 712 de
347 663 533 713 decus.

320 744 354 790 2
383 738 673 801 Antenorei,
723 739 832 803 ξω]
897 738 1059 789 Urbis
1127 737 1336 789 Patavii

260 835 411 884 qnam
444 817 695 869 condidit·
719 817 977 868 Antenor.
1044 818 1166 868 Fuit
1199 818 1336 868 enim

259 897 373 946 Val.
409 896 591 946 Flacc.
611 892 1005 959 Argonauticon
1029 902 1184 945 autor
1204 894 1336 945 civis

257 971 570 1022 Patavinns.

319 1053 350 1099 ⁸
387 1049 606 1111 Pierios,
640 1048 750 1114 ξω]
804 1049 1005 1098 Desine
1052 1054 1109 1098 et
1152 1044 1338 1098 de'sere

259 1125 545 1190 poeticam,
591 1141 708 1176 cum
753 1127 925 1176 Musae
967 1127 1109 1176 nnllo
1147 1126 1337 1176 sintin

261 1204 470 1267 preti03
511 1202 599 1252 vel
634 1201 789 1259 differ
837 1202 889 1252 in
932 1202 1069 1252 aliud
1111 1211 1339 1267 tempus,

257 1293 369 1329 curn
395 1292 637 1344 proesens
674 1279 904 1342 postulet
935 1286 997 1328 ut
1027 1292 1135 1328 rem
1159 1277 1337 1329 facias.

256 1357 506 1409 Juvenal.
565 1359 619 1406 7.
669 1356 781 1407 Sat.
837 1355 939 1405 Tit.
993 1356 1243 1420 Calpurn.
1289 1358 1339 1407 4.

262 1435 441 1498 Eclog.
509 1431 677 1485 ovid.
716 1432 954 1496 ·passim,
1006 1436 1063 1480 et
1116 1431 1339 1482 Quintil.

262 1510 451 1574 dialog.

314 1591 347 1638 4
382 1586 512 1649 Istis
566 1588 719 1650 naua,
764 1583 872 1650 qua]
926 1585 1150 1648 Novem,
1199 1585 1342 1634 Mus.

256 1663 457 1715 Pieri‘d.

314 1746 344 1790 5
365 1740 661 1805 Quidpetis
679 1755 711 1789 ιι
733 1737 1205 1803 Ρῆωὸοίῑαιιιιιιιιιοσ,
1236 1738 1342 1803 ξω]

256 1816 271 1846 ‘
290 1817 585 1868 Foeaerare
608 1817 774 1868 Deos.'
797 1816 951 1880 dixit,
966 1825 1025 1867 ut
1056 1817 1072 1844 ‘
1089 1815 1343 1866 foenerare

259 1893 571 1958 pecuniam’
611 1894 847 1957 dicimus,
878 1909 1031 1960 quam
1064 1895 1118 1943 in
1148 1893 1342 1947 foenore

260 1972 527 2033 ponimus,
549 1985 668 2020 cnm
690 1970 872 2021 damus
898 1975 1109 2030 mutuo,
1140 1975 1199 2019 ut
1225 1968 1342 2017 red·

264 2046 419 2097 datur
449 2061 642 2097 usura.
708 2047 1040 2096 Deltortatur
1075 2045 1343 2096 Valerium

263 2124 514 2176 Flaccum
560 2123 835 2177 celebrem.
871 2122 1344 2187 Argonauticorum

263 2200 490 2261 Poetam
526 2216 558 2251 a
590 2199 823 2251 Poiiseos
864 2200 1065 2263 studio,
1097 2206 1342 2265 tanquam

262 2276 447 2343 inutili,
495 2285 553 2328 et
592 2277 733 2342 quod
769 2279 888 2342 plus
929 2278 1149 2331 nominis
1189 2293 1344 2343 quam

264 2354 565 2407 divitiarum
590 2355 896 2420 promittat:
936 2362 1218 2420 monetque
1250 2353 1346 2405 Ju-

264 2432 505 2484 ridicinoe
521 2437 579 2482 et
600 2431 714 2483 foro
736 2446 795 2482 se
815 2431 986 2497 potius
1003 2433 1094 2484 det
1112 2448 1127 2493 ;
1150 2432 1344 2499 quippe

264 2526 359 2575 quo
381 2511 590 2562 nullum
630 2510 770 2560 aliud
810 2510 1038 2561 studium
1075 2517 1343 2575 qnaestno·

263 2588 365 2650 sius
418 2588 516 2638 sit.
550 2589 818 2640 ίΒιιιιίἱιιιιι
886 2595 1062 2638 autem
1118 2587 1347 2637 Poeseos

262 2678 356 2727 per
393 2663 680 2726 Phoebnm,
711 2664 1078 2722 Juridicinam-
1112 2679 1207 2728 per
1244 2665 1346 2714 Mi·

266 2754 481 2794 nervam
522 2742 783 2806 designat.
816 2783 821 2789 .
850 2740 947 2792 Ait
969 2757 1116 2807 ergo,
1154 2742 1292 2794 Quid
1317 2758 1348 2792 a

267 2814 470 2870 Phoebo
508 2817 646 2880 petis
685 2831 918 2867 nummos
959 2818 1070 2868 sive
1109 2819 1347 2867 divitias?

266 2889 361 2942 Ille
406 2892 541 2944 nihil
582 2894 699 2952 tale,
725 2896 1051 2959 praestiterit.
1117 2896 1348 2946 AdiMi·

270 2981 483 3020 nervam
510 2972 714 3034 potius:
752 2972 862 3021 haec
896 2972 1104 3023 divitias
1130 2973 1227 3023 tibi
1244 2987 1347 3022 non

278 3052 506 3109 tantum,
534 3047 626 3097 sed
661 3056 719 3097 et
748 3054 969 3098 caeteros
990 3050 1348 3112 Deosomnes‚

272 3119 363 3173 hoc
387 3130 492 3186 est,
524 3124 778 3189 quicquid
807 3140 838 3174 a
862 3124 1069 3174 caeteris
1103 3126 1219 3176 Diis
1255 3136 1348 3189 op-

277 3200 372 3264 tari
389 3208 595 3265 potest,
617 3200 877 3263 conferre,
898 3209 955 3251 et
986 3203 1133 3253 velut
1168 3203 1220 3253 in
1255 3203 1352 3253 foe·

274 3288 362 3327 nus
407 3292 624 3342 ponere,
674 3280 787 3329 sive
841 3276 1125 3329 foenerare-
1150 3286 1346 3344 potest.

200 3349 203 3350 ⁷
274 3353 423 3420 Sane·
446 3356 503 3405 in
541 3358 770 3421 pecunia
804 3358 975 3408 omnia
1002 3360 1187 3423 posita
1207 3367 1346 3411 sunt.

277 3428 412 3483 Hinc
434 3431 746 3484 Petronius:
770 3435 786 3463 ‘
801 3434 1009 3498 quidvis
1031 3436 1200 3485 numis
1218 3451 1350 3500 prae·

277 3510 506 3561 sentibus
523 3518 670 3577 opta,
692 3512 943 3561 Eveniet:
981 3513 1208 3564 clausum
1233 3528 1348 3577 pos·

280 3583 412 3635 sidet
426 3601 551 3637 arca
560 3587 597 3639 J
600 3587 785 3638 ovem.'
822 3588 955 3645 Quid
965 3590 1094 3652 petis
1104 3605 1136 3639 α
1150 3590 1346 3655 ΡΙιωὸυ,

279 3663 378 3727 ξω]
408 3663 498 3714 Sic
515 3664 798 3726 legendum
834 3672 1015 3716 censet
1038 3657 1351 3719 Gronovius.

280 3737 395 3790 Hoec
415 3742 568 3808 sapit,
580 3742 680 3792 hoec
692 3743 1061 3805 omnesfoeaerat
1085 3761 1182 3794 ιιιια
1194 3746 1350 3809 Deos]

280 3815 722 3884 Interpretantur,
756 3835 910 3883 posse
941 3822 1081 3871 illam
1104 3823 1154 3870 in
1180 3820 1348 3872 foenus

282 3890 400 3943 dare
451 3894 690 3945 omnibus
738 3896 854 3946 diis.
923 3897 997 3947 At
1052 3903 1068 3926 ‘
1090 3896 1351 3948 foeuerare

285 3967 448 4028 Deos'
465 3971 751 4035 dicitur‚ut
764 3973 780 4000 ‘
792 3971 1049 4024 foenerare
1065 3974 1355 4038 pecuniam,

285 4041 629 4132 beneficium,’
666 4049 937 4112 Ciceroni,
974 4049 1212 4106 ‘lumen'
1248 4050 1354 4100 Pli.

290 4110 387 4173 nio.
451 4124 665 4177 ‘Deos'
676 4161 681 4172 .
722 4127 957 4192 intellige
1000 4137 1131 4178 nota
1183 4127 1355 4190 figura

290 4196 495 4250 deorum
522 4201 676 4263 dona,
710 4191 1040 4267 sapientiam,
1069 4204 1355 4267 pulchritu-

293 4273 478 4338 dinem,
516 4278 837 4345 potentiam.
935 4279 1041 4334 Sic,
1068 4280 1358 4341 Juvenalis,

289 4345 508 4410 ‘nullum
546 4370 739 4414 numen
778 4355 1014 4423 abeat,·si
1039 4358 1106 4413 sit
1130 4358 1356 4423 pruden-

348 4433 525 4502 Delph.
542 4441 587 4488 et
616 4436 731 4490 Ver.
752 4436 885 4489 Clas.

1296 4440 1433 4489 Mart
1442 4438 1522 4489 inl.

2299 419 2476 488 1121
2507 468 2514 473 .

1411 583 1486 633 tia
1500 581 1547 635 ε’.
1567 582 1658 649 qni
1698 582 1925 648 prudens
1970 588 2069 645 est,
2094 581 2286 648 inquit,
2315 583 2477 637 habet

1412 673 1590 711 omnes
1620 660 1766 722 deos,
1794 661 1893 727 hoc
1924 668 2022 724 est,
2053 660 2299 726 quicquid
2320 677 2350 711 a
2375 661 2484 715 diis⁴

1413 738 1546 801 peti,
1577 738 1798 802 sperari,
1816 738 1929 788 dari
1955 744 2143 802 potest.
2201 738 2292 787 Sic
2315 739 2478 790 etiam

1410 813 1427 843 ‘
1442 829 1565 865 arca
1585 814 1842 864 Minervae
1863 813 2119 877 foenerat:
2143 812 2368 876 cnufert,
2384 815 2480 865 tri-

1413 890 1528 941 buit
1541 892 1557 919 ‘
1573 906 1749 943 omnes
1764 891 1922 955 deos,'
1939 906 2260 957 quaecunque
2276 893 2483 945 scilicet

1413 967 1502 1023 alii
1519 967 1591 1017 dii
1606 968 1731 1019 dare
1747 968 2007 1020 dicuntur.
2025 969 2310 1019 Gmnovias.
2340 970 2483 1020 1²11oe-

1412 1044 1487 1108 bo,
1503 1045 1611 1109 ξω]
1636 1046 1733 1096 Cui
1755 1047 1928 1096 laurus
1951 1055 2006 1095 et
2025 1046 2138 1096 laus
2157 1047 2295 1097 nuda
2314 1061 2481 1097 curae.

1412 1121 1466 1171 Si
1480 1122 1604 1186 ,ipse
1628 1124 1776 1175 Deus
1795 1138 1993 1186 pauper
2009 1130 2112 1186 est,
2128 1123 2254 1189 quid
2288 1122 2481 1187 poetae,

1412 1199 1528 1263 ejus
1573 1200 1766 1250 alumni
1801 1200 2145 1266 clientesque,
2192 1200 2481 1253 haberent?

1414 1276 1546 1326 Arca
1582 1277 1855 1342 ..nim-w]
1920 1276 2075 1328 Arcoe
2132 1288 2482 1343 patronorum,

1414 1353 1600 1418 quibus
1641 1353 1786 1416 leges
1828 1360 1883 1403 et
1930 1367 2117 1417 causae,
2158 1368 2282 1419 quas
2320 1351 2487 1416 dedit,

1414 1443 1541 1497 quas
1571 1429 1754 1480 docuit
1783 1429 2040 1494 Minerva,
2071 1444 2340 1482 numerum
2365 1426 2487 1479 affa-

1417 1505 1513 1557 tim
1533 1504 1811 1557 dederunt.

1483 1587 1519 1648 Q
1561 1583 1694 1633 Haec
1720 1583 1870 1647 sapit]
1913 1583 2068 1637 Lucri
2109 1583 2247 1635 enim
2294 1583 2486 1634 bonum

1419 1659 1631 1711 odorem
1651 1675 1852 1725 sapere,
1867 1676 1993 1712 vera
2012 1668 2093 1711 est
2107 1661 2262 1711 hodie
2284 1661 2487 1724 sapien-

1418 1739 1513 1789 tia.
1576 1737 1782 1790 Alludit
1802 1746 1976 1789 autem
1999 1739 2064 1789 ad
2098 1738 2289 1788 Avieni
2309 1738 2489 1802 apolo-

1418 1830 1541 1880 gum
1563 1816 1600 1866 1.
1634 1820 1682 1866 3.
1723 1816 1834 1867 fab.
1872 1817 1927 1867 in
1966 1831 2069 1882 quo
2091 1815 2362 1869 Palladem
2384 1815 2490 1863 col-

1419 1891 1602 1943 laudat
1645 1894 1875 1957 Jupiter,
1931 1893 2067 1959 quod
2130 1892 2339 1943 coeteris
2388 1891 2487 1941 diis

1418 1971 1623 2020 steriles
1644 1971 1708 2021 ad
1732 1972 1908 2034 glorias
1924 1971 2149 2034 speciem
2174 1967 2488 2032 eligentibus

1422 2046 1655 2110 arbores,
1689 2049 1781 2098 illa
1804 2048 1992 2099 olivam
2025 2055 2242 2113 propter
2258 2045 2490 2097 fructum

1419 2125 1677 2188 elegisset.
1709 2134 1769 2178 ut
1797 2141 1918 2176 mox
1960 2140 2094 2176 vers.
2119 2129 2200 2176 11.
2239 2124 2361 2173 Haec
2391 2137 2490 2172 om·

1418 2202 1541 2264 aeis,
1559 2202 1671 2266 risa]
1696 2202 1849 2253 Adeo
1873 2203 2034 2253 vdives
2067 2210 2166 2265 est,
2203 2210 2263 2251 ut
2282 2200 2491 2250 caeteris

1419 2279 1521 2329 diis
1552 2288 1785 2331 mutuum
1817 2280 1926 2331 det.
1992 2278 2253 2330 Scriverio
2288 2275 2496 2326 videtur

1421 2372 1519 2422 pro
1560 2359 1816 2420 deformer&
1858 2357 2022 2419 sumi;
2056 2356 2110 2407 id
2156 2360 2256 2417 est,
2293 2351 2493 2402 foenore

1421 2435 1682 2500 exhaurit,
1707 2435 2056 2499 trucidatque.

1484 2517 1516 2563 7
1559 2514 1692 2571 Quid
1702 2519 1911 2576 possent,
1933 2510 2040 2576 afa]
2064 2512 2191 2564 Quis
2212 2511 2348 2564 enim
2374 2524 2494 2559 usus

1422 2590 1785 2654 corymborum
1838 2598 1893 2638 et
1943 2588 2149 2638 hederae
2175 2587 2194 2635 ?
2260 2587 2498 2649 Palladis,

1421 2665 1530 2730 ὅκκ]
1550 2666 1723 2728 Oliva,
1741 2666 1890 2729 cnjus
1914 2665 2045 2714 rami
2066 2662 2306 2713 ubertate
2324 2661 2495 2711 incur·

1422 2750 1624 2793 vantur.

1424 2867 1427 2870 Α
1484 2825 1518 2869 8
1556 2819 1784 2883 Inclinat]
1820 2819 2091 2868 Incurvat.
2131 2814 2327 2878 Varias]
2360 2814 2498 2876 Quia

1421 2897 1586 2947 bacca
1636 2897 1817 2946 varia:
1866 2896 2086 2960 primum
2136 2892 2334 2956 viridis,
2384 2899 2496 2943 tum

1421 2972 1592 3035 flava,
1578 2990 1591 3003 ·
1618 2973 2137 3037 tandemnigricans.
2168 2970 2357 3033 Varias,
2391 2969 2497 3034 ⁸5⁰³]

1423 3050 1657 3104 Frondes
1705 3051 1833 3102 varii
1877 3049 2066 3100 colonis
2119 3047 2296 3098 baccis
2349 3062 2498 3096 onus-

1424 3135 1523 3179 tas.

1486 3210 1519 3254 9
1556 3206 1761 3268 Proeter,
1782 3204 1889 3269 ξω]
1923 3202 2111 3254 Studia
2130 3203 2243 3253 liaec
2266 3208 2323 3251 et
2340 3173 2503 3265 opera

1421 3282 1715 3348 poetarum,
1769 3298 1886 3347 quae
1943 3280 2226 3340 Helicone,
2292 3277 2500 3339 Cirrha,

1422 3358 1755 3416 Permesside
1797 3358 2023 3423 lympha,
2063 3356 2223 3406 sacris
2266 3354 2497 3417 Phoebo,

1420 3434 1653 3498 Bromio,
1689 3442 1745 3483 et
1789 3434 1975 3498 Musis,
2004 3441 2166 3498 atque
2211 3431 2502 3497 hujusmodi

1421 3511 1632 3561 bullatis
1650 3521 1839 3562 sonant
1854 3513 2024 3577 nugis,
2040 3510 2287 3563 adferunt
2300 3517 2503 3561 tantum

1424 3590 1981 3655 voluptatemdnanem
2001 3587 2227 3652 laudem,
2248 3586 2504 3656 plausum,

1424 3674 1479 3715 et
1511 3667 1657 3717 basia
1693 3666 1760 3715 ab
1784 3665 2138 3726 auditoribus3
2161 3664 2285 3730 quin
2321 3671 2376 3714 te
2411 3676 2504 3727 po·

1426 3743 1526 3792 tius
1548 3742 1788 3794 conferas
1804 3743 1870 3793 ad
1891 3741 2127 3792 forenses
2145 3755 2327 3790 causas
2345 3753 2504 3802 agen·

1425 3822 1535 3883 das,
1556 3822 1696 3871 unde
1722 3837 1829 3871 rem
1848 3835 2041 3885 augeas
2062 3834 2123 3871 ac
2141 3819 2403 3872 ditescas:
2423 3831 2505 3866 su-

1426 3914 1525 3964 pra
1549 3900 1718 3963 epigr.
1744 3904 1824 3950 18.

1494 3980 1558 4026 1⁰
1592 3977 1797 4040 Sophos]
1830 3977 1997 4040 Supra
2030 3974 2198 4039 epigr.
2220 3977 2272 4023 4.
2296 3988 2431 4024 vers.
2454 3981 2503 4024 8.

1495 4055 1557 4102 11
1597 4051 1795 4115 Cirrha]
1822 4051 2093 4116 Oppidum
2118 4050 2362 4100 Phocidis
2385 4052 2507 4114 jux·

1428 4137 1484 4180 ta
1506 4130 1615 4182 Pan
1618 4143 1858 4179 nassum
1845 4165 1858 4177 .
1885 4129 1972 4177 alii
1996 4127 2245 4178 verticem
2271 4127 2507 4176 Parnas-

1430 4207 1474 4255 si
1499 4221 1610 4255 esse
1635 4207 1834 4255 volunt.
1872 4201 2168 4256 Permesside
2188 4203 2337 4267 nuda]
2377 4203 2508 4258 Pet.

1431 4294 1646 4343 messus,
1666 4277 1852 4330 fluvius
1889 4280 2114 4332 Boeotiae
2149 4295 2215 4329 ex
2248 4279 2508 4328 Helicone

1430 4364 1610 4407 monte
1657 4355 1911 4422 defluens,
1957 4357 2125 4410 Musis
2163 4363 2420 4417 sacratus,
2453 4356 2507 4405 in

2267 4439 2297 4485 4
2333 4436 2377 4484 B
