2985 4937
513 402 554 423 “’
650 430 724 476 Μ.
775 430 943 476 νΑι..
992 428 1412 483 MART-isus
1464 431 1711 481 arten.
1761 435 1903 482 ms.
1953 438 2116 487 vlu.

292 570 411 621 vatis
433 569 848 634 celebritatibus,
872 580 929 621 ut
952 572 1004 620 in
1025 572 1236 637 nuptiis,
1261 587 1342 621 or·

290 655 518 698 namenta
540 649 810 713 ejusmodi.
877 650 1047 712 Hujus
1072 650 1147 699 rei
1170 664 1339 699 exem-

290 726 368 788 pla
388 733 505 775 sunt
524 723 748 792 πρόχειρα
781 727 918 789 apud
957 727 1199 778 Juvenal.
1230 730 1340 779 Sat.

288 805 333 850 6.
364 801 660 851 ‘ornentur
681 811 857 867 postes
893 810 950 853 et
985 804 1341 869 grandijauua

288 877 453 941 lauro:
494 883 597 929 ὅτε.
677 881 782 930 Sed
828 887 883 930 et
916 879 947 941 ἦ
988 881 1207 946 αὐλητρὶς
1245 899 1339 947 per

289 956 504 1019 compita
521 958 979 1023 circumcursabat,
996 966 1050 1008 et
1067 960 1234 1009 vicum
1254 976 1338 1011 ca·

288 1046 400 1080 nore
422 1048 514 1082 suo
535 1034 806 1096 implebat.
875 1036 963 1084 Sic
986 1036 1225 1087 solebant
1247 1038 1341 1087 eti·

287 1122 380 1171 am,
417 1123 538 1158 cum
566 1110 664 1160 sibi
686 1109 856 1160 infans
879 1119 1199 1163 nasceretur.
1242 1112 1336 1164 Ju-

287 1185 440 1235 venal.
465 1186 578 1237 Sat.
599 1191 648 1237 9.
684 1188 699 1214 ‘
715 1187 934 1237 Foribus
970 1188 1228 1251 suspende
1251 1205 1337 1240 co-

285 1275 454 1311 ronas:
487 1263 609 1313 Jam
633 1272 787 1328 pater
809 1263 902 1314 es.’
968 1263 1053 1313 Ad
1075 1281 1342 1331 summam,

282 1336 572 1392 festivitatis
617 1343 819 1405 insigne
860 1345 1030 1392 laurus
1051 1343 1225 1407 januis
1248 1361 1337 1409 ap·

283 1430 444 1477 pensa.
481 1419 687 1469 Her-ald.
757 1421 927 1483 Cultu]
965 1420 1146 1471 Niveis
1183 1425 1336 1473 vesti-

281 1492 368 1543 bus
389 1495 589 1546 induta.

340 1577 371 1621 6
401 1575 648 1638 Martiaque
663 1575 849 1639 ducem]
884 1574 1224 1639 moratione,
1247 1577 1337 1626 ad-

282 1655 409 1698 mota
450 1652 527 1700 ori
559 1666 734 1713 manu,
768 1659 826 1702 ut
863 1653 914 1702 in
938 1653 1337 1704 salutationibus

282 1725 523 1788 Deorum,
558 1727 731 1792 inquit
769 1729 911 1792 LipS.
955 1729 1184 1782 Doctiss.
1226 1730 1336 1779 He-

278 1802 441 1851 raldus
465 1804 530 1852 ad
552 1805 809 1867 plausum,
826 1820 925 1869 quo
942 1807 1212 1869 excipiunt
1234 1806 1337 1855 Im-

279 1887 556 1945 peratores,
580 1881 765 1932 refert.
806 1883 1013 1946 Ducem]
1034 1884 1183 1933 Dicit
1199 1883 1339 1933 enim

276 1955 364 2006 hoe
386 1960 749 2023 accipiendum
774 1961 841 2009 de
864 1961 1199 2023 salutatione,
1223 1975 1337 2025 quae

278 2033 324 2081 ἐν
354 2035 549 2100 εὐφημίᾳ
592 2035 671 2084 καὶ
712 2036 877 2100 κρότῳ.
948 2039 1085 2087 Nam
1122 2052 1249 2086 voce
1284 2043 1339 2085 et

278 2111 452 2175 plausu
489 2120 744 2177 exceptos
789 2113 950 2163 fuisse
984 2113 1339 2174 Imperatores

278 2189 476 2251 probari
520 2199 699 2255 potest
737 2189 999 2242 facillime.
1068 2194 1157 2256 Et,
1193 2207 1260 2241 ne
1284 2200 1337 2245 te

278 2268 438 2316 multis
476 2283 670 2329 morer,
704 2269 758 2317 in
794 2276 1040 2332 promptu
1064 2278 1164 2330 est,
1201 2270 1338 2333 quod

276 2350 419 2393 antea
441 2346 584 2408 apud
606 2345 900 2395 Martialem
926 2354 1157 2395 nostrum
1179 2352 1338 2410 expo-

278 2421 490 2472 suimus:
525 2425 540 2450 ‘
562 2422 800 2488 Quaeque
840 2432 1028 2474 sonant
1063 2424 1216 2487 pleno
1251 2439 1337 2473 vo-

279 2514 459 2566 cesque
483 2516 768 2566 manusque
789 2502 1013 2565 theatro,
1028 2502 1156 2551 Cum
1180 2516 1338 2565 popu-

277 2574 348 2624 lus
368 2577 528 2627 subiti
554 2578 778 2627 Caesaris
803 2594 896 2628 ora
918 2578 1102 2629 videt.’

335 2657 366 2702 7
402 2657 600 2705 Grande
636 2656 727 2705 loci
765 2658 1008 2720 meritum]
1066 2656 1222 2709 Quod
1265 2658 1340 2710 ibi

280 2732 444 2783 Caesar
479 2735 615 2798 Pop.
658 2735 805 2784 Rom.
831 2736 1141 2785 salutantem
1167 2736 1340 2790 huma.

278 2811 408 2859 niter
430 2811 726 2874 exceperit,
748 2807 1011 2862 Martialis
1045 2827 1139 2876 pro
1159 2813 1339 2876 grandi

278 2889 453 2937 merito
499 2888 732 2952 accipit3
785 2904 952 2953 eoque
1009 2890 1214 2939 nomine
1266 2889 1339 2939 ibi
1409 2909 1410 2912 ¹

279 2963 512 3015 Fortunae
553 2965 761 3015 Reduci
797 2967 1041 3027 templum
1077 2973 1132 3014 et
1166 2981 1339 3016 arcum

279 3040 637 3106 triumphalem
684 3041 761 3090 ait-
797 3042 1100 3091 Domitiano
1143 3043 1342 3092 excita-

282 3126 397 3168 tum.
443 3120 617 3168 Altera
632 3118 778 3181 dona]
810 3117 981 3168 Arcus
1002 3120 1344 3182 triumphalia.

280 3191 507 3244 Primum
550 3194 761 3257 donum,
803 3196 1054 3257 templum
1096 3196 1344 3246 Fortunae

280 3270 525 3338 intellige.

338 3354 369 3399 8
401 3353 561 3401 Arcus
603 3351 770 3414 ovans]
822 3351 955 3414 Ἀψὶς
996 3351 1346 3417 τροπαιοφόρος,

281 3443 422 3479 arcus
446 3430 796 3495 triumphalia,
822 3438 1034 3481 arcuata
1065 3440 1238 3495 porta,
1259 3435 1349 3483 cui

281 3520 307 3554 e
351 3508 523 3572 lapide
562 3508 615 3556 in
654 3510 818 3557 altum
852 3516 1110 3560 extructae
1150 3511 1345 3574 pictam

281 3582 483 3635 inscribi
500 3586 774 3638 victoriam
798 3586 1017 3650 ejusque
1032 3589 1222 3638 seriem
1238 3604 1347 3638 mo·

283 3662 347 3711 ris
370 3672 500 3714 erat.
567 3665 654 3714 De
672 3664 830 3713 variis
849 3664 1074 3716 arcubus
1091 3666 1346 3716 Domitia-

281 3738 471 3790 uiride
494 3741 710 3790 Sueten.
750 3741 952 3791 Domit.
983 3756 1099 3805 cap.
1128 3747 1207 3793 13.
1278 3744 1347 3792 0-

283 3817 413 3880 vuns]
469 3819 730 3870 ovantem
788 3833 965 3868 arcum
1027 3819 1175 3882 dicit,
1224 3822 1350 3884 quia

286 3896 299 3919 ‘
323 3894 427 3943 Hic
474 3894 664 3959 gemini
700 3908 882 3944 currus
928 3902 1203 3948 numerant
1242 3897 1348 3946 ele-

288 3970 469 4030 phanta
493 3968 857 4035 frequentem.’
897 3999 902 4003 ·
925 3971 988 4020 In
1013 3985 1077 4019 eo
1100 3987 1224 4022 arcu
1241 3972 1348 4022 Do-

263 4033 478 4096 'mitiani
524 4047 792 4097 victoriam
830 4054 886 4098 et
920 4049 1238 4112 triumphum
1258 4050 1349 4099 de-

193 4120 204 4142 s
285 4123 575 4186 pinxerant.
646 4126 731 4174 De
770 4138 935 4175 more.
966 4125 1212 4177 Juvenal.
1235 4126 1348 4177 Sat.

287 4204 335 4250 9.
365 4203 380 4228 ‘
402 4203 472 4253 Et
507 4216 706 4253 summo
730 4202 899 4252 tristis
927 4202 1168 4265 captivus
1190 4203 1246 4255 iu
1268 4218 1350 4254 ar·

290 4278 385 4329 cu.'
450 4280 727 4336 Rationem
765 4278 937 4336 adfert
970 4280 1110 4337 Plin.
1139 4280 1237 4333 lih'.
1264 4284 1347 4333 34.

2309 426 2482 493 1317

1418 587 1535 637 cap.
1559 578 1608 625 6.
1643 578 1658 604 ⁴
1679 575 2041 628 Columnarum
2081 579 2216 630 ratio
2249 560 2383 644 erat,
2406 590 2485 635 at·

1420 651 1532 700 tolli
1555 667 1711 716 supra
1730 652 1949 704 caeteros
1975 659 2234 721 mortaleS‚
2266 660 2404 723 quod
2426 668 2484 712 et

1418 742 1569 777 arcus
1582 729 1845 793 significat
1862 732 2056 785 novitio
2071 733 2316 785 invento!
2344 737 2481 789 Hos-

1417 820 1481 855 ce
1525 822 1672 856 arcus
1714 807 1877 871 ἀψῖδας
1911 811 2275 874 τροπαιοφόρους
2306 814 2484 867 Graeci

1417 884 1703 948 scriptores
1725 888 2071 950 appellarunt,
2092 897 2150 938 ut
2173 891 2277 941 Dio
2301 893 2483 955 saepis·

1417 961 1560 1011 sime.
1628 963 1888 1015 Caeterum
1912 966 2133 1022 arcubus
2151 967 2293 1018 hisce
2311 968 2484 1017 delec-

1418 1050 1582 1092 tatum
1620 1042 1779 1094 fuisse
1812 1045 2160 1094 Domitianum
2187 1053 2396 1096 constat
2415 1060 2482 1095 ex

1413 1120 1666 1170 Suetonio
1689 1129 1743 1171 et
1773 1122 1900 1172 aliis.
1942 1123 2203 1173 Heraldus.

1480 1202 1513 1248 9
1547 1198 1648 1249 Hic
1659 1199 1858 1261 gemini,
1880 1198 1986 1262 ξω]
2013 1201 2181 1263 Supra
2194 1213 2370 1251 arcum
2392 1214 2484 1264 po·

1416 1260 1528 1329 sita}
1564 1283 1716 1326 erant
1748 1278 1967 1339 geminae
2011 1279 2295 1342 quadrigar,
2324 1294 2482 1343 prop-

1416 1358 1500 1400 ter
1535 1354 1784 1414 geminam
1825 1369 1854 1401 e
1897 1354 2057 1403 Dacis
2093 1357 2390 1416 victoriam„
2414 1356 2483 1408 ad

1414 1442 1542 1491 quas
1565 1428 1827 1491 elephanti
1841 1429 2040 1492 juncti,
2069 1444 2200 1495 quos
2225 1432 2485 1482 Domitia·

1414 1519 1509 1555 nus
1529 1504 1695 1554 victor
1716 1505 1950 1568 regebat.

1481 1585 1544 1631 lo
1581 1582 1766 1646 Sufficit
1804 1583 2066 1646 immensis]
2102 1582 2306 1634 Aureus
2343 1587 2482 1636 enim

1414 1666 1471 1707 et
1496 1666 1776 1720 argenteus
1811 1658 1860 1707 in
1899 1659 2013 1726 istjs
2047 1660 2270 1710 arcubus
2307 1662 2481 1712 stabat

1413 1735 1769 1791 Domitianus.
1822 1733 2014 1784 Aureus
2047 1737 2146 1799 ipse
2170 1738 2330 1800 jugis]
2364 1739 2482 1789 Sta·

1415 1820 1530 1862 tuas
1554 1813 1651 1863 sibi
1675 1828 1777 1865 non
1800 1815 1900 1863 nisi
1923 1829 2106 1864 atii-eas
2130 1826 2181 1864 et
2207 1825 2482 1881 argenteas

1417 1889 1539 1953 poni
1558 1891 1813 1954 permisit,
1831 1905 1892 1940 ac
1912 1890 2155 1953 ponderis
2173 1893 2323 1942 certi.
2373 1893 2480 1942 Do·

1416 1968 1530 2016 mit.
1597 1967 1813 2018 Sueton.
1851 1983 1972 2031 cap.
2012 1971 2091 2018 13.
2129 1976 2184 2018 et
2222 1968 2482 2033 xiphilin.

1415 2043 1613 2094 Domit.

1483 2124 1544 2169 12
1581 2121 1689 2170 Hos
1723 2121 1905 2184 aditus]
1943 2122 2052 2171 Has
2091 2129 2272 2186 portas
2306 2138 2485 2172 arcua-

1415 2204 1500 2247 tas
1545 2205 1600 2247 et
1647 2199 2004 2262 triumphales.
2069 2200 2243 2249 Urbem
2281 2201 2482 2264 Martis,

1414 2273 1523 2336 Spa]
1570 2274 1807 2338 Romam,
1829 2291 1859 2323 a
1881 2276 2071 2325 Martis
2091 2277 2340 2339 progenie
2360 2290 2482 2325 con-

1414 2350 1595 2401 ditam.

1481 2427 1819 2478 Emmuvi.
1853 2427 2190 2478 Consulatum
2230 2428 2344 2491 filii,
2380 2444 2485 2481 uon

1413 2505 1580 2569 patris
1602 2506 1719 2555 Silii
1744 2512 1893 2555 ornat
1917 2506 2160 2555 Carmine
2195 2507 2486 2568 Martialis;
2529 2505 2535 2514 '

1413 2591 1470 2633 et
1506 2590 1678 2645 optat,
1700 2590 1759 2633 ut
1791 2582 2049 2646 quondam
2088 2592 2143 2633 et
2180 2585 2316 2634 alter
2349 2583 2485 2632 filius

1415 2659 1595 2707 consul
1650 2667 1893 2720 creetur3
1950 2658 2131 2722 sicque
2187 2660 2483 2710 consulares

1415 2735 1588 2787 fasces
1627 2742 1709 2786 ter
1738 2736 1806 2785 ad
1840 2736 2047 2784 domum
2093 2736 2205 2787 Silii
2243 2735 2482 2788 redeant.

1485 2896 1513 2942 1
1547 2889 1794 2953 Augusto]
1827 2889 2141 2953 Imperatori
2165 2877 2486 2948 Domitiano.

1413 3012 1417 3016 .
1481 2972 1515 3016 3
1548 2967 2072 3030 Bissenosjubet,85·c.]
2103 2967 2231 3016 Silio
2253 2967 2486 3016 delatum

1413 3045 1779 3106 consulatum:
1818 3043 1937 3093 vide
1972 3046 2155 3108 Epigr.
2193 3049 2277 3096 62.
2317 3044 2406 3094 lib.
2439 3048 2486 3092 7.

1421 3137 1550 3172 vers.
1571 3126 1620 3172 2.
1645 3131 1703 3173 et
1724 3128 1774 3173 4.

1483 3204 1517 3249 4
1551 3199 1685 3248 Nato
1718 3199 1926 3262 consule]
1961 3199 2096 3248 Filio
2135 3197 2248 3248 Silii
2278 3197 2484 3262 poetam

1416 3275 1508 3327 alii
1544 3275 1727 3339 legunt
1765 3277 1915 3339 Noto,
1950 3283 2007 3325 et
2051 3274 2272 3325 eundem
2304 3273 2486 3324 Silium

1418 3352 1500 3410 bis
1536 3354 1654 3403 Cos.
1695 3352 1954 3417 designari
1991 3353 2190 3412 volunt,
2212 3351 2298 3400 cui
2336 3357 2489 3413 optet

1419 3430 1594 3480 Poeta
1623 3430 1838 3480 tertium
1870 3428 2210 3478 consulatum.
2277 3425 2378 3475 Sed
2411 3425 2487 3474 Si-

1420 3511 1522 3559 lius
1550 3525 1651 3558 uno
1675 3510 1943 3560 consulatu
1967 3503 2244 3557 contentus
2276 3506 2490 3556 recessit

1422 3603 1454 3636 a
1478 3586 1804 3650 Republica:
1839 3586 2017 3648 Epigr.
2041 3589 2121 3635 62.
2145 3583 2237 3633 lib.
2261 3587 2312 3632 ⁷.
2349 3582 2492 3630 Mar-

1423 3663 1562 3714 tialis
1595 3663 1772 3727 itaque
1807 3663 2046 3711 hortatur
2068 3662 2264 3721 Musas,
2289 3659 2486 3721 gratias

1421 3746 1477 3790 et
1497 3754 1646 3789 sacra
1668 3740 1793 3788 dare
1811 3738 2011 3796 Caesari
2022 3745 2238 3802 propter
2256 3736 2490 3788 consula-

1422 3823 1535 3867 tum
1570 3814 1686 3866 Silii
1715 3815 1824 3866 filio
1857 3816 2109 3877 delatum,
2127 3818 2383 3875 optatque
2413 3812 2488 3859 al-

1421 3894 1526 3943 teri
1568 3893 1682 3944 Silii
1724 3892 1833 3944 filio
1871 3892 2083 3941 tertium
2126 3888 2485 3938 consulatum:

1419 3969 1497 4018 ita
1520 3975 1577 4017 ut
1601 3968 1796 4032 triplex
1816 3966 2051 4030 ejusdem
2075 3964 2286 4015 familiae
2303 3979 2486 4015 consu-

1420 4047 1556 4095 latus
1579 4046 1840 4109 exprimat
1871 4043 2130 4107 triplicem
2162 4042 2306 4090 illum
2331 4041 2488 4091 Pom-

1422 4121 1532 4187 peii
1575 4130 1629 4170 et
1671 4120 1947 4184 Agrippae.
2017 4120 2270 4183 Nobilique
2323 4118 2490 4183 virga]
2542 4183 2547 4194 f

1421 4199 1741 4263 Magistratu
1760 4197 1968 4250 domum
1992 4211 2134 4251 suam
2153 4203 2245 4247 aut
2269 4197 2490 4248 alienam

1421 4275 1730 4341 accedente,
1749 4275 1904 4326 lictor
1926 4274 2040 4339 ejus
2058 4274 2362 4346 praecedens
2386 4273 2490 4331 vir-
