2985 4937
644 449 721 499 M.
765 447 936 496 vm..
982 443 1405 494 maurianis
1453 447 1699 496 urica.
1750 433 1892 495 mn.
1940 448 2053 496 xl.

257 594 692 644 averruncandas.
778 592 933 642 Unde
983 590 1218 655 AEgyptii
1264 590 1315 640 in

255 678 413 736 caput
454 671 707 729 victima»,
747 670 882 718 mala
918 670 1088 718 omnia
1131 667 1317 733 depre-

258 751 529 803 cabantur.
565 749 774 798 Hernici.

320 832 382 877 10
421 827 612 877 Indixit
640 841 834 884 coenam,
870 824 975 889 ξω]
1023 824 1223 875 Statuit
1258 838 1315 873 se

256 912 521 955 venturam
541 911 798 954 coenatum
823 903 962 967 apud
986 917 1084 964 me,
1102 901 1238 968 quod
1262 907 1319 951 et

254 986 269 1010 ⁴
288 980 563 1029 condicere
586 990 784 1029 coenam
802 979 818 1003 '
847 979 1059 1029 dicitur.

318 1059 381 1104 12
419 1056 512 1104 Nil
531 1057 669 1118 milti,
689 1057 799 1121 fisa]
842 1055 1025 1119 Epigr.
1055 1058 1134 1104 12.
1155 1053 1247 1102 111).
1268 1058 1317 1103 4.

315 1135 477 1185 Erre.
496 1145 596 1185 ιιι.
619 1134 822 1186 Invitat
838 1134 1107 1184 Cerealem
1126 1133 1192 1182 ad
1211 1148 1314 1184 coe·

255 1227 391 1263 nam.

316 1295 347 1340 3
386 1291 616 1340 Octavam
649 1290 834 1354 poteris
862 1286 1078 1351 servare]
1108 1286 1315 1337 Idcirco

252 1374 307 1418 et
327 1368 528 1417 solaria·
542 1375 694 1417 erant
713 1367 764 1416 in
781 1366 992 1429 balneis,
1009 1378 1122 1430 quae
1145 1377 1175 1413 a
1192 1377 1316 1413 con·

199 1475 206 1476 ff
249 1439 499 1494 vivaturis
523 1443 940 1495 consulebantur.
1007 1440 1162 1489 Unde
1182 1440 1315 1488 sole-

248 1523 379 1573 bant
416 1523 602 1571 miselli
638 1528 694 1572 et
731 1519 948 1585 parasiti
982 1514 1316 1583 τρεχέδειπνοι,

250 1598 438 1664 quibus
464 1604 655 1648 venter
688 1596 975 1661 pruriebat,
1011 1594 1147 1643 σκιὰν
1167 1609 1312 1643 κατα-

248 1678 437 1741 μενρεῖν
474 1674 550 1724 ἐπὶ
586 1677 785 1725 δεῖπνον.
854 1672 995 1723 Hinc
1020 1672 1314 1721 exsecratio

248 1754 552 1803 solariorum
575 1766 607 1801 a
628 1751 860 1816 parasito
900 1752 993 1800 illo
1014 1749 1151 1813 apud
1193 1749 1313 1802 Aul.

250 1832 392 1883 Gen.
422 1830 512 1880 lib.
536 1833 585 1880 3.
627 1844 742 1893 cap.
764 1832 815 1878 3.
878 1828 1166 1878 Lavabimur
1195 1823 1314 1886 nnn]

247 1909 392 1959 Ante
422 1922 620 1957 coenam
656 1906 917 1969 lavabant,
952 1912 1156 1968 aestate,
1182 1905 1316 1953 hora

249 1995 475 2048 octava3
525 1989 730 2051 hyeme,
767 2000 937 2035 nona:
975 1986 1160 2035 divites
1194 2000 1312 2035 cum

248 2080 401 2116 coena
425 2064 728 2129 praebebant
750 2063 977 2113 convivis
999 2061 1189 2112 balnea
1212 2063 1315 2126 pri·

250 2149 395 2205 vata,
410 2155 669 2205 pauperes
686 2139 893 2204 publica
914 2138 1277 2188 conducebant
1295 2154 1315 2187 :⁴

248 2220 371 2269 binc
419 2217 589 2268 Poeta
635 2217 906 2267 Cerealem
953 2216 1019 2265 ad
1061 2216 1314 2280 Stephani

245 2297 436 2346 balnea
457 2294 665 2344 invitat.
731 2293 984 2345 Qnieuim
1006 2307 1203 2341 coenam
1225 2292 1312 2341 da·

251 2374 368 2433 bat,
410 2365 663 2421 'balneum
720 2383 927 2435 qnoque
987 2366 1317 2419 calfaciebat.

248 2448 407 2500 Unde
422 2447 746 2513 jubebantur
768 2446 1022 2509 convivat,
1042 2442 1320 2507 λουσάμενοι

248 2526 399 2585 ἥκειν.
463 2526 601 2575 Sane
638 2531 759 2573 ante
796 2537 996 2572 coenam
1037 2525 1210 2573 lavare
1244 2535 1320 2570 so·

249 2607 455 2668 lebant,
472 2604 675 2655 miseris
696 2603 855 2654 etiam
879 2610 935 2653 et
957 2600 1167 2653 afflictis
1189 2606 1322 2651 tem-

248 2682 482 2748 poribus.
519 2680 722 2730 Her-ald.

315 2765 346 2810 5
384 2759 644 2822 Movenda]
674 2755 898 2819 Ciendo,
918 2753 1242 2804 lubricando.

313 2841 350 2886 7
388 2832 637 2900 cordyua]
672 2834 753 2882 De
789 2832 890 2882 boc
935 2844 1126 2896 genere
1149 2829 1324 2897 piscis,

252 2915 439 2980 Epigr.
473 2917 521 2963 2.
557 2912 646 2961 111).
680 2915 729 2960 3.
769 2924 904 2960 vers.
942 2914 991 2959 4.
1026 2914 1082 2957 et
1113 2906 1203 2956 lib.
1241 2909 1319 2957 13.

254 2993 442 3058 Epigr.
466 2995 515 3042 1.
579 2989 803 3053 Lacerta]
821 2986 1019 3053 Epigr.
1046 2989 1127 3037 79.
1160 2985 1251 3036 111).
1269 2991 1317 3034 6.

252 3074 459 3121 vers.5.

316 3153 351 3198 8
390 3149 547 3204 Quam
563 3146 685 3208 cnm,
701 3145 814 3209 ξω]
838 3144 1101 3209 Epigram.
1116 3146 1203 3204 48.
1224 3139 1316 3191 lib.

319 3307 364 3352 9
389 3299 583 3364 Altera]
615 3301 734 3351 Ova
752 3298 890 3348 alia:
928 3295 1211 3359 Teanum]
1231 3295 1319 3345 Sic

254 3378 421 3431 ovid.
456 3379 504 3426 8.
540 3375 891 3441 Metamorph.
937 3376 953 3402 ‘
976 3372 1193 3439 Ovaque
1214 3385 1317 3421 non

256 3457 368 3507 acri
390 3456 579 3505 leviter
603 3460 811 3504 versata
830 3449 1045 3502 favilla!

326 3538 391 3584 10
431 3530 730 3593 Velabrensi]
773 3529 967 3580 Caseus
989 3524 1326 3576 Velabrensis

259 3612 404 3662 fumo
440 3610 663 3675 focoque
700 3608 987 3659 induratus.
1045 3606 1201 3670 Epig.
1239 3608 1321 3655 32.

255 3693 293 3740 l.
319 3694 402 3741 13.

328 3768 392 3815 11
431 3765 554 3821 Quoe
583 3763 828 3827 Picenum,
865 3758 972 3826 ξω]
1021 3758 1203 3826 Epigr.
1240 3763 1323 3810 36.

262 3842 360 3894 lib.
385 3845 469 3892 13.

331 3924 398 3970 12
434 3917 617 3980 Gustu]
670 3915 976 3966 Anteeoena.
1021 3912 1204 3979 Epigr.
1242 3917 1326 3964 32.

265 4009 426 4061 snpra
448 4009 583 4059 vers.
602 3997 651 4043 3.

330 4077 394 4122 13
431 4071 664 4133 Mentiar,
690 4074 746 4118 nt
782 4067 982 4130 venias}
1021 4065 1328 4116 Promittant

270 4151 370 4200 tibi
411 4149 633 4197 lautiore
673 4150 926 4208 apparatu
961 4147 1122 4207 caput
1166 4154 1331 4190 coenae

272 4227 586 4292 appositum,
609 4230 669 4272 ut
691 4223 867 4272 venire
893 4221 1038 4271 velis.
1092 4216 1327 4279 Mentior,

273 4311 326 4355 nt
365 4303 551 4366 venias]
621 4300 687 4350 In
724 4298 1033 4349 lautioribus
1074 4295 1330 4348 conviviis

2277 430 2449 495 1395

1390 592 1563 656 pisces
1602 589 1771 641 locum
1809 592 2127 656 proecipuum
2168 591 2451 647 habebant.

1395 668 1545 716 Unde
1567 666 1678 731 ὄψον
1697 669 1906 731 proprie
1926 668 1991 717 ad
2012 669 2177 731 pisces
2200 671 2445 723 relatumz

1391 751 1640 793 caeterum
1680 745 1811 794 tanti
1849 744 2046 795 fiebant
2082 744 2294 796 obsonia
2326 748 2447 813 ista,

1391 828 1451 870 ut
1477 818 1827 871 tintinnabulo
1858 830 2193 872 monerentur
2220 824 2447 888 insignes

1390 895 1494 946 iuae
1534 899 1687 959 gulae,
1716 897 1759 947 si
1791 897 1883 963 qui
1920 899 2251 962 pretiosiores
2280 900 2459 964 pisces*

1390 976 1644 1038 asportati
1681 981 1846 1025 erant.
1932 976 2128 1026 Verum
2165 974 2458 1038 ixovombm-

1391 1064 1449 1098 os
1472 1050 1575 1099 iuis
1596 1065 1739 1115 saepe
1757 1052 2102 1115 sublinebant,
2119 1052 2286 1117 pisces
2309 1067 2447 1103 mor-

1392 1133 1513 1176 tuos
1543 1134 1631 1179 aut
1655 1135 1860 1179 veteres
1883 1144 1976 1195 pro
1999 1131 2298 1181 recentibus
2322 1145 2448 1181 ven·

1390 1211 1592 1260 (lentes.
1677 1208 1831 1258 Unde
1875 1208 2095 1258 vetitum
2140 1208 2451 1273 quandoque

1388 1286 1632 1349 Athenis,
1653 1298 1721 1333 ne
1736 1298 1825 1334 eos
1839 1299 1968 1349 aqua
1984 1285 2262 1348 irrigarent
2276 1301 2292 1347 ς
2312 1284 2457 1350 quod·

1388 1366 1566 1416 facere
1603 1364 1788 1423 solent,
1808 1370 1866 1412 nt
1888 1370 2127 1413 recentes
2151 1363 2447 1414 Videantnr.

1388 1442 1460 1492 Et
1482 1455 1582 1491 non
1605 1441 1771 1490 solum
1791 1438 1849 1489 τὸ
1862 1438 2039 1503 νεαρὸν,
2062 1441 2153 1489 sed
2177 1446 2232 1489 et
2254 1441 2453 1505 magni-

1390 1519 1517 1571 tudo
1564 1518 1780 1583 piscium
1825 1517 2103 1566 notabatur
2140 1532 2171 1567 a
2204 1516 2457 1566 delicatis·

1389 1596 1487 1646 illis
1510 1594 1818 1659 gurgitibus.
1853 1592 1991 1643 Vide
2010 1593 2251 1644 Juvenal.
2274 1594 2449 1657 Satyr.

1387 1679 1438 1724 4.
1475 1672 1667 1724 Horat‘.
1683 1676 1782 1722 ὅτε.
1849 1671 1989 1723 Gula
2009 1671 2185 1735 itaque
2201 1672 2297 1720 τῶν
2316 1658 2463 1733 φιλό-’

1388 1754 1486 1814 xpm
1508 1750 1677 1814 pisces
1716 1756 1823 1799 tam
1856 1758 2005 1796 caros
2028 1747 2372 1810 concinnavit,
2395 1754 2457 1797 ut·

1383 1830 1526 1879 Cato
1563 1826 1793 1876 dixerit=
1851 1825 2034 1874 Romae
2072 1824 2232 1888 pluris
2272 1823 2454 1874 venire

1392 1906 1608 1969 piscem,
1645 1917 1797 1968 quam
1840 1900 2044 1951 bovem.
2128 1899 2242 1951 Nec
2285 1903 2452 1951 solum

1390 1985 1600 2043 Romae3
1635 1981 1726 2030 sed
1751 1986 1806 2030 et
1831 1981 1882 2029 in
1901 1980 2111 2030 Graecia
2126 1979 2371 2029 carissimi
2396 1985 2456 2029 et

1390 2059 1748 2123 pretiosissimi
1783 2058 1985 2121 piscesz
2036 2056 2176 2105 unde
2216 2054 2454 2105 Corinthi

1390 2138 1508 2202 lege
1533 2141 1743 2185 cautum
1767 2141 1894 2195 erat,
1921 2148 1987 2182 ne
2022 2133 2136 2197 quis
2158 2132 2209 2181 in
2232 2132 2455 2181 macello

1389 2215 1556 2278 pisces
1579 2226 1720 2276 saepe
1742 2217 1960 2273 emeret,
1992 2211 2089 2259 nisi
2112 2208 2199 2275 qni
2222 2214 2313 2257 ant
2331 2221 2453 2258 ceu-

1389 2299 1503 2337 sum
1525 2301 1692 2348 suum,
1716 2293 1807 2336 aut
1829 2292 1992 2335 artem
2010 2300 2112 2351 qua
2131 2285 2292 2334 vitam
2314 2290 2453 2334 tuta-

1392 2362 1550 2413 batur
1593 2363 1817 2427 probare
1869 2369 2068 2426 posset.
2153 2361 2315 2410 Ratio
2350 2359 2454 2422 est,'

1393 2440 1514 2505 quia
1535 2454 1638 2489 non
1669 2445 1888 2503 possunt
1925 2452 2178 2503 pauperes
2214 2437 2360 2488 laute
2386 2436 2453 2485 si·

1394 2517 1500 2567 mul
1533 2523 1588 2566 et
1626 2518 1930 2565 innocenter
1967 2515 2159 2564 vivere.
2192 2512 2452 2563 Heu-aldan.

1395 2593 1588 2657 Pisces]
1649 2593 1832 2642 Pisces
1881 2606 2006 2641 vero
2048 2591 2102 2639 in
2145 2586 2452 2639 lautioribus

1394 2670 1646 2722 conviviis
1673 2671 1862 2734 primas
1887 2667 2169 2717 habebant.
2239 2660 2455 2728 (leuony-³

1394 2750 1483 2814 lia]
1506 2749 1716 2798 Ostrea.
1783 2744 1984 2808 Sumen]
2017 2745 2294 2809 Epignu.
2315 2743 2350 2792 l.
2370 2748 2451 2793 13.

1462 2830 1525 2875 14
1560 2826 1720 2874 Cor-tis
1756 2824 1966 2888 saturas]
2020 2821 2276 2872 Gallinas.
2329 2819 2457 2884 Epi-

1397 2917 1610 2967 gramm.
1649 2907 1730 2954 30.
1777 2902 1870 2952 lib.
1891 2905 1941 2952 7.
1978 2914 2114 2950 vers.
2137 2903 2184 2948 1.
2250 2897 2455 2947 Paludis
2632 2924 2657 2955 4

1392 2978 1526 3043 aves]
1554 2980 1773 3029 Anates.

1458 3062 1520 3108 16
1558 3058 1662 3107 Nec
1683 3056 1851 3119 Stella,
1870 3053 1977 3119 lym}
2007 3054 2130 3104 Non
2151 3053 2273 3116 ipse
2282 3052 2454 3102 lautus

1394 3141 1451 3185 et
1486 3134 1670 3185 nobilis
1705 3133 1888 3195 Stella,
1928 3130 1995 3181 de
2038 3143 2141 3196 quo
2172 3129 2346 3194 Epigr.
2368 3132 2455 3177 784

1391 3212 1480 3263 111).
1505 3216 1556 3262 8.
1575 3219 1631 3260 et
1654 3210 1792 3260 alibi.

1456 3293 1522 3339 lo
1553 3282 1646 3336 Nil
1665 3285 1875 3336 recitabo
1891 3282 2006 3348 tibi]
2061 3280 2299 3347 Namque
2331 3295 2454 3332 con-

1396 3366 1537 3415 vivas
1572 3378 1690 3415 suos
1722 3365 2020 3428 importuna
2053 3363 2280 3412 lectione
2313 3354 2456 3422 πρὸ

1393 3442 1685 3492 enecabant
1707 3441 1822 3490 istae
1839 3438 2120 3488 hirudines.
2186 3436 2457 3500 Epigram.

1393 3525 1476 3571 79.
1511 3520 1597 3569 111).
1619 3522 1668 3569 6.
1693 3532 1831 3568 vers.
1850 3521 1932 3567 26.
1971 3521 2026 3566 et
2044 3515 2257 3566 Lucian.
2276 3517 2326 3562 2.
2351 3509 2460 3561 Ana

1396 3598 1586 3660 tholog.
1605 3610 1719 3661 cap.
1742 3599 1824 3645 47.

1463 3679 1526 3724 17
1564 3676 1672 3738 Ipse
1708 3680 1814 3722 taos
1848 3670 2001 3733 nobis,
2035 3669 2144 3732 ξω]
2184 3664 2269 3715 Tu
2309 3661 2459 3712 nobis

1396 3754 1538 3816 legas
1561 3748 2037 3815 Gigantomacbiam
2063 3760 2093 3793 a
2115 3751 2168 3792 te
2190 3741 2458 3802 scriptam,

1399 3838 1455 3879 et
1499 3829 1761 3892 Georgica
1795 3834 1902 3887 tua,
1938 3820 2145 3886 Virgilii
2181 3814 2457 3879 Georgicis

1398 3918 1503 3956 non
1524 3904 1781 3954 cedentia.

1466 3987 1530 4032 18
1563 3982 1717 4041 Rura,
1737 3977 1857 4043 ξω]
1878 3976 1998 4039 Α111,
2022 3976 2170 4023 Rara.
2203 3969 2356 4019 Per‘
2375 3981 2459 4018 rn-

1369 4056 1372 4061 ⁴
1399 4061 1485 4111 ra’
1509 4073 1632 4108 vero
1654 4057 1839 4117 innuit,
1870 4067 1991 4104 eum
2019 4049 2278 4112 Georgica
2294 4045 2459 4110 scrip⁴

1399 4137 2057 4263 ⁸1⁸{sienim1.111'.Claudiam
2077 4201 2318 4252 Rufinam
2343 4199 2460 4249 Bri·

1404 4299 1614 4344 tannam
1647 4286 1875 4338 laudata
1910 4289 2204 4342 venustate,
2233 4276 2458 4342 ingenio,
