2985 4937
734 423 814 472 M.
861 421 1031 473 vAL.
1083 422 1506 474 MARTlAus
1559 420 1807 473 umen.
1861 423 2003 472 mn.
2049 423 2098 470 1.

2330 398 2505 472 1⁰93

662 598 667 607 ‘'
749 588 1692 714 EPIGRAMMATUM‘
1722 632 1941 712 Lm.
1986 638 2060 713 1.

363 814 549 863 Emer.
580 824 679 861 -Αυ
725 806 1048 862 Lemonum.
1121 809 1364 876 Quisquis.

299 892 398 956 qe]
419 890 672 956 Quisquis
686 889 784 940 sibi
803 890 938 940 bene
961 889 1218 953 conscius,
1236 888 1365 937 nihil

301 967 363 1019 ad
404 982 461 1016 se
514 967 784 1031 pertinere
831 966 1214 1030 suspicabitur;
1248 980 1365 1031 quae

299 1057 392 1108 ego
409 1043 507 1095 sub
521 1042 816 1092 nominibus
834 1042 970 1093 fictis
988 1041 1332 1107 reprehendo.

360 1122 506 1171 Salva
532 1120 831 1186 infimarum]
899 1121 1030 1170 Cum
1070 1120 1258 1169 nullius
1290 1117 1366 1168 fa·

297 1213 449 1260 mam,
473 1212 578 1247 nec
610 1197 1004 1260 postremissimi
1028 1197 1254 1260 quidem,
1279 1210 1367 1246 no-

298 1275 531 1325 minatim
553 1275 756 1325 laedam.
810 1274 995 1338 Epigr.
1027 1277 1109 1322 83.
1129 1272 1264 1323 libro
1290 1277 1368 1324 1⁰.

298 1368 429 1404 vers.
452 1359 505 1403 9.

300 1446 301 1451 ¹
357 1429 619 1494 dationis]
698 1428 918 1489 Lucilio,
956 1427 1044 1492 qui
1072 1422 1369 1490 Metellum,

296 1508 521 1572 Lupum,
564 1506 793 1556 Matium
823 1503 1127 1554 nominatim
1166 1503 1365 1552 secuit:
1398 1496 1405 1507 ‘

296 1586 522 1647 Catullo,
547 1584 635 1649 qui
659 1585 1012 1633 Mamurramz
1063 1580 1367 1630 Metrodoro

293 1661 543 1725 Scepti03
580 1659 839 1709 Ortacilio
861 1665 917 1709 et
940 1658 1073 1708 aliis.

298 1770 301 1775 -
363 1738 509 1788 Veris
559 1737 718 1800 abasi]
821 1735 1082 1800 Propriis,
1137 1747 1236 1799 ego
1280 1748 1367 1783 an-

297 1821 398 1866 tem
420 1814 568 1864 fictis
590 1820 648 1863 et
668 1812 1031 1877 supposititiis.

301 1916 306 1928 ·
356 1891 588 1957 Magnis]
650 1891 979 1953 Magnetum.

365 1968 512 2030 Vilis,
556 1967 664 2032 qm]
739 1967 911 2018 Quam
936 1971 999 2015 ut
1036 1965 1369 2015 innotescere

297 2045 474 2107 velim,
514 2043 807 2109 famamque
847 2043 1095 2107 aucupari
1139 2058 1205 2093 ex
1243 2042 1369 2092 alio-

298 2120 684 2186 rum-infamia,
719 2121 856 2187 quod
877 2120 1124 2171 fecerunt
1163 2120 1371 2171 veteres

298 2201 389 2252 illi.
438 2226 441 2229 >

361 2275 631 2340 Probetar]
723 2278 897 2327 Famae
944 2276 1099 2326 alieni
1146 2275 1367 2326 nominis

278 2354 493 2420 ingenii
515 2355 617 2404 mei
656 2353 844 2403 famam
883 2360 1167 2418 postpono.
1234 2351 1369 2403 Aliis

300 2447 487 2499 parco,-
503 2432 631 2482 alios
649 2431 1062 2495 revereor,‚alios
1082 2430 1256 2493 laudo,
1273 2430 1367 2480 mi-

262 2561 267 2566 .
299 2512 491 2562 nimum
518 2509 686 2561 laudis
711 2523 889 2575 quaero
911 2523 976 2557 ex
997 2509 1207 2572 ingenio
1236 2522 1370 2572 meo,

298 2588 443 2652 hnic,
466 2588 512 2638 si
535 2603 640 2653 qua
661 2587 903 2649 debetur,
935 2583 1162 2635 omnium
1197 2585 1368 2634 novis-

301 2664 431 2718 sime
453 2666 612 2715 detur
632 2665 745 2714 laus
765 2680 781 2713 ε
817 2664 902 2713 vel
926 2662 1180 2727 probetur
1201 2662 1255 2711 in
1284 2675 1368 2710 me

300 2742 552 2807 simplicis
590 2740 903 2806 candidique
939 2738 1134 2803 ingenii
1175 2753 1368 2788 novum

299 2820 398 2873 hoc
420 2824 792 2883 commentum,
827 2834 932 2884 quo
973 2817 1113 2867 vitia
1133 2829 1371 2882 carpens,

302 2913 554 2964 personas
580 2905 812 2949 taceam.
848 2892 1191 2956 Nouissimam]
1236 2893 1368 2957 -Vel‚

303 2978 440 3040 malo
480 2975 618 3025 enim
661 2975 890 3040 abjicere
921 2972 1110 3022 famam
1153 2969 1369 3034 ingenii,

305 3069 457 3120 qnam
472 3054 610 3103 male
627 3052 920 3115 ingeniosus
939 3050 1104 3100 videri
1125 3065 1141 3110 3
1176 3048 1259 3098 vel
1273 3047 1371 3098 sim

304 3136 596 3195 postremus
649 3129 1055 3193 ingeniosorum,
1104 3131 1161 3175 et
1198 3124 1369 3174 malim

307 3220 407 3257 non
443 3215 682 3271 argutus,
715 3206 806 3256 sed
840 3204 1002 3255 hebes
1045 3212 1101 3253 et
1132 3202 1369 3267 stupidus

306 3283 494 3346 videri,
535 3298 690 3348 quam
727 3297 844 3332 cum
891 3281 1127 3331 aliorum>
1155 3277 1372 3330 infamia

308 3371 489 3413 acutus
515 3362 618 3412 dici
639 3367 696 3411 et
711 3368 928 3425 argutus
950 3359 1144 3409 haberi.
1204 3359 1331 3408 aaa.

368 3441 598 3489 Jocorum
642 3437 825 3502 simpl]
858 3438 1136 3490 ,Jocorum
1181 3435 1373 3499 simpli·

307 3516 522 3567 citatem
562 3515 800 3581 appellat
818 3514 1078 3564 Martialis
1097 3514 1373 3577 ingenuam

311 3593 563 3657 quandam
599 3601 654 3643 et
694 3593 1020 3644 innocentem
1058 3595 1110 3643 in
1147 3593 1284 3658 jocis
1318 3593 1375 3641 li·

309 3670 588 3720 bertatem.
651 3670 888 3733 Simplici
942 3668 1228 3735 opponitur
1271 3683 1376 3719 ma·

308 3747 493 3811 lignus.
563 3746 771 3796 Herald.

335 3865 341 3875 .
363 3826 614 3887 Maligna-s
640 3822 898 3887 interpres]
940 3821 1131 3870 Omnia
1158 3819 1213 3870 in
1232 3820 1395 3885 pejo·‘

311 3916 416 3952 rem
442 3908 646 3966 partem
667 3907 899 3962 vertens,
925 3906 981 3948 et
1005 3897 1202 3948 autoris
1235 3911 1377 3946 men·

303 3983 416 4028 tem
438 3977 541 4027 alio
566 3976 860 4026 traducens.

375 4053 590 4115 Scribat,
652 4052 760 4116 ism]
841 4052 997 4102 Nova
1061 4051 1379 4115 interpreta-

312 4130 451 4181 tione
472 4145 570 4180 sua
592 4128 787 4190 faeiat3
808 4129 963 4179 aliter
985 4135 1148 4194 atque
1167 4143 1262 4193 ego
1287 4129 1376 4193 qni

315 4207 501 4271 scripsi
518 4206 792 4269 intelligat.
825 4207 1099 4257 ‘Persium
1117 4221 1219 4256 non
1249 4220 1376 4257 curo

314 4282 505 4348 legere,
525 4284 762 4348 Laelium,
781 4283 1072 4335 Decianum
1097 4285 1231 4335 volo.
1274 4283 1378 4334 Na·

318 4368 486 4416 sutum
509 4363 646 4429 volo,
664 4375 768 4428 ηομ
785 4362 1129 4430 polyposum.’
1168 4355 1376 4414 Nunnio

1439 813 1474 864 1.
1499 816 1548 862 9.
1574 827 1620 864 c.
1641 815 1691 863 4.
1709 811 1948 864 Act-asel.-
1980 827 2100 862 uam
2131 809 2330 876 ’γράφειν
2351 810 2506 864 Grae—

1439 891 1514 940 cis
1537 890 1694 940 etiam
1727 898 1829 953 est,
1865 904 2099 954 accusare,
2120 890 2412 953 praesertim
2448 890 2504 940 in

1438 965 1667 1030 publicis
1678 966 1915 1032 judiciis,
1942 966 2219 1016 Terentius
2235 982 2260 1016 :⁴
2284 966 2301 994 ‘
2318 966 2506 1017 Dicam
2558 1002 2560 1004 -

1441 1044 1538 1095 tibi
1564 1044 1786 1094 scribam
1814 1043 2102 1108 grandem?
2207 1064 2211 1071 ·

1507 1120 1916 1184 Licentiam,l5·c.]
1978 1120 2318 1170 Locutionem
2354 1133 2506 1185 aper·

1441 1204 1570 1260 tam,
1631 1213 1747 1264 quae
1799 1199 2025 1263 ligonem
2068 1197 2257 1261 ligonis
2299 1196 2506 1246 nomine

1442 1276 1698 1339 designat.
1732 1278 1869 1326 Pliu.
1895 1279 1975 1326 14.
2008 1276 2165 1341 epist.
2186 1279 2236 1325 4.
2261 1275 2291 1327 l.
2326 1277 2342 1303 ‘
2367 1275 2509 1328 nuda

1441 1353 1640 1406 verba?
1658 1355 1949 1420 qualiugua
1959 1354 2235 1418 uonmagis
2247 1354 2506 1405 abstinen-

1442 1432 1570 1481 dum
1594 1433 2069 1497 Epigrammatario
2099 1430 2252 1497 quam
2286 1432 2508 1494 medico,

1443 1509 1528 1559 bic
1551 1510 1688 1559 enim
1712 1524 1921 1574 corpus,
1942 1509 2033 1558 ille
2066 1509 2293 1558 animum
2322 1521 2508 1559 sanare

1443 1588 1573 1636 vult.
1608 1586 1775 1635 morbi
1808 1587 1981 1651 itaque
2015 1591 2070 1634 et
2106 1585 2239 1635 vitia
2281 1584 2506 1649 propriis

1442 1662 1736 1713 nominibus
1780 1662 2114 1727 designanda.
2217 1659 2509 1724 Veritatem]

1441 1739 1530 1790 Sic
1567 1739 1833 1789 Gruterus
1871 1755 1900 1788 e
1934 1740 2065 1788 MsS.
2108 1752 2211 1788 non
2243 1738 2508 1789 licentiam.

1445 1817 1516 1866 Et
1560 1816 1723 1865 multo
1769 1823 1850 1865 est
1902 1814 2226 1879 elegantiusz
2277 1814 2381 1863 etsi
2424 1828 2508 1863 res

1443 1894 1629 1944 eodem
1652 1893 1872 1944 recidat.
1938 1893 2026 1942 Sic
2051 1899 2204 1941 vocat
2226 1905 2329 1940 non
2366 1889 2511 1940 dissi-

1443 1973 1713 2035 mulatam,
1770 1985 1867 2020 nec
1917 1970 2189 2020 obscuram
2236 1967 2508 2018 verborum

1442 2050 1746 2100 lasciviam:
1802 2062 1921 2109 uam
1978 2048 2198 2097 veritas
2224 2045 2511 2094 dissimula·

1445 2127 1578 2177 tioni
1597 2124 1880 2188 contraria,
1904 2123 2152 2174 locutioni
2178 2126 2378 2186 aperta,
2404 2124 2509 2170 ὅτε.

1399 2222 1403 2229 ⁴
1448 2203 1663 2252 Gronov.

1518 2278 1933 2344 Epigrammatou]
2007 2277 2146 2328 Gen.
2189 2277 2323 2340 plur.
2359 2275 2512 2326 Gra’-

1447 2371 1555 2408 cus.

1513 2433 1572 2484 Si
1604 2448 1777 2497 meum,
1813 2432 1921 2497 tra]
1974 2431 2037 2482 Si·
2050 2445 2150 2496 ego
2174 2429 2285 2495 jam
2316 2429 2511 2494 primus

1447 2512 1545 2566 boc
1567 2510 1819 2574 facerem,
1841 2524 1939 2561 nec
1964 2509 2051 2558 alii
2074 2513 2198 2558 ante
2238 2521 2321 2556 me
2358 2505 2514 2556 fecis-

1446 2595 1582 2639 sent.
2488 2598 2495 2607 ·

1517 2663 1749 2727 Catullus,
1818 2660 1921 2727 θα]
2005 2660 2514 2724 Epigrammatogra·

1447 2741 1599 2805 plius.
1652 2739 1834 2790 Sidou.
1872 2743 1922 2789 9.
1968 2752 2126 2787 carm.
2168 2734 2386 2802 Gyrald.
2420 2734 2512 2786 vit.

1448 2818 1605 2869 Poiit.
1624 2826 1683 2868 et
1706 2826 1881 2877 noster
1904 2832 2046 2880 saepe
2068 2814 2220 2866 infra.

1515 2895 1633 2945 Tam
1683 2893 1948 2951 ambitiose,
2002 2892 2109 2958 ἅμα]
2192 2892 2363 2955 Supra
2406 2902 2516 2939 mo-

1449 2972 1573 3023 dum
1598 2977 1651 3021 et
1668 2969 1920 3022 affectate
1944 2969 2122 3019 tristis.

1516 3049 1707 3112 Latiae,
1747 3049 1855 3112 eya]
1935 3044 2273 3110 Simpliciter,
2314 3050 2516 3107 aperte,

1449 3125 1563 3188 sine
1585 3125 1802 3189 ambage
1821 3132 1909 3174 aut
1925 3123 2066 3186 fuco,
2084 3123 2160 3172 ita
2177 3122 2294 3171 Cic.
2307 3125 2357 3170 6.
2390 3121 2517 3170 Ver.

1447 3205 1464 3234 ‘
1488 3205 1676 3255 Latine
1704 3220 1787 3254 me
1820 3204 2011 3254 scitote
2051 3217 2154 3252 non
2185 3200 2515 3252 accusatorie

1448 3284 1669 3352 loquor.’
1690 3285 1810 3335 vide
1824 3291 1880 3333 et
1893 3282 2061 3347 epigr.
2079 3286 2162 3333 21.
2177 3282 2213 3331 1.
2228 3282 2310 3330 11.
2345 3279 2515 3329 Porro

1447 3364 1624 3415 Latini
1656 3361 1915 3427 simplices
1934 3367 1990 3409 et
2011 3358 2223 3422 ingenui
2252 3355 2518 3424 habeban-

1452 3448 1574 3492 tur..
1592 3439 1727 3489 Vide
1748 3436 1980 3487 Turneb.
2002 3437 2040 3485 l.
2062 3439 2160 3484 24.
2177 3449 2224 3484 c.
2247 3439 2297 3485 ὅ.

1524 3514 1709 3578 Titulo]
1754 3513 1870 3565 Lib.
1902 3513 2366 3577 Epigrammaton}
2395 3523 2518 3575 quo·

1451 3591 1565 3644 rum
1589 3594 1814 3656 lingnam
1831 3592 2083 3642 lascivam.
2104 3596 2160 3639 et
2192 3587 2517 3637 licentiosam

1453 3686 1566 3721 esse
1585 3677 1897 3735 oportet,-ut
1920 3682 2079 3732 supra
2102 3667 2190 3716 lin.
2210 3669 2257 3714 1.

1518 3747 1764 3812 Florales]
1833 3745 2061 3796 Floralia
2105 3741 2257 3792 fuere
2312 3745 2519 3804 specta.

1439 3826 1573 3889 „cula
1610 3824 1676 3874 ad
1712 3824 1908 3873 cultum
1945 3823 2117 3871 Florae
2142 3819 2307 3879 Deae3
2341 3817 2517 3878 dignae

1453 3904 1555 3953 illis
1573 3902 1755 3964 sacris,
1774 3899 2018 3950 instituta
2030 3896 2186 3959 faeda,
2206 3895 2520 3961 penitusque

1453 3979 1616 4029 castis
1637 3978 1826 4040 oculis,
1847 3977 1954 4026 imo
1974 3974 2184 4025 auribus
2228 3980 2285 4023 et
2309 3971 2520 4035 cogita-

1454 4056 1677 4106 tionibus
1699 4050 2042 4115 excludenda,
2065 4059 2249 4101 contra
2274 4066 2388 4116 quae
2415 4064 2522 4103 ma·

1441 4132 1588 4197 jores
1643 4130 1809 4181 nostri
1865 4129 2107 4178 certatim
2148 4127 2521 4181 declamarunt.

1454 4213 1695 4261 Lactant.
1711 4213 1772 4260 1.ι
1787 4206 1965 4255 Instit.
1978 4205 2260 4267 Angustia.
2277 4204 2342 4253 de
2361 4204 2519 4255 Civit.

1448 4286 1561 4337 Dei
1584 4288 1620 4339 1.
1640 4292 1692 4340 4.
1714 4301 1762 4338 c.
1783 4288 1836 4335 8.
1870 4273 2300 4348 snus-...opinatam
2315 4282 2520 4347 judicio

1451 4378 1591 4416 max.
