2985 4937
719 380 803 428 ιι.
851 379 1023 428 νΑι..
1069 374 1487 427 nimirums
1538 360 1789 429 arma.
1838 382 1982 430 ma.
2033 378 2162 434 vu.

348 523 558 575 Electra
579 538 757 576 sorore
782 525 1058 590 subducto,
1094 533 1151 577 et
1181 540 1211 575 a
1234 526 1411 591 paeda·

346 616 477 665 gogo
516 603 571 652 in
607 596 891 654 Phocidem
914 605 1411 668 sublat03undere-

345 692 539 741 versus,
562 680 745 729 matris
774 681 1204 745 effide-patrissui
1228 697 1409 732 necem

343 754 499 817 ultus,
521 770 723 811 rursum
745 757 994 809 exulavit.
1059 759 1272 808 Electra
1306 760 1406 809 Eu·

340 830 438 893 rip.
462 838 517 891 et
535 831 848 903 Sophoclis.
1393 880 1398 887 .

404 912 465 958 lo
499 908 747 974 Duorum]
803 911 1012 962 Orestis
1045 917 1101 961 et
1145 913 1402 963 Caesonii·

339 985 518 1043 ovidii
544 995 603 1038 et
628 988 860 1052 Pyladis.
924 989 1100 1053 Majus
1130 997 1187 1040 tu
1224 990 1406 1042 disci-i·-

279 1114 282 1117 ,
336 1076 450 1111 men
476 1064 673 1127 adiisti,
695 1080 726 1114 ο
746 1065 939 1128 Ovidi,
959 1081 1113 1132 qnam
1141 1067 1403 1131 Pyladest

332 1137 416 1187 ille
439 1154 498 1190 se
524 1140 710 1192 Oresti
731 1143 844 1195 sine
865 1145 1099 1208 periculo
1121 1159 1285 1208 prope
1317 1146 1405 1196 ad-

326 1215 504 1277 jimxit
524 1219 804 1269 comitem:
843 1227 898 1269 tu
922 1220 1220 1271 damnatum
1239 1237 1271 1271 a
1287 1223 1401 1273 Cae-

285 1322 288 1323 ⁷
328 1307 445 1344 aare
466 1296 828 1348 crudelissimo
852 1314 953 1349 non
971 1299 1222 1350 dubitasti
1238 1303 1401 1366 sequi.

391 1452 451 1500 11
497 1453 734 1517 Neronis]
779 1454 1134 1505 crudelissimi
1175 1457 1401 1521 tyranni,

331 1530 383 1574 et
403 1528 550 1592 cnjus
591 1530 647 1580 in
681 1545 834 1581 manu
866 1539 980 1582 erat
1016 1541 1068 1582 te
1102 1534 1396 1597 repetiisse,

329 1605 461 1666 quod
489 1607 896 1671 Clytemuaestra
913 1623 1020 1659 :non
1041 1611 1230 1673 potuit.

387 1683 549 1735 Eme.
588 1698 741 1735 xrm.
796 1690 821 1734 1
879 1687 1236 1752 Commendare,
1287 1687 1396 1751 sse]

324 1759 531 1811 Priscus
556 1763 822 1826 pollicitus
844 1763 1019 1815 fuerat
1037 1766 1265 1817 Martiali
1284 1782 1393 1816 mu·

324 1850 445 1897 nus;
486 1840 733 1891 trahebat
756 1850 928 1893 autem
952 1857 1150 1893 moram
1174 1851 1245 1893 ιιι
1266 1845 1392 1893 Car-

324 1913 457 1964 mine
480 1931 596 1981 suo,
619 1919 759 1982 quod
796 1909 1281 1983 Poetaeapprobari
1306 1936 1393 1971 vo

325 1989 436 2053 luit,
465 2006 657 2043 munus
677 2002 982 2045 exornaret:
1022 1995 1210 2059 Poeta,
1238 2011 1390 2062 quem

324 2070 595 2128 premebat
630 2079 858 2134 egestas,
897 2072 1034 2136 petit
1055 2072 1109 2121 id
1132 2072 1229 2122 sibi
1251 2074 1391 2123 mitti

322 2148 567 2212 muneris,
588 2149 675 2198 vei
693 2149 804 2198 sine
821 2149 1089 2199 Carmine·
1075 2185 1090 2210 ‚
1110 2149 1250 2214 quod
1268 2151 1389 2201 utri-

323 2232 420 2283 que
441 2223 629 2275 minori
649 2223 787 2274 foret
809 2226 1088 2275 molestiae.
1169 2276 1174 2279 ,

381 2301 413 2345 4
448 2300 552 2350 Tua
584 2303 646 2350 de
675 2308 868 2361 neutro,
875 2301 1074 2366 Prisce]
1100 2305 1186 2354 De
1207 2311 1386 2355 nostro

319 2371 663 2439 incommodo,
685 2385 742 2428 et
775 2392 879 2429 non
910 2379 1020 2429 sine
1042 2379 1231 2431 damno
1251 2397 1386 2445 meo,

323 2448 411 2500 tibi
423 2455 629 2517 plaees'
614 2471 668 2505 ιιι
687 2463 778 2514 tuo
802 2457 1071 2521 Carmine3
1104 2459 1241 2523 quod
1261 2458 1383 2508 dum

320 2530 604 2597 meditaris,
623 2548 926 2598 egomunus
949 2535 1210 2589 desidero.
1251 2536 1384 2585 Tur·

321 2606 477 2660 nebus
520 2611 613 2660 lib.
659 2615 739 2660 24.
772 2625 891 2675 cap.
926 2615 1008 2661 28.
1045 2611 1196 2675 legit,
1240 2617 1383 2662 tacet.

322 2682 466 2734 Quod
491 2688 632 2737 enim
650 2702 831 2744 versus
849 2688 1080 2745 scribere
1097 2703 1158 2752 se
1170 2703 1382 2744 accura-

320 2764 394 2808 tos
416 2762 818 2826 simularem-‚vel
853 2765 1010 2814 etiam
1039 2765 1383 2823 meditaretur

261 2863 268 2866 Δ
320 2842 384 2892 et·
411 2846 657 2907 tanquam
702 2842 1007 2904 ruminaret,
1043 2856 1142 2891 nec
1179 2844 1382 2900 interea

319 2911 450 2964 dona
468 2919 796 2980 remitteret3
827 2918 1087 2968 silentium
1124 2920 1241 2983 ejus
1279 2934 1382 2970 me·
1409 2965 1412 2972 k

313 2990 413 3039 rito
435 2994 532 3044 sibi
555 2995 892 3060 conqueritur
913 2995 1218 3045 damnosum
1241 2997 1381 3054 Mar-

322 3066 471 3119 tialis.
540 3072 710 3126 Thalia
728 3070 906 3135 placet]
943 3072 1123 3137 Epigr.
1142 3077 1221 3124 16.
1244 3087 1379 3127 vers.

318 3145 365 3191 4.
381 3159 551 3211 supra,
572 3148 739 3206 etlib.
759 3153 810 3199 4.
830 3149 1016 3211 Epigr.
1038 3152 1086 3199 8.
1106 3163 1237 3200 vers.
1263 3155 1343 3208 12.
1417 3165 1418 3168 ’

359 3225 409 3270 .6
442 3225 653 3277 Munera
678 3241 805 3291 pexa
839 3226 975 3290 dato]
1006 3227 1221 3282 Vestem
1252 3243 1377 3293 pex-

320 3307 426 3353 am..
462 3301 568 3357 Alii
608 3304 793 3367 legunt
823 3303 1081 3367 pleaatssid
1117 3312 1218 3367 est,
1243 3320 1377 3369 ,quoq

321 3385 422 3424 rum
445 3380 612 3441 gratia
629 3393 728 3428 non
751 3379 1055 3428 diminuitur
1076 3394 1236 3429 mora.
1274 3380 1376 3430 Alii

317 3450 451 3509 plana
466 3472 482 3504 .·
512 3457 565 3506 id
588 3463 689 3519 est,
708 3456 903 3521 absque
928 3457 1270 3510 Carminibus.

357 3530 532 3583 Eme.
578 3548 772 3586 xum..-
818 3534 1146 3586 Gratulatnr·
1173 3536 1375 3587 Licinio

321 3605 531 3660 reditum
556 3612 608 3661 iu
632 3612 812 3673 vitam,
850 3625 968 3676 quae
985 3612 1098 3674 jam
1122 3610 1189 3660 ab
1212 3613 1376 3662 omui·

321 3677 406 3730 bus
441 3686 714 3752 deplorata
749 3696 804 3737 et
832 3687 1375 3754 conclamatafuerat,

221 3769 224 3770 ⁷
320 3754 645 3830 hortaturque
667 3774 725 3815 ut
748 3766 995 3831 reliquam
1020 3767 1143 3816 vitoe
1168 3774 1373 3831 partem

1361 3887 1372 3900 ,
1446 3856 1556 3903 eos,
1580 3841 1667 3905 qui
1689 3854 1790 3888 non
1814 3838 1967 3888 inulti
1988 3837 2292 3886 moriuntur.
2355 3837 2519 3898 Luca-

248 3869 258 3885 .
320 3838 456 3891 genio
477 3841 765 3905 indulgeat.
800 3843 933 3898 Rad.
1146 3881 1150 3892 ,

348 3917 404 3960 l
437 3916 560 3968 Sara
585 3919 864 3983 virorum]
882 3893 970 3969 Sic
1010 3919 1216 3974 Plinius
1251 3889 1369 3971 ⁸Sec.

322 3988 395 4036 30
417 3992 580 4057 Epist.
607 4000 660 4047 4.
682 3998 776 4046 lib.
807 3998 1120 4050 ‘Aitissima
1129 4001 1244 4049 ista
1250 4013 1370 4049 ern-

321 4062 500 4121 ditione
522 4081 614 4124 tua
654 4074 998 4137 dignissimam
1032 4075 1238 4140 quaest.’.
1271 4080 1368 4128 &c.

377 4146 407 4191 2
440 4148 580 4212 cidus
613 4151 789 4215 prisca,
820 4151 929 4214 θα]
986 4152 1143 4216 Cujus
1166 4154 1371 4209 sincera

245 4225 248 4230 ’
322 4222 495 4286 oratio,
530 4228 985 4292 ‹tt-,antiquitatem
1021 4228 1246 4291 sapiens,
1278 4246 1366 4280 ex-

325 4294 491 4354 primit·
516 4306 825 4369 gravitatem
855 4313 911 4355 et
941 4319 1107 4355 mores
1134 4313 1365 4362 veterum

2378 369 2552 436 1287

1481 525 1687 577 illorum
1714 529 1991 580 Romanor.

1548 608 1578 653 3
1599 605 2011 671 „Reddet-usqe]
2062 607 2273 658 Quanto
2308 622 2401 658 nos
2429 609 2547 661 bea-

1481 679 1590 730 rint
1631 696 1843 732 munere
1883 684 2086 742 Parcae,
2127 699 2242 749 quae
2284 692 2336 735 te
2381 701 2547 751 prope

1482 764 1739 809 mortuum
1763 764 1885 810 vitae
1909 761 2289 812 restituerunt..
2506 824 2509 827 .

1536 841 1576 885 .6
1615 838 1856 900 Tristitia,
1890 844 1943 893 Aet
1979 839 2202 904 lacrymis
2223 839 2416 904 jamque
2435 856 2546 904 per-

1477 919 1623 975 actas,
1646 916 1775 979 eras]
1831 917 2099 982 Tanquam
2138 918 2341 966 incerta
2375 926 2569 967 morte.

1479 990 1883 1055 deposueramus
1898 1034 1907 1053 ,Δ
1925 1002 2110 1058 spem„
2142 1001 2195 1042 et
2239 1008 2356 1057 cum
2412 995 2546 1044 votis

1477 1078 1674 1121 metum
1697 1086 1974 1136 curamque
1997 1086 2091 1135 pro
2115 1079 2188 1133 te,
2208 1071 2296 1136 qui
2310 1070 2422 1134 jam
2448 1086 2541 1135 pro

1476 1154 1685 1197 mortuo
1706 1149 2008 1213 deploratus
2037 1161 2171 1198 eras
2177 1155 2233 1197 et
2255 1150 2546 1205 conclama·
2580 1196 2583 1201 .

1477 1231 1580 1277 tus.
1654 1270 1657 1275 ,

1540 1307 1571 1351 7
1609 1304 1738 1353 Non
1759 1304 1893 1365 tulit,
1928 1302 2036 1367 ὅτι]
2088 1261 2240 1353 Vidit
2273 1261 2540 1369 sensitque

1472 1379 1651 1440 Pluto,
1688 1395 1744 1429 se
1778 1396 1880 1430 non
1903 1379 2018 1430 fore
2052 1378 2281 1430 ferendo
2292 1380 2539 1430 invidiam
2574 1424 2579 1429 .

1473 1462 1530 1505 et
1552 1457 1787 1520 querelas
1818 1457 2101 1518 hominum,
2144 1464 2197 1506 te
2224 1457 2541 1520 lugentium,

1469 1532 1733 1598 ipsiusque
1767 1535 2111 1597 rapacitatem
2136 1534 2502 1584 detestantium
2523 1552 2539 1595 ς

1366 1656 1371 1663 ,
1464 1609 1652 1675 itaque
1691 1609 1884 1673 eripuit
1906 1610 2091 1660 Parcis
2114 1611 2254 1660 colos
2275 1609 2538 1737 fusosque,

1469 1693 1526 1736 et
1549 1691 1602 1735 te
1622 1685 1745 1736 vitae
1765 1686 2041 1736 restituit.

1520 1766 1567 1816 9
1600 1763 1745 1812 Falsa
1773 1763 2005 1827 querelas]
2057 1764 2130 1812 Te
2161 1760 2398 1823 faucibus
2433 1763 2535 1813 suis

1466 1846 1652 1904 erepto
1688 1841 1948 1903 decepta;
1984 1841 2089 1902 vel,
2121 1855 2272 1905 quam
2314 1854 2433 1889 nos
2434 1854 2536 1891 ve.-

1468 1931 1579 1973 ram
1629 1918 1977 1982 putabamus·
1963 1954 1978 1979 ,
2035 1924 2191 1983 teque
2237 1930 2360 1966 vere
2386 1931 2536 1971 ιιιοι-

1467 2000 1630 2044 tuum.

1532 2076 1595 2121 10
1629 2072 1830 2123 Frueris
1850 2032 2140 2136 posteritate
2161 2072 2269 2136 tua]
2290 2054 2362 2121 Et
2383 2038 2533 2136 quasi

1464 2148 1726 2207 redivivus
1758 2151 1930 2200 sentis
1963 2165 2114 2215 quam
2156 2150 2364 2207 charus
2373 2149 2532 2198 fueris

1463 2223 1634 2288 nobis,
1657 2232 1901 2291 tanquam
1921 2226 2155 2289 posteris
2189 2225 2291 2275 tuis
2323 2223 2532 2285 futuris.

1462 2301 1600 2353 Plin.
1624 2303 1795 2367 Epist.
1822 2308 1866 2352 l.
1889 2301 1979 2352 lib.
2002 2307 2054 2353 2.
2080 2304 2098 2355 ,‘
2122 2302 2362 2366 Triginta
2385 2303 2531 2351 anuis

1461 2379 1640 2443 gloriae
1657 2394 1764 2431 suae
1787 2379 2092 2443 supervixit.
2162 2378 2318 2441 Legit
2333 2379 2531 2440 scripta

1460 2456 1528 2505 de
1567 2471 1623 2505 se
1662 2456 1935 2511 Carmina.
1971 2456 2101 2520 legit
2145 2457 2438 2517 Historias;
2472 2462 2532 2506 et

1459 2534 1761 2598 posteritati
1785 2548 1890 2588 suae
1922 2531 2202 2583 interfuit.
2336 2581 2339 2582 γ

1526 2615 1588 2659 11
1630 2610 1746 2661 Vive
1765 2612 1888 2666 velat
1904 2615 2062 2680 rapto,
2076 2608 2186 2672 δια]
2221 2608 2410 2664 Mortis
2433 2608 2526 2659 ita-

1457 2701 1577 2750 que,
1606 2701 1770 2751 quam
1792 2686 2024 2748 evasisti,
2051 2699 2267 2747 memor,
2291 2700 2441 2749 rape
2459 2685 2530 2734 vi-

1458 2773 1526 2813 tae
1552 2763 1816 2816 restitutae
1834 2761 2043 2826 gaudia.
2112 2761 2184 2810 Et
2202 2762 2348 2826 quasi
2384 2768 2525 2818 utra„-

1454 2855 1557 2905 que
1594 2855 1750 2889 manu
1790 2840 2111 2904 amplectere
2145 2838 2303 2896 uitam
2348 2836 2526 2901 fugiti-

1453 2932 1590 2979 vam,
1623 2924 1680 2966 et
1701 2924 1756 2966 te
1779 2923 1947 2966 totum
1982 2915 2046 2964 da
2083 2914 2364 2965 commodis
2394 2929 2523 2978 prae-

1453 2993 1616 3043 sentis
1648 2995 1792 3056 vitae,
1835 2991 1981 3059 (vide
2021 2992 2202 3058 Epigr.
2238 2995 2316 3043 16.
2350 2991 2442 3042 lib.
2478 2997 2524 3042 l.

1452 3084 1590 3120 vers.
1613 3069 1686 3135 9.)
1707 3071 1803 3119 tibi
1826 3078 2110 3134 supersteS.
2198 3121 2203 3125 ,

1523 3153 1584 3198 12
1616 3148 1893 3198 Perdiderit
1913 3149 2092 3202 nullum
2109 3146 2256 3210 diem]
2291 3146 2395 3199 Qui
2419 3161 2524 3197 me·

1452 3224 1673 3274 tuebant
1697 3234 1754 3275 et
1774 3225 2033 3275 cavebant
2066 3239 2155 3276 ne
2169 3224 2281 3275 dies
2305 3225 2383 3274 ita
2407 3239 2524 3289 per·

1452 3301 1658 3359 derem,
1705 3302 1865 3352 vitam
1921 3316 1977 3350 se
2028 3314 2217 3363 rapere
2259 3298 2551 3354 dicebant..

1451 3378 1740 3442 Eleganter
1762 3377 1962 3426 Plinius
1985 3376 2072 3427 lib.
2101 3380 2181 3426 14.
2204 3391 2321 3439 cap.
2344 3381 2427 3427 22.
2448 3377 2520 3434 de

1399 3507 1400 3510 ,
1449 3454 1514 3508 iis
1545 3456 1630 3520 qui
1652 3455 1899 3512 hesterna
1933 3455 2149 3518 crapula
2176 3459 2406 3514 mentem
2424 3469 2520 3518 op-

1449 3532 1785 3596 primebant:
1832 3534 1848 3561 ‘
1875 3533 2087 3595 Rapere
2127 3546 2182 3581 se
2230 3531 2308 3581 ita
2358 3531 2518 3584 vitam

1449 3611 1771 3675 praedicant.
1798 3624 1956 3674 quum
1982 3609 2206 3673 priorem
2230 3608 2370 3665 diem
2393 3621 2520 3672 quo-

1449 3688 1581 3737 tidie
1625 3686 1872 3752 perdant‚
1913 3686 2019 3735 imo
2056 3699 2179 3734 vero
2215 3684 2518 3742 etvenien-

1448 3763 1588 3822 tem.’
1638 3765 1724 3813 Sic
1743 3763 2066 3821 lethumnon
2090 3759 2313 3825 perdere
2337 3760 2520 3828 dicunt

1444 3933 1541 3975 nus
1585 3916 1722 3966 libro
1758 3920 1819 3972 3.
1855 3916 2009 3982 ‘Non
2044 3913 2273 3977 perdere
2313 3914 2514 3977 lethum

1445 3996 1681 4054 Maxima
1697 4007 1823 4041 cura
1844 3989 1980 4040 fuit.'
2047 3991 2279 4048 Perdere
2302 4006 2358 4042 se
2377 3992 2537 4047 diem,

1441 4070 1587 4119 illum
1631 4069 1907 4133 putabant,
1952 4079 2104 4133 quem
2133 4081 2236 4117 non
2279 4068 2513 4133 indulge-

1441 4147 1572 4197 bant
1590 4146 1761 4208 genio,
1787 4145 2162 4209 voluptatibus,
2179 4148 2281 4196 διο.
2331 4193 2338 4201 ,
2384 4189 2391 4198 ,

1510 4224 1669 4280 Eme.
1690 4235 1908 4278 ‚xnvnu
1940 4274 1946 4279 ,
1975 4220 2147 4273 Annio
2183 4237 2283 4271 non
2321 4212 2513 4273 desunt

1441 4314 1657 4364 mensae,
1697 4300 1799 4360 imo
1853 4300 1998 4349 dives
2052 4307 2108 4350 et
2149 4300 2321 4349 lautus
2352 4300 2513 4350 habet
