<?xml version="1.0" encoding="UTF-8"?>
<!DOCTYPE html PUBLIC "-//W3C//DTD XHTML 1.0 Transitional//EN"
    "http://www.w3.org/TR/xhtml1/DTD/xhtml1-transitional.dtd">
<html xmlns="http://www.w3.org/1999/xhtml" xml:lang="en" lang="en">
 <head>
  <title>
</title>
<meta http-equiv="Content-Type" content="text/html;charset=utf-8" />
  <meta name='ocr-system' content='tesseract 3.04.00' />
  <meta name='ocr-capabilities' content='ocr_page ocr_carea ocr_par ocr_line ocrx_word'/>
</head>
<body>
  <div class='ocr_page' id='page_1' title='image "./marcivaleriimar09martgoog_0265.png"; bbox 0 0 2985 4937; ppageno 0'>
   <div class='ocr_carea' id='block_1_1' title="bbox 623 422 2045 476">
    <p class='ocr_par' dir='ltr' id='par_1_1' title="bbox 623 422 2045 476">
     <span class='ocr_line' id='line_1_1' title="bbox 623 422 2045 476; baseline 0.003 -5"><span class='ocrx_word' id='word_1_1' title='bbox 623 425 699 472; x_wconf 72' lang='grc' dir='ltr'>Μ.</span> <span class='ocrx_word' id='word_1_2' title='bbox 753 422 925 473; x_wconf 70' lang='lat' dir='ltr'><strong>VAL.</strong></span> <span class='ocrx_word' id='word_1_3' title='bbox 972 424 1391 474; x_wconf 64' lang='lat' dir='ltr'><strong>MART-{Auis</strong></span> <span class='ocrx_word' id='word_1_4' title='bbox 1442 425 1689 476; x_wconf 73' lang='lat' dir='ltr'><strong>umen.</strong></span> <span class='ocrx_word' id='word_1_5' title='bbox 1739 428 1881 476; x_wconf 60' lang='lat'><strong>1218.</strong></span> <span class='ocrx_word' id='word_1_6' title='bbox 1932 427 2045 475; x_wconf 80' lang='lat' dir='ltr'><strong>lx.</strong></span> 
     </span>
    </p>
   </div>
   <div class='ocr_carea' id='block_1_2' title="bbox 193 569 1305 3410">
    <p class='ocr_par' dir='ltr' id='par_1_2' title="bbox 255 569 1293 711">
     <span class='ocr_line' id='line_1_2' title="bbox 310 569 1293 634; baseline -0.002 -14"><span class='ocrx_word' id='word_1_7' title='bbox 310 573 337 620; x_wconf 72' lang='grc' dir='ltr'><strong>ὅ</strong></span> <span class='ocrx_word' id='word_1_8' title='bbox 371 570 596 621; x_wconf 71' lang='grc' dir='ltr'>Νὶιίιῑιιηι</span> <span class='ocrx_word' id='word_1_9' title='bbox 617 570 795 634; x_wconf 74' lang='lat' dir='ltr'><strong>orbem]</strong></span> <span class='ocrx_word' id='word_1_10' title='bbox 837 570 1134 634; x_wconf 79' lang='lat' dir='ltr'><strong>Speculum.</strong></span> <span class='ocrx_word' id='word_1_11' title='bbox 1169 569 1293 633; x_wconf 85' lang='lat' dir='ltr'><strong>Epi·-</strong></span> 
     </span>
     <span class='ocr_line' id='line_1_3' title="bbox 255 648 696 711; baseline 0 -14"><span class='ocrx_word' id='word_1_12' title='bbox 255 661 401 711; x_wconf 70' lang='lat' dir='ltr'><strong>gram.</strong></span> <span class='ocrx_word' id='word_1_13' title='bbox 416 648 696 709; x_wconf 71' lang='lat' dir='ltr'><strong>superiore.</strong></span> 
     </span>
    </p>

    <p class='ocr_par' dir='ltr' id='par_1_3' title="bbox 193 723 1297 1466">
     <span class='ocr_line' id='line_1_4' title="bbox 307 723 1293 787; baseline -0.003 -13"><span class='ocrx_word' id='word_1_14' title='bbox 307 729 337 774; x_wconf 84' lang='grc'>6</span> <span class='ocrx_word' id='word_1_15' title='bbox 365 726 537 774; x_wconf 68' lang='lat' dir='ltr'><strong>«Iudice</strong></span> <span class='ocrx_word' id='word_1_16' title='bbox 562 723 687 787; x_wconf 65' lang='lat' dir='ltr'><strong>totu]</strong></span> <span class='ocrx_word' id='word_1_17' title='bbox 725 725 983 773; x_wconf 77' lang='lat' dir='ltr'>Gruterus</span> <span class='ocrx_word' id='word_1_18' title='bbox 1019 738 1084 771; x_wconf 84' lang='lat' dir='ltr'><strong>ex</strong></span> <span class='ocrx_word' id='word_1_19' title='bbox 1122 723 1293 772; x_wconf 92' lang='lat' dir='ltr'><strong>Palat.</strong></span> 
     </span>
     <span class='ocr_line' id='line_1_5' title="bbox 251 801 1293 865; baseline 0 -16"><span class='ocrx_word' id='word_1_20' title='bbox 251 801 518 865; x_wconf 48' lang='lat' dir='ltr'><strong>legendum¹</strong></span> <span class='ocrx_word' id='word_1_21' title='bbox 544 801 818 851; x_wconf 84' lang='lat' dir='ltr'>contendit</span> <span class='ocrx_word' id='word_1_22' title='bbox 857 806 964 850; x_wconf 76' lang='lat' dir='ltr'><strong>tuta</strong></span> <span class='ocrx_word' id='word_1_23' title='bbox 979 818 995 850; x_wconf 91' lang='lat'><strong>.·</strong></span> <span class='ocrx_word' id='word_1_24' title='bbox 1044 801 1175 850; x_wconf 87' lang='lat' dir='ltr'><strong>adeo</strong></span> <span class='ocrx_word' id='word_1_25' title='bbox 1219 816 1293 850; x_wconf 87' lang='lat' dir='ltr'><strong>sc.</strong></span> 
     </span>
     <span class='ocr_line' id='line_1_6' title="bbox 250 876 1295 941; baseline 0 -15"><span class='ocrx_word' id='word_1_26' title='bbox 250 876 478 926; x_wconf 84' lang='lat' dir='ltr'><strong>confisam</strong></span> <span class='ocrx_word' id='word_1_27' title='bbox 502 879 716 941; x_wconf 90' lang='lat' dir='ltr'><strong>speculo</strong></span> <span class='ocrx_word' id='word_1_28' title='bbox 736 876 961 940; x_wconf 63' lang='lat' dir='ltr'><strong>faciem,</strong></span> <span class='ocrx_word' id='word_1_29' title='bbox 992 885 1052 926; x_wconf 91' lang='lat' dir='ltr'><strong>ut</strong></span> <span class='ocrx_word' id='word_1_30' title='bbox 1074 878 1116 926; x_wconf 87' lang='lat' dir='ltr'><strong>si</strong></span> <span class='ocrx_word' id='word_1_31' title='bbox 1142 879 1207 926; x_wconf 86' lang='lat' dir='ltr'><strong>ab</strong></span> <span class='ocrx_word' id='word_1_32' title='bbox 1232 891 1295 926; x_wconf 90' lang='lat' dir='ltr'><strong>eo</strong></span> 
     </span>
     <span class='ocr_line' id='line_1_7' title="bbox 249 954 1295 1015; baseline 0 -13"><span class='ocrx_word' id='word_1_33' title='bbox 249 954 398 1003; x_wconf 83' lang='lat' dir='ltr'><strong>solum</strong></span> <span class='ocrx_word' id='word_1_34' title='bbox 431 955 769 1015; x_wconf 79' lang='lat' dir='ltr'><strong>laudaretur3</strong></span> <span class='ocrx_word' id='word_1_35' title='bbox 803 954 991 1007; x_wconf 85' lang='lat' dir='ltr'><strong>nullius</strong></span> <span class='ocrx_word' id='word_1_36' title='bbox 1020 961 1132 1004; x_wconf 86' lang='lat' dir='ltr'><strong>toto</strong></span> <span class='ocrx_word' id='word_1_37' title='bbox 1167 954 1295 1004; x_wconf 86' lang='lat' dir='ltr'><strong>orbe</strong></span> 
     </span>
     <span class='ocr_line' id='line_1_8' title="bbox 249 1028 1292 1094; baseline 0.003 -16"><span class='ocrx_word' id='word_1_38' title='bbox 249 1028 606 1085; x_wconf 78' lang='lat' dir='ltr'><strong>reformidaret</strong></span> <span class='ocrx_word' id='word_1_39' title='bbox 631 1031 889 1094; x_wconf 86' lang='lat' dir='ltr'><strong>judicium</strong></span> <span class='ocrx_word' id='word_1_40' title='bbox 919 1045 1292 1083; x_wconf 82' lang='lat' dir='ltr'><strong>censuramve=</strong></span> 
     </span>
     <span class='ocr_line' id='line_1_9' title="bbox 249 1105 1292 1172; baseline 0.003 -17"><span class='ocrx_word' id='word_1_41' title='bbox 249 1106 325 1163; x_wconf 85' lang='lat' dir='ltr'><strong>cui</strong></span> <span class='ocrx_word' id='word_1_42' title='bbox 345 1115 401 1156; x_wconf 83' lang='lat' dir='ltr'><strong>et</strong></span> <span class='ocrx_word' id='word_1_43' title='bbox 413 1107 694 1157; x_wconf 83' lang='lat' dir='ltr'><strong>Petronius</strong></span> <span class='ocrx_word' id='word_1_44' title='bbox 717 1105 1049 1172; x_wconf 78' lang='lat' dir='ltr'><strong>suffragatur,</strong></span> <span class='ocrx_word' id='word_1_45' title='bbox 1088 1108 1292 1159; x_wconf 77' lang='lat' dir='ltr'><strong>dicens:</strong></span> 
     </span>
     <span class='ocr_line' id='line_1_10' title="bbox 248 1183 1297 1248; baseline 0.002 -15"><span class='ocrx_word' id='word_1_46' title='bbox 248 1183 421 1236; x_wconf 81' lang='lat' dir='ltr'><strong>‘Quod</strong></span> <span class='ocrx_word' id='word_1_47' title='bbox 449 1183 625 1239; x_wconf 78' lang='lat' dir='ltr'><strong>adme</strong></span> <span class='ocrx_word' id='word_1_48' title='bbox 658 1185 874 1248; x_wconf 77' lang='lat' dir='ltr'><strong>attinet,</strong></span> <span class='ocrx_word' id='word_1_49' title='bbox 909 1199 1011 1234; x_wconf 89' lang='lat' dir='ltr'><strong>non</strong></span> <span class='ocrx_word' id='word_1_50' title='bbox 1055 1185 1209 1235; x_wconf 87' lang='lat' dir='ltr'><strong>timeo</strong></span> <span class='ocrx_word' id='word_1_51' title='bbox 1230 1201 1297 1235; x_wconf 87' lang='lat' dir='ltr'><strong>ne</strong></span> 
     </span>
     <span class='ocr_line' id='line_1_11' title="bbox 248 1260 1296 1325; baseline 0 -16"><span class='ocrx_word' id='word_1_52' title='bbox 248 1260 349 1324; x_wconf 85' lang='lat' dir='ltr'><strong>quis</strong></span> <span class='ocrx_word' id='word_1_53' title='bbox 379 1261 673 1311; x_wconf 79' lang='lat' dir='ltr'><strong>inveniatur</strong></span> <span class='ocrx_word' id='word_1_54' title='bbox 717 1261 803 1311; x_wconf 89' lang='lat' dir='ltr'><strong>cui</strong></span> <span class='ocrx_word' id='word_1_55' title='bbox 844 1260 1013 1312; x_wconf 87' lang='lat' dir='ltr'><strong>minus</strong></span> <span class='ocrx_word' id='word_1_56' title='bbox 1045 1260 1296 1325; x_wconf 83' lang='lat' dir='ltr'><strong>placeam,</strong></span> 
     </span>
     <span class='ocr_line' id='line_1_12' title="bbox 248 1337 1297 1403; baseline 0.003 -17"><span class='ocrx_word' id='word_1_57' title='bbox 248 1350 337 1386; x_wconf 89' lang='lat' dir='ltr'><strong>nec</strong></span> <span class='ocrx_word' id='word_1_58' title='bbox 356 1339 625 1403; x_wconf 89' lang='lat' dir='ltr'><strong>speculum</strong></span> <span class='ocrx_word' id='word_1_59' title='bbox 647 1337 792 1402; x_wconf 78' lang='lat' dir='ltr'><strong>milii,</strong></span> <span class='ocrx_word' id='word_1_60' title='bbox 829 1353 928 1388; x_wconf 89' lang='lat' dir='ltr'><strong>nec</strong></span> <span class='ocrx_word' id='word_1_61' title='bbox 952 1337 1093 1388; x_wconf 84' lang='lat' dir='ltr'><strong>fama</strong></span> <span class='ocrx_word' id='word_1_62' title='bbox 1113 1340 1297 1390; x_wconf 87' lang='lat' dir='ltr'><strong>menti·</strong></span> 
     </span>
     <span class='ocr_line' id='line_1_13' title="bbox 193 1414 1116 1466; baseline 0.002 -3"><span class='ocrx_word' id='word_1_63' title='bbox 193 1439 197 1443; x_wconf 87' lang='lat'><strong>·</strong></span> <span class='ocrx_word' id='word_1_64' title='bbox 249 1414 360 1466; x_wconf 67' lang='lat' dir='ltr'><strong>tur!</strong></span> <span class='ocrx_word' id='word_1_65' title='bbox 1112 1432 1116 1442; x_wconf 91' lang='grc'><strong><em>·</em></strong></span> 
     </span>
    </p>

    <p class='ocr_par' dir='ltr' id='par_1_4' title="bbox 244 1491 1295 1694">
     <span class='ocr_line' id='line_1_14' title="bbox 302 1491 1295 1558; baseline 0.003 -18"><span class='ocrx_word' id='word_1_66' title='bbox 302 1495 332 1540; x_wconf 99' lang='grc'><strong>7</strong></span> <span class='ocrx_word' id='word_1_67' title='bbox 367 1491 457 1556; x_wconf 79' lang='lat' dir='ltr'><strong>Tu]</strong></span> <span class='ocrx_word' id='word_1_68' title='bbox 488 1493 776 1556; x_wconf 81' lang='lat' dir='ltr'><strong>AEsculapi,</strong></span> <span class='ocrx_word' id='word_1_69' title='bbox 793 1492 878 1558; x_wconf 84' lang='lat' dir='ltr'><strong>da,</strong></span> <span class='ocrx_word' id='word_1_70' title='bbox 894 1500 955 1543; x_wconf 90' lang='grc' dir='ltr'><strong>ιιι</strong></span> <span class='ocrx_word' id='word_1_71' title='bbox 977 1500 1083 1543; x_wconf 86' lang='lat' dir='ltr'><strong>tam</strong></span> <span class='ocrx_word' id='word_1_72' title='bbox 1105 1495 1175 1544; x_wconf 86' lang='lat' dir='ltr'><strong>sit</strong></span> <span class='ocrx_word' id='word_1_73' title='bbox 1192 1494 1295 1543; x_wconf 87' lang='lat' dir='ltr'><strong>ele-</strong></span> 
     </span>
     <span class='ocr_line' id='line_1_15' title="bbox 244 1569 1295 1635; baseline 0.001 -16"><span class='ocrx_word' id='word_1_74' title='bbox 244 1583 358 1632; x_wconf 64' lang='lat' dir='ltr'><strong>‘ans</strong></span> <span class='ocrx_word' id='word_1_75' title='bbox 378 1577 572 1634; x_wconf 88' lang='lat' dir='ltr'><strong>tonsus,</strong></span> <span class='ocrx_word' id='word_1_76' title='bbox 589 1585 742 1635; x_wconf 86' lang='lat' dir='ltr'><strong>quam</strong></span> <span class='ocrx_word' id='word_1_77' title='bbox 762 1569 981 1634; x_wconf 85' lang='lat' dir='ltr'><strong>pulcher</strong></span> <span class='ocrx_word' id='word_1_78' title='bbox 998 1577 1115 1620; x_wconf 88' lang='lat' dir='ltr'><strong>erat</strong></span> <span class='ocrx_word' id='word_1_79' title='bbox 1129 1572 1295 1624; x_wconf 87' lang='lat' dir='ltr'><strong>inton-</strong></span> 
     </span>
     <span class='ocr_line' id='line_1_16' title="bbox 244 1660 337 1701; baseline 0.013 -8"><span class='ocrx_word' id='word_1_80' title='bbox 244 1660 337 1701; x_wconf 85' lang='lat' dir='ltr'><strong>sus.</strong></span> 
     </span>
    </p>

    <p class='ocr_par' dir='ltr' id='par_1_5' title="bbox 244 1721 1298 2241">
     <span class='ocr_line' id='line_1_17' title="bbox 303 1721 1298 1777; baseline -0.001 -3"><span class='ocrx_word' id='word_1_81' title='bbox 303 1723 456 1774; x_wconf 76' lang='lat' dir='ltr'><strong>Eme.</strong></span> <span class='ocrx_word' id='word_1_82' title='bbox 479 1737 603 1775; x_wconf 74' lang='lat' dir='ltr'><strong>xix.</strong></span> <span class='ocrx_word' id='word_1_83' title='bbox 623 1723 732 1777; x_wconf 85' lang='lat' dir='ltr'><strong>Ait</strong></span> <span class='ocrx_word' id='word_1_84' title='bbox 750 1738 807 1772; x_wconf 88' lang='lat' dir='ltr'><strong>se</strong></span> <span class='ocrx_word' id='word_1_85' title='bbox 830 1724 1088 1774; x_wconf 75' lang='lat' dir='ltr'><strong>tusculum</strong></span> <span class='ocrx_word' id='word_1_86' title='bbox 1105 1721 1298 1773; x_wconf 86' lang='lat' dir='ltr'><strong>habere</strong></span> 
     </span>
     <span class='ocr_line' id='line_1_18' title="bbox 245 1799 1298 1864; baseline 0 -16"><span class='ocrx_word' id='word_1_87' title='bbox 245 1801 599 1864; x_wconf 81' lang='lat' dir='ltr'><strong>suburbanum,</strong></span> <span class='ocrx_word' id='word_1_88' title='bbox 652 1809 714 1861; x_wconf 82' lang='lat' dir='ltr'><strong>et</strong></span> <span class='ocrx_word' id='word_1_89' title='bbox 765 1801 1011 1850; x_wconf 81' lang='lat' dir='ltr'><strong>urbanam</strong></span> <span class='ocrx_word' id='word_1_90' title='bbox 1062 1799 1298 1860; x_wconf 87' lang='lat' dir='ltr'><strong>domum;</strong></span> 
     </span>
     <span class='ocr_line' id='line_1_19' title="bbox 245 1877 1293 1944; baseline 0 -17"><span class='ocrx_word' id='word_1_91' title='bbox 245 1885 509 1944; x_wconf 82' lang='lat' dir='ltr'><strong>utrumqne</strong></span> <span class='ocrx_word' id='word_1_92' title='bbox 550 1879 719 1941; x_wconf 83' lang='lat' dir='ltr'><strong>sitire,</strong></span> <span class='ocrx_word' id='word_1_93' title='bbox 751 1886 808 1929; x_wconf 90' lang='lat' dir='ltr'><strong>et</strong></span> <span class='ocrx_word' id='word_1_94' title='bbox 844 1894 930 1929; x_wconf 90' lang='lat' dir='ltr'><strong>rus</strong></span> <span class='ocrx_word' id='word_1_95' title='bbox 965 1887 1022 1928; x_wconf 89' lang='lat' dir='ltr'><strong>et</strong></span> <span class='ocrx_word' id='word_1_96' title='bbox 1059 1877 1293 1929; x_wconf 88' lang='lat' dir='ltr'><strong>domum:</strong></span> 
     </span>
     <span class='ocr_line' id='line_1_20' title="bbox 244 1953 1296 2020; baseline 0 -16"><span class='ocrx_word' id='word_1_97' title='bbox 244 1954 329 2004; x_wconf 85' lang='lat' dir='ltr'><strong>sed</strong></span> <span class='ocrx_word' id='word_1_98' title='bbox 351 1958 576 2020; x_wconf 83' lang='lat' dir='ltr'><strong>agellum</strong></span> <span class='ocrx_word' id='word_1_99' title='bbox 601 1956 749 2008; x_wconf 86' lang='lat' dir='ltr'><strong>aitse</strong></span> <span class='ocrx_word' id='word_1_100' title='bbox 769 1955 1007 2019; x_wconf 77' lang='lat' dir='ltr'><strong>irrigare,</strong></span> <span class='ocrx_word' id='word_1_101' title='bbox 1026 1956 1209 2004; x_wconf 84' lang='lat' dir='ltr'><strong>hausta</strong></span> <span class='ocrx_word' id='word_1_102' title='bbox 1230 1953 1296 2004; x_wconf 89' lang='lat' dir='ltr'><strong>de</strong></span> 
     </span>
     <span class='ocr_line' id='line_1_21' title="bbox 246 2031 1293 2097; baseline 0.001 -17"><span class='ocrx_word' id='word_1_103' title='bbox 246 2031 404 2082; x_wconf 80' lang='lat' dir='ltr'><strong>vicina</strong></span> <span class='ocrx_word' id='word_1_104' title='bbox 426 2033 569 2082; x_wconf 85' lang='lat' dir='ltr'><strong>valle</strong></span> <span class='ocrx_word' id='word_1_105' title='bbox 593 2048 756 2097; x_wconf 78' lang='lat' dir='ltr'><strong>aqua3</strong></span> <span class='ocrx_word' id='word_1_106' title='bbox 781 2031 985 2080; x_wconf 90' lang='lat' dir='ltr'><strong>domum</strong></span> <span class='ocrx_word' id='word_1_107' title='bbox 1002 2046 1103 2080; x_wconf 88' lang='lat' dir='ltr'><strong>non</strong></span> <span class='ocrx_word' id='word_1_108' title='bbox 1118 2045 1293 2094; x_wconf 80' lang='lat' dir='ltr'><strong>posse:</strong></span> 
     </span>
     <span class='ocr_line' id='line_1_22' title="bbox 246 2107 1295 2173; baseline 0.001 -16"><span class='ocrx_word' id='word_1_109' title='bbox 246 2109 371 2171; x_wconf 87' lang='lat' dir='ltr'><strong>petit</strong></span> <span class='ocrx_word' id='word_1_110' title='bbox 391 2111 633 2159; x_wconf 80' lang='lat' dir='ltr'><strong>venulam</strong></span> <span class='ocrx_word' id='word_1_111' title='bbox 652 2124 799 2173; x_wconf 78' lang='lat' dir='ltr'><strong>aquae</strong></span> <span class='ocrx_word' id='word_1_112' title='bbox 824 2107 1034 2158; x_wconf 66' lang='lat' dir='ltr'><strong>Martias</strong></span> <span class='ocrx_word' id='word_1_113' title='bbox 1054 2122 1156 2158; x_wconf 87' lang='lat' dir='ltr'><strong>non</strong></span> <span class='ocrx_word' id='word_1_114' title='bbox 1179 2123 1295 2172; x_wconf 87' lang='lat' dir='ltr'><strong>pro-</strong></span> 
     </span>
     <span class='ocr_line' id='line_1_23' title="bbox 246 2187 741 2241; baseline -0.002 -6"><span class='ocrx_word' id='word_1_115' title='bbox 246 2188 322 2241; x_wconf 87' lang='lat' dir='ltr'><strong>cul</strong></span> <span class='ocrx_word' id='word_1_116' title='bbox 342 2187 462 2237; x_wconf 86' lang='lat' dir='ltr'><strong>inde</strong></span> <span class='ocrx_word' id='word_1_117' title='bbox 483 2187 741 2237; x_wconf 85' lang='lat' dir='ltr'><strong>salientis.</strong></span> 
     </span>
    </p>

    <p class='ocr_par' dir='ltr' id='par_1_6' title="bbox 304 2263 1201 2328">
     <span class='ocr_line' id='line_1_24' title="bbox 304 2263 1201 2328; baseline 0 -14"><span class='ocrx_word' id='word_1_118' title='bbox 304 2269 330 2314; x_wconf 91' lang='lat' dir='ltr'><strong>l</strong></span> <span class='ocrx_word' id='word_1_119' title='bbox 361 2264 597 2327; x_wconf 76' lang='lat' dir='ltr'><strong>Longam,</strong></span> <span class='ocrx_word' id='word_1_120' title='bbox 615 2263 724 2328; x_wconf 55' lang='lat' dir='ltr'><strong>Esca]</strong></span> <span class='ocrx_word' id='word_1_121' title='bbox 752 2264 827 2313; x_wconf 90' lang='lat' dir='ltr'><strong>Te</strong></span> <span class='ocrx_word' id='word_1_122' title='bbox 847 2264 935 2314; x_wconf 90' lang='lat' dir='ltr'><strong>diu</strong></span> <span class='ocrx_word' id='word_1_123' title='bbox 958 2264 1201 2328; x_wconf 80' lang='lat' dir='ltr'><strong>praeside.</strong></span> 
     </span>
    </p>

    <p class='ocr_par' dir='ltr' id='par_1_7' title="bbox 246 2340 1298 2556">
     <span class='ocr_line' id='line_1_25' title="bbox 301 2340 1296 2405; baseline 0 -15"><span class='ocrx_word' id='word_1_124' title='bbox 301 2346 331 2390; x_wconf 86' lang='grc'>2</span> <span class='ocrx_word' id='word_1_125' title='bbox 363 2342 468 2392; x_wconf 77' lang='lat' dir='ltr'><strong>Rus</strong></span> <span class='ocrx_word' id='word_1_126' title='bbox 488 2341 760 2401; x_wconf 78' lang='lat' dir='ltr'><strong>minimum,</strong></span> <span class='ocrx_word' id='word_1_127' title='bbox 779 2342 886 2405; x_wconf 54' lang='lat' dir='ltr'><strong>lym]</strong></span> <span class='ocrx_word' id='word_1_128' title='bbox 938 2342 1024 2390; x_wconf 88' lang='lat' dir='ltr'><strong>De</strong></span> <span class='ocrx_word' id='word_1_129' title='bbox 1047 2357 1147 2405; x_wconf 89' lang='lat' dir='ltr'><strong>quo</strong></span> <span class='ocrx_word' id='word_1_130' title='bbox 1170 2340 1296 2404; x_wconf 89' lang='lat' dir='ltr'><strong>Epi—</strong></span> 
     </span>
     <span class='ocr_line' id='line_1_26' title="bbox 246 2418 1298 2484; baseline 0 -17"><span class='ocrx_word' id='word_1_131' title='bbox 246 2429 515 2483; x_wconf 74' lang='lat' dir='ltr'><strong>grammate</strong></span> <span class='ocrx_word' id='word_1_132' title='bbox 536 2424 622 2470; x_wconf 85' lang='lat'><strong>61.</strong></span> <span class='ocrx_word' id='word_1_133' title='bbox 641 2419 727 2470; x_wconf 89' lang='lat' dir='ltr'><strong>lib.</strong></span> <span class='ocrx_word' id='word_1_134' title='bbox 746 2418 1012 2471; x_wconf 83' lang='lat' dir='ltr'><strong>8.etinfra</strong></span> <span class='ocrx_word' id='word_1_135' title='bbox 1026 2419 1298 2484; x_wconf 84' lang='lat' dir='ltr'><strong>Epigram-</strong></span> 
     </span>
     <span class='ocr_line' id='line_1_27' title="bbox 246 2500 475 2556; baseline 0.022 -13"><span class='ocrx_word' id='word_1_136' title='bbox 246 2503 375 2556; x_wconf 83' lang='lat' dir='ltr'><strong>mate</strong></span> <span class='ocrx_word' id='word_1_137' title='bbox 394 2500 475 2548; x_wconf 81' lang='lat'><strong>99.</strong></span> 
     </span>
    </p>

    <p class='ocr_par' dir='ltr' id='par_1_8' title="bbox 249 2571 1299 2718">
     <span class='ocr_line' id='line_1_28' title="bbox 302 2571 1299 2636; baseline 0 -15"><span class='ocrx_word' id='word_1_138' title='bbox 302 2576 331 2621; x_wconf 74' lang='lat'><strong>3</strong></span> <span class='ocrx_word' id='word_1_139' title='bbox 362 2572 659 2636; x_wconf 58' lang='lat' dir='ltr'><strong>Brevi,§·c.]</strong></span> <span class='ocrx_word' id='word_1_140' title='bbox 711 2573 811 2623; x_wconf 86' lang='lat' dir='ltr'><strong>Sed</strong></span> <span class='ocrx_word' id='word_1_141' title='bbox 846 2572 912 2623; x_wconf 89' lang='lat' dir='ltr'><strong>de</strong></span> <span class='ocrx_word' id='word_1_142' title='bbox 936 2573 1071 2622; x_wconf 80' lang='lat' dir='ltr'><strong>valle</strong></span> <span class='ocrx_word' id='word_1_143' title='bbox 1095 2571 1299 2635; x_wconf 84' lang='lat' dir='ltr'><strong>subjec-</strong></span> 
     </span>
     <span class='ocr_line' id='line_1_29' title="bbox 249 2650 1197 2718; baseline 0.001 -19"><span class='ocrx_word' id='word_1_144' title='bbox 249 2653 318 2718; x_wconf 70' lang='lat' dir='ltr'><strong>ta,</strong></span> <span class='ocrx_word' id='word_1_145' title='bbox 334 2666 467 2715; x_wconf 79' lang='lat' dir='ltr'><strong>aqua</strong></span> <span class='ocrx_word' id='word_1_146' title='bbox 488 2652 642 2701; x_wconf 79' lang='lat' dir='ltr'><strong>horto</strong></span> <span class='ocrx_word' id='word_1_147' title='bbox 664 2651 923 2714; x_wconf 84' lang='lat' dir='ltr'><strong>irrigando</strong></span> <span class='ocrx_word' id='word_1_148' title='bbox 944 2650 1197 2700; x_wconf 77' lang='lat' dir='ltr'><strong>hauritur.</strong></span> 
     </span>
    </p>

    <p class='ocr_par' dir='ltr' id='par_1_9' title="bbox 246 2726 1304 2936">
     <span class='ocr_line' id='line_1_30' title="bbox 304 2726 1303 2792; baseline 0.001 -15"><span class='ocrx_word' id='word_1_149' title='bbox 304 2731 336 2777; x_wconf 83' lang='grc'>4</span> <span class='ocrx_word' id='word_1_150' title='bbox 364 2726 650 2789; x_wconf 72' lang='lat' dir='ltr'><strong>laboratas]</strong></span> <span class='ocrx_word' id='word_1_151' title='bbox 686 2727 888 2777; x_wconf 76' lang='lat' dir='ltr'><strong>Labore</strong></span> <span class='ocrx_word' id='word_1_152' title='bbox 908 2728 1071 2776; x_wconf 86' lang='lat' dir='ltr'><strong>multo</strong></span> <span class='ocrx_word' id='word_1_153' title='bbox 1094 2727 1303 2792; x_wconf 76' lang='lat' dir='ltr'><strong>petitas·</strong></span> 
     </span>
     <span class='ocr_line' id='line_1_31' title="bbox 246 2803 1304 2867; baseline -0.001 -14"><span class='ocrx_word' id='word_1_154' title='bbox 246 2803 404 2858; x_wconf 66' lang='lat' dir='ltr'><strong>Annia</strong></span> <span class='ocrx_word' id='word_1_155' title='bbox 418 2806 545 2854; x_wconf 73' lang='lat' dir='ltr'><strong>tollit</strong></span> <span class='ocrx_word' id='word_1_156' title='bbox 562 2803 726 2867; x_wconf 79' lang='lat' dir='ltr'><strong>aquas]</strong></span> <span class='ocrx_word' id='word_1_157' title='bbox 743 2804 1050 2866; x_wconf 85' lang='lat' dir='ltr'><strong>Haustrum,</strong></span> <span class='ocrx_word' id='word_1_158' title='bbox 1064 2804 1304 2854; x_wconf 84' lang='lat' dir='ltr'><strong>machina</strong></span> 
     </span>
     <span class='ocr_line' id='line_1_32' title="bbox 247 2878 1016 2936; baseline 0.001 -8"><span class='ocrx_word' id='word_1_159' title='bbox 247 2882 304 2929; x_wconf 78' lang='lat' dir='ltr'><strong>ad</strong></span> <span class='ocrx_word' id='word_1_160' title='bbox 325 2882 693 2936; x_wconf 82' lang='lat' dir='ltr'><strong>hauriendum.</strong></span> <span class='ocrx_word' id='word_1_161' title='bbox 679 2898 692 2909; x_wconf 92' lang='lat'><strong>·</strong></span> <span class='ocrx_word' id='word_1_162' title='bbox 731 2882 796 2931; x_wconf 88' lang='lat' dir='ltr'><strong>ab</strong></span> <span class='ocrx_word' id='word_1_163' title='bbox 818 2878 1016 2931; x_wconf 77' lang='grc' dir='ltr'>ἀντλέω.</span> 
     </span>
    </p>

    <p class='ocr_par' dir='ltr' id='par_1_10' title="bbox 247 2942 1301 3022">
     <span class='ocr_line' id='line_1_33' title="bbox 247 2942 1301 3022; baseline -0.001 -14"><span class='ocrx_word' id='word_1_164' title='bbox 247 2951 254 2958; x_wconf 52' lang='grc'><strong>“</strong></span> <span class='ocrx_word' id='word_1_165' title='bbox 307 2964 338 3008; x_wconf 89' lang='grc'><strong>6</strong></span> <span class='ocrx_word' id='word_1_166' title='bbox 369 2959 711 3019; x_wconf 75' lang='lat' dir='ltr'><strong>Martiafoute</strong></span> <span class='ocrx_word' id='word_1_167' title='bbox 724 2958 881 3021; x_wconf 75' lang='lat' dir='ltr'><strong>sonet]</strong></span> <span class='ocrx_word' id='word_1_168' title='bbox 915 2942 1096 3022; x_wconf 76' lang='lat' dir='ltr'><strong>Epigr.</strong></span> <span class='ocrx_word' id='word_1_169' title='bbox 1110 2962 1190 3008; x_wconf 83' lang='grc'><strong>42.</strong></span> <span class='ocrx_word' id='word_1_170' title='bbox 1210 2960 1241 3007; x_wconf 92' lang='lat' dir='ltr'><strong>l.</strong></span> <span class='ocrx_word' id='word_1_171' title='bbox 1250 2963 1301 3008; x_wconf 88' lang='grc'><strong>6.</strong></span> 
     </span>
    </p>

    <p class='ocr_par' dir='ltr' id='par_1_11' title="bbox 249 3034 1302 3319">
     <span class='ocr_line' id='line_1_34' title="bbox 306 3034 1302 3100; baseline 0 -15"><span class='ocrx_word' id='word_1_172' title='bbox 306 3040 336 3085; x_wconf 98' lang='grc'><strong>7</strong></span> <span class='ocrx_word' id='word_1_173' title='bbox 371 3038 528 3094; x_wconf 71' lang='lat' dir='ltr'><strong>Quum</strong></span> <span class='ocrx_word' id='word_1_174' title='bbox 548 3038 734 3086; x_wconf 79' lang='lat' dir='ltr'><strong>dederis</strong></span> <span class='ocrx_word' id='word_1_175' title='bbox 764 3036 960 3098; x_wconf 71' lang='lat' dir='ltr'><strong>nostru,</strong></span> <span class='ocrx_word' id='word_1_176' title='bbox 991 3034 1099 3098; x_wconf 57' lang='grc' dir='ltr'><strong>ξω]</strong></span> <span class='ocrx_word' id='word_1_177' title='bbox 1133 3037 1179 3086; x_wconf 86' lang='lat' dir='ltr'>E</span> <span class='ocrx_word' id='word_1_178' title='bbox 1199 3050 1302 3100; x_wconf 89' lang='lat' dir='ltr'><strong>qua</strong></span> 
     </span>
     <span class='ocr_line' id='line_1_35' title="bbox 252 3103 1302 3177; baseline 0 -17"><span class='ocrx_word' id='word_1_179' title='bbox 252 3103 429 3164; x_wconf 72' lang='lat' dir='ltr'><strong>Martia</strong></span> <span class='ocrx_word' id='word_1_180' title='bbox 454 3116 498 3164; x_wconf 90' lang='lat' dir='ltr'><strong>si</strong></span> <span class='ocrx_word' id='word_1_181' title='bbox 531 3103 656 3163; x_wconf 83' lang='lat' dir='ltr'><strong>mihi</strong></span> <span class='ocrx_word' id='word_1_182' title='bbox 682 3112 993 3177; x_wconf 79' lang='lat' dir='ltr'><strong>permiseris,</strong></span> <span class='ocrx_word' id='word_1_183' title='bbox 1014 3126 1047 3162; x_wconf 96' lang='lat' dir='ltr'><strong>o</strong></span> <span class='ocrx_word' id='word_1_184' title='bbox 1081 3111 1302 3164; x_wconf 86' lang='lat' dir='ltr'><strong>Domiti-</strong></span> 
     </span>
     <span class='ocr_line' id='line_1_36' title="bbox 252 3189 1301 3255; baseline -0.003 -15"><span class='ocrx_word' id='word_1_185' title='bbox 252 3204 358 3253; x_wconf 80' lang='lat' dir='ltr'><strong>ane,</strong></span> <span class='ocrx_word' id='word_1_186' title='bbox 368 3191 619 3242; x_wconf 80' lang='lat' dir='ltr'><strong>diducere</strong></span> <span class='ocrx_word' id='word_1_187' title='bbox 633 3191 870 3241; x_wconf 79' lang='lat' dir='ltr'><strong>venulam</strong></span> <span class='ocrx_word' id='word_1_188' title='bbox 884 3204 1033 3255; x_wconf 79' lang='lat' dir='ltr'><strong>aquae</strong></span> <span class='ocrx_word' id='word_1_189' title='bbox 1048 3190 1101 3238; x_wconf 89' lang='lat' dir='ltr'><strong>in</strong></span> <span class='ocrx_word' id='word_1_190' title='bbox 1118 3189 1301 3240; x_wconf 74' lang='lat' dir='ltr'><strong>aedium</strong></span> 
     </span>
     <span class='ocr_line' id='line_1_37' title="bbox 249 3280 660 3319; baseline 0.01 -4"><span class='ocrx_word' id='word_1_191' title='bbox 249 3280 467 3319; x_wconf 89' lang='lat' dir='ltr'><strong>mearum</strong></span> <span class='ocrx_word' id='word_1_192' title='bbox 492 3284 660 3319; x_wconf 85' lang='lat' dir='ltr'><strong>usum.</strong></span> 
     </span>
    </p>

    <p class='ocr_par' dir='ltr' id='par_1_12' title="bbox 311 3346 1305 3410">
     <span class='ocr_line' id='line_1_38' title="bbox 311 3346 1305 3410; baseline -0.002 -15"><span class='ocrx_word' id='word_1_193' title='bbox 311 3350 340 3395; x_wconf 86' lang='grc'><strong>8</strong></span> <span class='ocrx_word' id='word_1_194' title='bbox 374 3348 589 3405; x_wconf 72' lang='lat' dir='ltr'><strong>Castalis</strong></span> <span class='ocrx_word' id='word_1_195' title='bbox 626 3348 727 3397; x_wconf 73' lang='lat' dir='ltr'><strong>Iioec</strong></span> <span class='ocrx_word' id='word_1_196' title='bbox 769 3346 920 3410; x_wconf 77' lang='lat' dir='ltr'><strong>nobis,</strong></span> <span class='ocrx_word' id='word_1_197' title='bbox 965 3346 1075 3409; x_wconf 58' lang='grc' dir='ltr'><strong>ξω]</strong></span> <span class='ocrx_word' id='word_1_198' title='bbox 1139 3347 1305 3410; x_wconf 83' lang='lat' dir='ltr'><strong>AEque</strong></span> 
     </span>
    </p>
   </div>
   <div class='ocr_carea' id='block_1_3' title="bbox 253 3422 1336 3491">
    <p class='ocr_par' dir='ltr' id='par_1_13' title="bbox 253 3422 1336 3491">
     <span class='ocr_line' id='line_1_39' title="bbox 253 3422 1336 3491; baseline 0.001 -18"><span class='ocrx_word' id='word_1_199' title='bbox 253 3431 389 3485; x_wconf 78' lang='lat' dir='ltr'><strong>grata</strong></span> <span class='ocrx_word' id='word_1_200' title='bbox 423 3425 530 3475; x_wconf 85' lang='lat' dir='ltr'><strong>erit</strong></span> <span class='ocrx_word' id='word_1_201' title='bbox 562 3431 723 3491; x_wconf 86' lang='lat' dir='ltr'><strong>atque</strong></span> <span class='ocrx_word' id='word_1_202' title='bbox 755 3439 886 3489; x_wconf 82' lang='lat' dir='ltr'><strong>aqua</strong></span> <span class='ocrx_word' id='word_1_203' title='bbox 910 3438 940 3473; x_wconf 90' lang='lat' dir='ltr'><strong>e</strong></span> <span class='ocrx_word' id='word_1_204' title='bbox 966 3422 1109 3473; x_wconf 87' lang='lat' dir='ltr'><strong>fonte</strong></span> <span class='ocrx_word' id='word_1_205' title='bbox 1133 3424 1304 3472; x_wconf 82' lang='lat' dir='ltr'><strong>Musa·</strong></span> <span class='ocrx_word' id='word_1_206' title='bbox 1333 3471 1336 3474; x_wconf 76' lang='grc'>,</span> 
     </span>
    </p>
   </div>
   <div class='ocr_carea' id='block_1_4' title="bbox 252 3501 1308 4102">
    <p class='ocr_par' dir='ltr' id='par_1_14' title="bbox 252 3501 885 3565">
     <span class='ocr_line' id='line_1_40' title="bbox 252 3501 885 3565; baseline 0.003 -18"><span class='ocrx_word' id='word_1_207' title='bbox 252 3514 376 3564; x_wconf 84' lang='grc' dir='ltr'>ιιιιιι,</span> <span class='ocrx_word' id='word_1_208' title='bbox 393 3509 486 3552; x_wconf 90' lang='lat' dir='ltr'><strong>aut</strong></span> <span class='ocrx_word' id='word_1_209' title='bbox 508 3501 590 3552; x_wconf 90' lang='lat' dir='ltr'><strong>ab</strong></span> <span class='ocrx_word' id='word_1_210' title='bbox 598 3502 709 3565; x_wconf 82' lang='lat' dir='ltr'><strong>ipso</strong></span> <span class='ocrx_word' id='word_1_211' title='bbox 730 3501 885 3552; x_wconf 86' lang='lat' dir='ltr'><strong>Jove.</strong></span> 
     </span>
    </p>

    <p class='ocr_par' dir='ltr' id='par_1_15' title="bbox 258 3576 1307 3718">
     <span class='ocr_line' id='line_1_41' title="bbox 313 3576 1307 3640; baseline 0 -12"><span class='ocrx_word' id='word_1_212' title='bbox 313 3578 470 3630; x_wconf 74' lang='lat' dir='ltr'><strong>Eme.</strong></span> <span class='ocrx_word' id='word_1_213' title='bbox 505 3591 621 3634; x_wconf 83' lang='lat' dir='ltr'><strong>xx.</strong></span> <span class='ocrx_word' id='word_1_214' title='bbox 684 3577 855 3627; x_wconf 86' lang='lat' dir='ltr'><strong>Poeta</strong></span> <span class='ocrx_word' id='word_1_215' title='bbox 899 3576 1177 3640; x_wconf 84' lang='lat' dir='ltr'><strong>coenipeta,</strong></span> <span class='ocrx_word' id='word_1_216' title='bbox 1222 3576 1307 3628; x_wconf 86' lang='lat' dir='ltr'><strong>cui</strong></span> 
     </span>
     <span class='ocr_line' id='line_1_42' title="bbox 258 3655 865 3718; baseline 0.002 -18"><span class='ocrx_word' id='word_1_217' title='bbox 258 3662 434 3705; x_wconf 74' lang='lat' dir='ltr'><strong>venter</strong></span> <span class='ocrx_word' id='word_1_218' title='bbox 453 3656 579 3706; x_wconf 86' lang='lat' dir='ltr'><strong>artis</strong></span> <span class='ocrx_word' id='word_1_219' title='bbox 603 3655 865 3718; x_wconf 82' lang='lat' dir='ltr'><strong>magister.</strong></span> 
     </span>
    </p>

    <p class='ocr_par' dir='ltr' id='par_1_16' title="bbox 252 3701 1308 4102">
     <span class='ocr_line' id='line_1_43' title="bbox 313 3701 1308 3794; baseline -0.007 -10"><span class='ocrx_word' id='word_1_220' title='bbox 313 3732 469 3783; x_wconf 71' lang='lat' dir='ltr'><strong>Eme.</strong></span> <span class='ocrx_word' id='word_1_221' title='bbox 493 3746 617 3783; x_wconf 77' lang='lat' dir='ltr'><strong>xxi.</strong></span> <span class='ocrx_word' id='word_1_222' title='bbox 657 3736 681 3783; x_wconf 93' lang='grc'>1</span> <span class='ocrx_word' id='word_1_223' title='bbox 718 3731 843 3781; x_wconf 82' lang='lat' dir='ltr'><strong>Hoec</strong></span> <span class='ocrx_word' id='word_1_224' title='bbox 863 3743 966 3794; x_wconf 79' lang='lat' dir='ltr'><strong>quoe</strong></span> <span class='ocrx_word' id='word_1_225' title='bbox 986 3730 1111 3793; x_wconf 78' lang='lat' dir='ltr'><strong>toto]</strong></span> <span class='ocrx_word' id='word_1_226' title='bbox 1164 3701 1308 3778; x_wconf 85' lang='lat' dir='ltr'><strong>Area</strong></span> 
     </span>
     <span class='ocr_line' id='line_1_44' title="bbox 252 3806 1307 3875; baseline 0 -20"><span class='ocrx_word' id='word_1_227' title='bbox 252 3806 395 3858; x_wconf 79' lang='lat' dir='ltr'><strong>haec</strong></span> <span class='ocrx_word' id='word_1_228' title='bbox 382 3825 434 3859; x_wconf 89' lang='grc' dir='ltr'><strong>ιιι</strong></span> <span class='ocrx_word' id='word_1_229' title='bbox 460 3826 564 3875; x_wconf 88' lang='lat' dir='ltr'><strong>qua</strong></span> <span class='ocrx_word' id='word_1_230' title='bbox 585 3816 810 3859; x_wconf 87' lang='lat' dir='ltr'><strong>steterat</strong></span> <span class='ocrx_word' id='word_1_231' title='bbox 826 3809 1006 3862; x_wconf 89' lang='lat' dir='ltr'><strong>domus</strong></span> <span class='ocrx_word' id='word_1_232' title='bbox 1022 3807 1307 3858; x_wconf 85' lang='lat' dir='ltr'><strong>Domitiani</strong></span> 
     </span>
     <span class='ocr_line' id='line_1_45' title="bbox 253 3881 1307 3951; baseline 0.001 -21"><span class='ocrx_word' id='word_1_233' title='bbox 253 3881 453 3951; x_wconf 83' lang='lat' dir='ltr'><strong>natalis,</strong></span> <span class='ocrx_word' id='word_1_234' title='bbox 476 3886 590 3950; x_wconf 86' lang='lat' dir='ltr'><strong>jam</strong></span> <span class='ocrx_word' id='word_1_235' title='bbox 620 3899 744 3934; x_wconf 83' lang='lat' dir='ltr'><strong>vero</strong></span> <span class='ocrx_word' id='word_1_236' title='bbox 766 3885 959 3934; x_wconf 83' lang='lat' dir='ltr'><strong>Flaviae</strong></span> <span class='ocrx_word' id='word_1_237' title='bbox 984 3884 1154 3947; x_wconf 83' lang='lat' dir='ltr'><strong>gentis</strong></span> <span class='ocrx_word' id='word_1_238' title='bbox 1179 3891 1307 3932; x_wconf 89' lang='lat' dir='ltr'><strong>tem-</strong></span> 
     </span>
     <span class='ocr_line' id='line_1_46' title="bbox 257 3959 1306 4024; baseline -0.002 -16"><span class='ocrx_word' id='word_1_239' title='bbox 257 3959 392 4022; x_wconf 86' lang='lat' dir='ltr'><strong>plum</strong></span> <span class='ocrx_word' id='word_1_240' title='bbox 413 3976 672 4012; x_wconf 85' lang='lat' dir='ltr'><strong>marmore</strong></span> <span class='ocrx_word' id='word_1_241' title='bbox 706 3967 761 4011; x_wconf 90' lang='lat' dir='ltr'><strong>et</strong></span> <span class='ocrx_word' id='word_1_242' title='bbox 785 3975 906 4009; x_wconf 83' lang='lat' dir='ltr'><strong>auro</strong></span> <span class='ocrx_word' id='word_1_243' title='bbox 928 3959 1201 4024; x_wconf 83' lang='lat' dir='ltr'><strong>magnifice</strong></span> <span class='ocrx_word' id='word_1_244' title='bbox 1219 3974 1306 4015; x_wconf 24' lang='lat' dir='ltr'><strong>ex,-</strong></span> 
     </span>
     <span class='ocr_line' id='line_1_47' title="bbox 260 4037 1307 4102; baseline -0.001 -17"><span class='ocrx_word' id='word_1_245' title='bbox 260 4043 477 4100; x_wconf 81' lang='lat' dir='ltr'><strong>tructum</strong></span> <span class='ocrx_word' id='word_1_246' title='bbox 485 4047 603 4100; x_wconf 80' lang='lat' dir='ltr'><strong>est.</strong></span> <span class='ocrx_word' id='word_1_247' title='bbox 641 4038 930 4102; x_wconf 70' lang='lat' dir='ltr'><strong>Patet,&amp;c.]</strong></span> <span class='ocrx_word' id='word_1_248' title='bbox 966 4037 1307 4087; x_wconf 82' lang='lat' dir='ltr'><strong>Extenditur·</strong></span> 
     </span>
    </p>
   </div>
   <div class='ocr_carea' id='block_1_5' title="bbox 2265 398 2436 483">
    <p class='ocr_par' dir='ltr' id='par_1_17' title="bbox 2265 398 2436 483">
     <span class='ocr_line' id='line_1_48' title="bbox 2265 398 2436 483; baseline 0.041 -7"><span class='ocrx_word' id='word_1_249' title='bbox 2265 398 2436 483; x_wconf 77' lang='lat'>1329</span> 
     </span>
    </p>
   </div>
   <div class='ocr_carea' id='block_1_6' title="bbox 1363 536 2436 635">
    <p class='ocr_par' dir='ltr' id='par_1_18' title="bbox 1363 536 2436 635">
     <span class='ocr_line' id='line_1_49' title="bbox 1363 536 2436 635; baseline 0.004 -17"><span class='ocrx_word' id='word_1_250' title='bbox 1363 616 1368 621; x_wconf 86' lang='grc'><strong>,</strong></span> <span class='ocrx_word' id='word_1_251' title='bbox 1435 573 1465 618; x_wconf 79' lang='grc'><strong>3</strong></span> <span class='ocrx_word' id='word_1_252' title='bbox 1505 536 1832 628; x_wconf 42' lang='lat' dir='ltr'><strong>Qua-stantis,</strong></span> <span class='ocrx_word' id='word_1_253' title='bbox 1867 569 1976 632; x_wconf 57' lang='lat' dir='ltr'><strong>asa]</strong></span> <span class='ocrx_word' id='word_1_254' title='bbox 2030 570 2161 621; x_wconf 74' lang='lat' dir='ltr'><strong>Quae</strong></span> <span class='ocrx_word' id='word_1_255' title='bbox 2202 572 2436 635; x_wconf 84' lang='lat' dir='ltr'><strong>suscepit</strong></span> 
     </span>
    </p>
   </div>
   <div class='ocr_carea' id='block_1_7' title="bbox 1370 644 2499 4104">
    <p class='ocr_par' dir='ltr' id='par_1_19' title="bbox 1370 644 2438 1158">
     <span class='ocr_line' id='line_1_50' title="bbox 1371 644 2438 710; baseline 0.005 -17"><span class='ocrx_word' id='word_1_256' title='bbox 1371 644 1746 709; x_wconf 87' lang='lat' dir='ltr'><strong>Domitianum,</strong></span> <span class='ocrx_word' id='word_1_257' title='bbox 1774 653 1832 696; x_wconf 90' lang='grc' dir='ltr'><strong>ιιι</strong></span> <span class='ocrx_word' id='word_1_258' title='bbox 1859 646 2072 695; x_wconf 85' lang='lat' dir='ltr'><strong>Rhodos</strong></span> <span class='ocrx_word' id='word_1_259' title='bbox 2099 647 2438 710; x_wconf 78' lang='lat' dir='ltr'><strong>Neptunum3</strong></span> 
     </span>
     <span class='ocr_line' id='line_1_51' title="bbox 1371 720 2436 788; baseline 0.006 -19"><span class='ocrx_word' id='word_1_260' title='bbox 1371 728 1431 771; x_wconf 90' lang='grc' dir='ltr'><strong>ιιι</strong></span> <span class='ocrx_word' id='word_1_261' title='bbox 1454 723 1613 772; x_wconf 75' lang='lat' dir='ltr'><strong>Creta</strong></span> <span class='ocrx_word' id='word_1_262' title='bbox 1633 722 1837 775; x_wconf 77' lang='lat' dir='ltr'><strong>Jovem.</strong></span> <span class='ocrx_word' id='word_1_263' title='bbox 1875 724 1990 786; x_wconf 89' lang='lat' dir='ltr'><strong>Vel,</strong></span> <span class='ocrx_word' id='word_1_264' title='bbox 2014 720 2130 788; x_wconf 75' lang='lat' dir='ltr'><strong>quae</strong></span> <span class='ocrx_word' id='word_1_265' title='bbox 2148 738 2251 773; x_wconf 91' lang='lat' dir='ltr'><strong>non</strong></span> <span class='ocrx_word' id='word_1_266' title='bbox 2267 725 2436 779; x_wconf 83' lang='lat' dir='ltr'><strong>minus</strong></span> 
     </span>
     <span class='ocr_line' id='line_1_52' title="bbox 1371 800 2435 864; baseline 0.003 -16"><span class='ocrx_word' id='word_1_267' title='bbox 1371 800 1623 863; x_wconf 64' lang='lat' dir='ltr'><strong>praestitit</strong></span> <span class='ocrx_word' id='word_1_268' title='bbox 1660 800 1791 863; x_wconf 90' lang='lat' dir='ltr'><strong>orbi,</strong></span> <span class='ocrx_word' id='word_1_269' title='bbox 1821 808 2067 864; x_wconf 83' lang='lat' dir='ltr'><strong>suscepto</strong></span> <span class='ocrx_word' id='word_1_270' title='bbox 2109 800 2435 864; x_wconf 90' lang='lat' dir='ltr'><strong>Domitiano,</strong></span> 
     </span>
     <span class='ocr_line' id='line_1_53' title="bbox 1371 876 2434 941; baseline 0.004 -15"><span class='ocrx_word' id='word_1_271' title='bbox 1371 891 1525 941; x_wconf 84' lang='lat' dir='ltr'><strong>quam</strong></span> <span class='ocrx_word' id='word_1_272' title='bbox 1564 876 1772 927; x_wconf 78' lang='lat' dir='ltr'><strong>Rhodos</strong></span> <span class='ocrx_word' id='word_1_273' title='bbox 1814 886 1871 927; x_wconf 90' lang='lat' dir='ltr'><strong>et</strong></span> <span class='ocrx_word' id='word_1_274' title='bbox 1905 877 2065 928; x_wconf 85' lang='lat' dir='ltr'><strong>Creta</strong></span> <span class='ocrx_word' id='word_1_275' title='bbox 2109 880 2262 940; x_wconf 71' lang='lat' dir='ltr'><strong>nmio,</strong></span> <span class='ocrx_word' id='word_1_276' title='bbox 2296 877 2434 930; x_wconf 83' lang='lat' dir='ltr'><strong>Jove</strong></span> 
     </span>
     <span class='ocr_line' id='line_1_54' title="bbox 1370 953 2438 1017; baseline 0.003 -15"><span class='ocrx_word' id='word_1_277' title='bbox 1370 960 1636 1017; x_wconf 84' lang='lat' dir='ltr'><strong>suscepto.</strong></span> <span class='ocrx_word' id='word_1_278' title='bbox 1730 955 1917 1004; x_wconf 80' lang='lat' dir='ltr'><strong>Rhodii</strong></span> <span class='ocrx_word' id='word_1_279' title='bbox 1971 954 2109 1006; x_wconf 86' lang='lat' dir='ltr'><strong>euim</strong></span> <span class='ocrx_word' id='word_1_280' title='bbox 2164 953 2438 1007; x_wconf 83' lang='lat' dir='ltr'><strong>Telchines</strong></span> 
     </span>
     <span class='ocr_line' id='line_1_55' title="bbox 1370 1029 2430 1097; baseline 0.002 -18"><span class='ocrx_word' id='word_1_281' title='bbox 1370 1029 1529 1080; x_wconf 88' lang='lat' dir='ltr'><strong>iidem</strong></span> <span class='ocrx_word' id='word_1_282' title='bbox 1566 1033 1654 1096; x_wconf 86' lang='lat' dir='ltr'><strong>qui</strong></span> <span class='ocrx_word' id='word_1_283' title='bbox 1692 1032 1930 1083; x_wconf 89' lang='lat' dir='ltr'><strong>Curetes.</strong></span> <span class='ocrx_word' id='word_1_284' title='bbox 1965 1032 2147 1097; x_wconf 77' lang='lat' dir='ltr'><strong>Epigr.</strong></span> <span class='ocrx_word' id='word_1_285' title='bbox 2178 1036 2225 1081; x_wconf 88' lang='lat'><strong>1.</strong></span> <span class='ocrx_word' id='word_1_286' title='bbox 2267 1031 2357 1082; x_wconf 80' lang='lat' dir='ltr'><strong>lib.</strong></span> <span class='ocrx_word' id='word_1_287' title='bbox 2380 1036 2430 1081; x_wconf 80' lang='grc'><strong>4.</strong></span> 
     </span>
     <span class='ocr_line' id='line_1_56' title="bbox 1373 1111 1582 1158; baseline 0.014 -3"><span class='ocrx_word' id='word_1_288' title='bbox 1373 1121 1511 1156; x_wconf 83' lang='lat' dir='ltr'><strong>vers.</strong></span> <span class='ocrx_word' id='word_1_289' title='bbox 1533 1111 1582 1158; x_wconf 79' lang='grc'><strong>2.</strong></span> 
     </span>
    </p>

    <p class='ocr_par' dir='ltr' id='par_1_20' title="bbox 1372 1184 2439 1479">
     <span class='ocr_line' id='line_1_57' title="bbox 1436 1184 2436 1248; baseline 0.001 -16"><span class='ocrx_word' id='word_1_290' title='bbox 1436 1187 1467 1232; x_wconf 95' lang='grc'><strong>7</strong></span> <span class='ocrx_word' id='word_1_291' title='bbox 1507 1184 1719 1248; x_wconf 77' lang='lat' dir='ltr'><strong>Curetes,</strong></span> <span class='ocrx_word' id='word_1_292' title='bbox 1749 1184 1851 1248; x_wconf 61' lang='lat' dir='ltr'><strong>ssa]</strong></span> <span class='ocrx_word' id='word_1_293' title='bbox 1886 1185 1987 1237; x_wconf 86' lang='lat' dir='ltr'><strong>Qui</strong></span> <span class='ocrx_word' id='word_1_294' title='bbox 2009 1184 2192 1235; x_wconf 83' lang='lat' dir='ltr'><strong>Jovem</strong></span> <span class='ocrx_word' id='word_1_295' title='bbox 2207 1184 2436 1236; x_wconf 76' lang='lat' dir='ltr'><strong>Saturno</strong></span> 
     </span>
     <span class='ocr_line' id='line_1_58' title="bbox 1372 1261 2436 1327; baseline -0.001 -16"><span class='ocrx_word' id='word_1_296' title='bbox 1372 1261 1683 1312; x_wconf 86' lang='lat' dir='ltr'><strong>subductum</strong></span> <span class='ocrx_word' id='word_1_297' title='bbox 1743 1263 1982 1327; x_wconf 80' lang='lat' dir='ltr'><strong>cymbala</strong></span> <span class='ocrx_word' id='word_1_298' title='bbox 2041 1263 2308 1326; x_wconf 79' lang='lat' dir='ltr'><strong>pulsantes</strong></span> <span class='ocrx_word' id='word_1_299' title='bbox 2352 1264 2436 1312; x_wconf 83' lang='lat' dir='ltr'><strong>vel</strong></span> 
     </span>
     <span class='ocr_line' id='line_1_59' title="bbox 1372 1335 2439 1394; baseline 0.003 -9"><span class='ocrx_word' id='word_1_300' title='bbox 1372 1335 1588 1388; x_wconf 70' lang='grc' dir='ltr'>ἐνόπλιον</span> <span class='ocrx_word' id='word_1_301' title='bbox 1607 1341 1856 1389; x_wconf 73' lang='lat' dir='ltr'><strong>saltantes</strong></span> <span class='ocrx_word' id='word_1_302' title='bbox 1872 1390 1875 1393; x_wconf 78' lang='grc'><strong>,</strong></span> <span class='ocrx_word' id='word_1_303' title='bbox 1892 1338 2214 1389; x_wconf 86' lang='lat' dir='ltr'><strong>educandum</strong></span> <span class='ocrx_word' id='word_1_304' title='bbox 2235 1338 2287 1394; x_wconf 83' lang='lat' dir='ltr'><strong>in</strong></span> <span class='ocrx_word' id='word_1_305' title='bbox 2313 1337 2439 1391; x_wconf 86' lang='lat' dir='ltr'><strong>Cre·</strong></span> 
     </span>
     <span class='ocr_line' id='line_1_60' title="bbox 1373 1414 1865 1479; baseline 0.002 -16"><span class='ocrx_word' id='word_1_306' title='bbox 1373 1421 1480 1465; x_wconf 89' lang='lat' dir='ltr'><strong>tam</strong></span> <span class='ocrx_word' id='word_1_307' title='bbox 1504 1414 1865 1479; x_wconf 81' lang='lat' dir='ltr'><strong>deportarunt.</strong></span> 
     </span>
    </p>

    <p class='ocr_par' dir='ltr' id='par_1_21' title="bbox 1372 1492 2439 1633">
     <span class='ocr_line' id='line_1_61' title="bbox 1437 1492 2439 1558; baseline -0.001 -15"><span class='ocrx_word' id='word_1_308' title='bbox 1437 1499 1468 1543; x_wconf 88' lang='grc'>8</span> <span class='ocrx_word' id='word_1_309' title='bbox 1504 1493 1725 1543; x_wconf 76' lang='lat' dir='ltr'><strong>Semiviri</strong></span> <span class='ocrx_word' id='word_1_310' title='bbox 1753 1492 1993 1557; x_wconf 65' lang='lat' dir='ltr'><strong>Phryga-ss</strong></span> <span class='ocrx_word' id='word_1_311' title='bbox 2050 1492 2251 1541; x_wconf 86' lang='lat' dir='ltr'><strong>Evirati</strong></span> <span class='ocrx_word' id='word_1_312' title='bbox 2281 1492 2439 1558; x_wconf 69' lang='lat' dir='ltr'><strong>Cory-</strong></span> 
     </span>
     <span class='ocr_line' id='line_1_62' title="bbox 1372 1569 2166 1633; baseline -0.001 -13"><span class='ocrx_word' id='word_1_313' title='bbox 1372 1569 1575 1632; x_wconf 84' lang='lat' dir='ltr'><strong>bantes,</strong></span> <span class='ocrx_word' id='word_1_314' title='bbox 1595 1570 1896 1620; x_wconf 76' lang='lat' dir='ltr'><strong>sacerdotes</strong></span> <span class='ocrx_word' id='word_1_315' title='bbox 1922 1569 2166 1633; x_wconf 77' lang='lat' dir='ltr'><strong>Cybeles.</strong></span> 
     </span>
    </p>

    <p class='ocr_par' dir='ltr' id='par_1_22' title="bbox 1373 1645 2440 1944">
     <span class='ocr_line' id='line_1_63' title="bbox 1436 1645 2440 1711; baseline -0.003 -14"><span class='ocrx_word' id='word_1_316' title='bbox 1436 1652 1470 1697; x_wconf 84' lang='grc'><strong>9</strong></span> <span class='ocrx_word' id='word_1_317' title='bbox 1504 1648 1573 1697; x_wconf 73' lang='lat' dir='ltr'><strong>At</strong></span> <span class='ocrx_word' id='word_1_318' title='bbox 1596 1652 1644 1696; x_wconf 74' lang='lat' dir='ltr'><strong>te</strong></span> <span class='ocrx_word' id='word_1_319' title='bbox 1658 1649 1889 1710; x_wconf 73' lang='lat' dir='ltr'><strong>protexit,</strong></span> <span class='ocrx_word' id='word_1_320' title='bbox 1908 1645 2015 1711; x_wconf 57' lang='grc' dir='ltr'><strong>ξω]</strong></span> <span class='ocrx_word' id='word_1_321' title='bbox 2052 1646 2311 1695; x_wconf 84' lang='lat' dir='ltr'><strong>Videntur</strong></span> <span class='ocrx_word' id='word_1_322' title='bbox 2326 1645 2440 1694; x_wconf 80' lang='lat' dir='ltr'><strong>liaec</strong></span> 
     </span>
     <span class='ocr_line' id='line_1_64' title="bbox 1373 1721 2438 1785; baseline -0.005 -12"><span class='ocrx_word' id='word_1_323' title='bbox 1373 1721 1588 1779; x_wconf 79' lang='lat' dir='ltr'><strong>confuse</strong></span> <span class='ocrx_word' id='word_1_324' title='bbox 1611 1721 1833 1785; x_wconf 82' lang='lat' dir='ltr'><strong>intelligi</strong></span> <span class='ocrx_word' id='word_1_325' title='bbox 1855 1721 1920 1771; x_wconf 83' lang='lat' dir='ltr'><strong>de</strong></span> <span class='ocrx_word' id='word_1_326' title='bbox 1941 1722 1974 1773; x_wconf 84' lang='lat' dir='ltr'>J</span> <span class='ocrx_word' id='word_1_327' title='bbox 1980 1721 2332 1781; x_wconf 82' lang='lat' dir='ltr'><strong>ovecustode,</strong></span> <span class='ocrx_word' id='word_1_328' title='bbox 2354 1723 2438 1770; x_wconf 92' lang='lat' dir='ltr'><strong>cui</strong></span> 
     </span>
     <span class='ocr_line' id='line_1_65' title="bbox 1375 1798 2439 1866; baseline -0.006 -14"><span class='ocrx_word' id='word_1_329' title='bbox 1375 1802 1624 1866; x_wconf 88' lang='lat' dir='ltr'><strong>templum</strong></span> <span class='ocrx_word' id='word_1_330' title='bbox 1636 1799 1882 1855; x_wconf 85' lang='lat' dir='ltr'><strong>condidit</strong></span> <span class='ocrx_word' id='word_1_331' title='bbox 1904 1798 2227 1848; x_wconf 85' lang='lat' dir='ltr'><strong>Domitianus</strong></span> <span class='ocrx_word' id='word_1_332' title='bbox 2244 1812 2308 1845; x_wconf 90' lang='lat' dir='ltr'><strong>eo</strong></span> <span class='ocrx_word' id='word_1_333' title='bbox 2324 1799 2439 1861; x_wconf 88' lang='lat' dir='ltr'><strong>loco</strong></span> 
     </span>
     <span class='ocr_line' id='line_1_66' title="bbox 1374 1874 2278 1944; baseline -0.009 -15"><span class='ocrx_word' id='word_1_334' title='bbox 1374 1894 1476 1944; x_wconf 90' lang='lat' dir='ltr'><strong>quo</strong></span> <span class='ocrx_word' id='word_1_335' title='bbox 1499 1877 1792 1928; x_wconf 87' lang='lat' dir='ltr'><strong>delituisset</strong></span> <span class='ocrx_word' id='word_1_336' title='bbox 1816 1875 1952 1925; x_wconf 92' lang='lat' dir='ltr'><strong>bello</strong></span> <span class='ocrx_word' id='word_1_337' title='bbox 1973 1874 2278 1924; x_wconf 78' lang='lat' dir='ltr'><strong>Vitelliano.</strong></span> 
     </span>
    </p>

    <p class='ocr_par' dir='ltr' id='par_1_23' title="bbox 1374 1951 2440 2172">
     <span class='ocr_line' id='line_1_67' title="bbox 1441 1951 2438 2016; baseline -0.007 -11"><span class='ocrx_word' id='word_1_338' title='bbox 1441 1959 1503 2005; x_wconf 89' lang='grc'><strong>10</strong></span> <span class='ocrx_word' id='word_1_339' title='bbox 1534 1956 1723 2014; x_wconf 77' lang='lat' dir='ltr'><strong>Jaculo,</strong></span> <span class='ocrx_word' id='word_1_340' title='bbox 1745 1951 1852 2016; x_wconf 56' lang='grc' dir='ltr'><strong>ξω]</strong></span> <span class='ocrx_word' id='word_1_341' title='bbox 1900 1952 2035 2009; x_wconf 87' lang='lat' dir='ltr'><strong>Ense</strong></span> <span class='ocrx_word' id='word_1_342' title='bbox 2058 1959 2114 1999; x_wconf 88' lang='lat' dir='ltr'><strong>et</strong></span> <span class='ocrx_word' id='word_1_343' title='bbox 2138 1958 2306 2012; x_wconf 88' lang='lat' dir='ltr'><strong>scuto,</strong></span> <span class='ocrx_word' id='word_1_344' title='bbox 2323 1964 2438 2016; x_wconf 65' lang='lat' dir='ltr'><strong>qua</strong></span> 
     </span>
     <span class='ocr_line' id='line_1_68' title="bbox 1376 2028 2440 2095; baseline -0.003 -14"><span class='ocrx_word' id='word_1_345' title='bbox 1376 2030 1733 2095; x_wconf 78' lang='lat' dir='ltr'><strong>Corybantum</strong></span> <span class='ocrx_word' id='word_1_346' title='bbox 1773 2043 1914 2078; x_wconf 86' lang='lat' dir='ltr'><strong>arma</strong></span> <span class='ocrx_word' id='word_1_347' title='bbox 1946 2036 2082 2078; x_wconf 87' lang='lat' dir='ltr'><strong>sunt.</strong></span> <span class='ocrx_word' id='word_1_348' title='bbox 2149 2028 2440 2092; x_wconf 73' lang='lat' dir='ltr'><strong>AEgiserut]</strong></span> 
     </span>
     <span class='ocr_line' id='line_1_69' title="bbox 1374 2108 2208 2172; baseline -0.001 -14"><span class='ocrx_word' id='word_1_349' title='bbox 1374 2109 1554 2172; x_wconf 85' lang='lat' dir='ltr'><strong>Epigr.</strong></span> <span class='ocrx_word' id='word_1_350' title='bbox 1575 2114 1620 2158; x_wconf 88' lang='lat'><strong>1.</strong></span> <span class='ocrx_word' id='word_1_351' title='bbox 1643 2108 1734 2158; x_wconf 90' lang='lat' dir='ltr'><strong>lib.</strong></span> <span class='ocrx_word' id='word_1_352' title='bbox 1751 2112 1800 2157; x_wconf 90' lang='grc'><strong>7.</strong></span> <span class='ocrx_word' id='word_1_353' title='bbox 1821 2121 1959 2156; x_wconf 86' lang='lat' dir='ltr'><strong>vers.</strong></span> <span class='ocrx_word' id='word_1_354' title='bbox 1981 2111 2027 2156; x_wconf 86' lang='lat'><strong>1.</strong></span> <span class='ocrx_word' id='word_1_355' title='bbox 2047 2113 2101 2156; x_wconf 88' lang='lat' dir='ltr'><strong>et</strong></span> <span class='ocrx_word' id='word_1_356' title='bbox 2125 2110 2172 2157; x_wconf 82' lang='grc'><strong>4.</strong></span> <span class='ocrx_word' id='word_1_357' title='bbox 2204 2158 2208 2164; x_wconf 65' lang='grc'>,</span> 
     </span>
    </p>

    <p class='ocr_par' dir='ltr' id='par_1_24' title="bbox 1375 2184 2497 2624">
     <span class='ocr_line' id='line_1_70' title="bbox 1441 2184 2442 2236; baseline -0.003 0"><span class='ocrx_word' id='word_1_358' title='bbox 1441 2187 1606 2236; x_wconf 71' lang='lat' dir='ltr'><strong>Eme.</strong></span> <span class='ocrx_word' id='word_1_359' title='bbox 1634 2199 1779 2236; x_wconf 84' lang='lat' dir='ltr'><strong>xxn.</strong></span> <span class='ocrx_word' id='word_1_360' title='bbox 1815 2185 1973 2235; x_wconf 87' lang='lat' dir='ltr'><strong>Ludit</strong></span> <span class='ocrx_word' id='word_1_361' title='bbox 1998 2185 2050 2234; x_wconf 90' lang='lat' dir='ltr'><strong>in</strong></span> <span class='ocrx_word' id='word_1_362' title='bbox 2072 2184 2442 2234; x_wconf 80' lang='lat' dir='ltr'><strong>Paronomasia</strong></span> 
     </span>
     <span class='ocr_line' id='line_1_71' title="bbox 1376 2261 2497 2327; baseline -0.004 -14"><span class='ocrx_word' id='word_1_363' title='bbox 1376 2265 1764 2326; x_wconf 80' lang='lat' dir='ltr'><strong>versus-ultimi,</strong></span> <span class='ocrx_word' id='word_1_364' title='bbox 1795 2271 1851 2312; x_wconf 88' lang='lat' dir='ltr'><strong>et</strong></span> <span class='ocrx_word' id='word_1_365' title='bbox 1885 2261 2147 2311; x_wconf 82' lang='lat' dir='ltr'><strong>antitheta</strong></span> <span class='ocrx_word' id='word_1_366' title='bbox 2179 2263 2439 2311; x_wconf 86' lang='lat' dir='ltr'><strong>nominum</strong></span> <span class='ocrx_word' id='word_1_367' title='bbox 2489 2322 2497 2327; x_wconf 84' lang='lat'><strong>.</strong></span> 
     </span>
     <span class='ocr_line' id='line_1_72' title="bbox 1375 2337 2440 2405; baseline -0.004 -17"><span class='ocrx_word' id='word_1_368' title='bbox 1375 2340 1783 2405; x_wconf 73' lang='lat' dir='ltr'><strong>significatione:</strong></span> <span class='ocrx_word' id='word_1_369' title='bbox 1819 2355 1935 2387; x_wconf 84' lang='lat' dir='ltr'><strong>cum</strong></span> <span class='ocrx_word' id='word_1_370' title='bbox 1955 2337 2333 2400; x_wconf 78' lang='lat' dir='ltr'><strong>Artemidorus,</strong></span> <span class='ocrx_word' id='word_1_371' title='bbox 2355 2338 2440 2387; x_wconf 88' lang='lat' dir='ltr'><strong>cui</strong></span> 
     </span>
     <span class='ocr_line' id='line_1_73' title="bbox 1376 2419 2442 2480; baseline -0.004 -14"><span class='ocrx_word' id='word_1_372' title='bbox 1376 2433 1406 2466; x_wconf 89' lang='lat' dir='ltr'><strong>a</strong></span> <span class='ocrx_word' id='word_1_373' title='bbox 1430 2419 1669 2466; x_wconf 87' lang='lat' dir='ltr'><strong>Minerva</strong></span> <span class='ocrx_word' id='word_1_374' title='bbox 1702 2419 1823 2480; x_wconf 81' lang='lat' dir='ltr'><strong>Dea</strong></span> <span class='ocrx_word' id='word_1_375' title='bbox 1856 2427 2001 2465; x_wconf 83' lang='lat' dir='ltr'><strong>casta</strong></span> <span class='ocrx_word' id='word_1_376' title='bbox 2042 2430 2247 2479; x_wconf 79' lang='lat' dir='ltr'><strong>nomen,</strong></span> <span class='ocrx_word' id='word_1_377' title='bbox 2268 2423 2442 2475; x_wconf 80' lang='lat' dir='ltr'><strong>amet3</strong></span> 
     </span>
     <span class='ocr_line' id='line_1_74' title="bbox 1378 2492 2443 2558; baseline -0.005 -13"><span class='ocrx_word' id='word_1_378' title='bbox 1378 2497 1720 2558; x_wconf 83' lang='lat' dir='ltr'><strong>Calliodorus,</strong></span> <span class='ocrx_word' id='word_1_379' title='bbox 1735 2496 1866 2544; x_wconf 90' lang='lat' dir='ltr'><strong>cuia</strong></span> <span class='ocrx_word' id='word_1_380' title='bbox 1886 2494 2067 2544; x_wconf 69' lang='lat' dir='ltr'><strong>formas</strong></span> <span class='ocrx_word' id='word_1_381' title='bbox 2084 2492 2215 2542; x_wconf 89' lang='lat' dir='ltr'><strong>dono</strong></span> <span class='ocrx_word' id='word_1_382' title='bbox 2234 2508 2443 2553; x_wconf 89' lang='lat' dir='ltr'><strong>nomen,</strong></span> 
     </span>
     <span class='ocr_line' id='line_1_75' title="bbox 1379 2581 1510 2624; baseline 0 0"><span class='ocrx_word' id='word_1_383' title='bbox 1379 2581 1510 2624; x_wconf 86' lang='lat' dir='ltr'><strong>aret.</strong></span> 
     </span>
    </p>

    <p class='ocr_par' dir='ltr' id='par_1_25' title="bbox 1375 2632 2498 3098">
     <span class='ocr_line' id='line_1_76' title="bbox 1441 2632 2441 2702; baseline -0.009 -1"><span class='ocrx_word' id='word_1_384' title='bbox 1441 2632 1610 2701; x_wconf 65' lang='lat' dir='ltr'><strong>Eme.</strong></span> <span class='ocrx_word' id='word_1_385' title='bbox 1637 2664 1809 2701; x_wconf 85' lang='lat' dir='ltr'><strong>xxm.</strong></span> <span class='ocrx_word' id='word_1_386' title='bbox 1868 2647 2121 2702; x_wconf 76' lang='lat' dir='ltr'><strong>Liberalis</strong></span> <span class='ocrx_word' id='word_1_387' title='bbox 2161 2645 2316 2696; x_wconf 85' lang='lat' dir='ltr'><strong>animi</strong></span> <span class='ocrx_word' id='word_1_388' title='bbox 2360 2659 2441 2700; x_wconf 63' lang='lat' dir='ltr'><strong>ar,-</strong></span> 
     </span>
     <span class='ocr_line' id='line_1_77' title="bbox 1376 2722 2497 2792; baseline -0.008 -15"><span class='ocrx_word' id='word_1_389' title='bbox 1376 2737 1623 2792; x_wconf 80' lang='lat' dir='ltr'><strong>gumenta</strong></span> <span class='ocrx_word' id='word_1_390' title='bbox 1646 2727 1839 2791; x_wconf 87' lang='lat' dir='ltr'><strong>prodit.</strong></span> <span class='ocrx_word' id='word_1_391' title='bbox 1906 2724 1986 2773; x_wconf 90' lang='lat' dir='ltr'><strong>An</strong></span> <span class='ocrx_word' id='word_1_392' title='bbox 2010 2724 2092 2773; x_wconf 87' lang='lat' dir='ltr'><strong>hic</strong></span> <span class='ocrx_word' id='word_1_393' title='bbox 2119 2722 2287 2775; x_wconf 79' lang='lat' dir='ltr'><strong>Julius</strong></span> <span class='ocrx_word' id='word_1_394' title='bbox 2312 2722 2440 2770; x_wconf 77' lang='lat' dir='ltr'><strong>Pas-</strong></span> <span class='ocrx_word' id='word_1_395' title='bbox 2493 2783 2497 2790; x_wconf 18' lang='grc' dir='ltr'><strong>Δ</strong></span> 
     </span>
     <span class='ocr_line' id='line_1_78' title="bbox 1377 2798 2442 2869; baseline -0.008 -13"><span class='ocrx_word' id='word_1_396' title='bbox 1377 2814 1480 2867; x_wconf 82' lang='lat' dir='ltr'><strong>tor,</strong></span> <span class='ocrx_word' id='word_1_397' title='bbox 1518 2807 1584 2854; x_wconf 91' lang='lat' dir='ltr'><strong>de</strong></span> <span class='ocrx_word' id='word_1_398' title='bbox 1622 2819 1724 2869; x_wconf 86' lang='lat' dir='ltr'><strong>quo</strong></span> <span class='ocrx_word' id='word_1_399' title='bbox 1770 2804 1970 2852; x_wconf 85' lang='lat' dir='ltr'><strong>Plinius</strong></span> <span class='ocrx_word' id='word_1_400' title='bbox 2035 2802 2223 2853; x_wconf 80' lang='lat' dir='ltr'><strong>Junior</strong></span> <span class='ocrx_word' id='word_1_401' title='bbox 2260 2798 2350 2848; x_wconf 91' lang='lat' dir='ltr'><strong>lib.</strong></span> <span class='ocrx_word' id='word_1_402' title='bbox 2394 2802 2442 2847; x_wconf 93' lang='lat'><strong>1.</strong></span> 
     </span>
     <span class='ocr_line' id='line_1_79' title="bbox 1376 2878 2441 2948; baseline -0.009 -14"><span class='ocrx_word' id='word_1_403' title='bbox 1376 2884 1547 2948; x_wconf 83' lang='lat' dir='ltr'><strong>Epist.</strong></span> <span class='ocrx_word' id='word_1_404' title='bbox 1574 2888 1652 2934; x_wconf 86' lang='lat'><strong>18.</strong></span> <span class='ocrx_word' id='word_1_405' title='bbox 1717 2883 1802 2933; x_wconf 87' lang='grc' dir='ltr'><strong>Αιι</strong></span> <span class='ocrx_word' id='word_1_406' title='bbox 1827 2882 1942 2944; x_wconf 84' lang='lat' dir='ltr'><strong>ejus</strong></span> <span class='ocrx_word' id='word_1_407' title='bbox 1979 2880 2159 2940; x_wconf 79' lang='lat' dir='ltr'><strong>frater,</strong></span> <span class='ocrx_word' id='word_1_408' title='bbox 2176 2892 2331 2943; x_wconf 88' lang='lat' dir='ltr'><strong>quem</strong></span> <span class='ocrx_word' id='word_1_409' title='bbox 2348 2878 2441 2925; x_wconf 88' lang='lat' dir='ltr'><strong>im·-</strong></span> 
     </span>
     <span class='ocr_line' id='line_1_80' title="bbox 1379 2952 2498 3026; baseline -0.009 -16"><span class='ocrx_word' id='word_1_410' title='bbox 1379 2962 1495 3025; x_wconf 88' lang='lat' dir='ltr'><strong>pius</strong></span> <span class='ocrx_word' id='word_1_411' title='bbox 1527 2962 1761 3026; x_wconf 84' lang='lat' dir='ltr'><strong>Caligula</strong></span> <span class='ocrx_word' id='word_1_412' title='bbox 1797 2957 2086 3019; x_wconf 86' lang='lat' dir='ltr'><strong>interfecit,</strong></span> <span class='ocrx_word' id='word_1_413' title='bbox 2107 2963 2167 3006; x_wconf 90' lang='lat' dir='ltr'><strong>ut</strong></span> <span class='ocrx_word' id='word_1_414' title='bbox 2201 2959 2284 3004; x_wconf 89' lang='lat' dir='ltr'><strong>est</strong></span> <span class='ocrx_word' id='word_1_415' title='bbox 2305 2952 2443 3017; x_wconf 87' lang='lat' dir='ltr'><strong>apud</strong></span> <span class='ocrx_word' id='word_1_416' title='bbox 2495 3003 2498 3007; x_wconf 15' lang='grc' dir='ltr'><strong>Α</strong></span> 
     </span>
     <span class='ocr_line' id='line_1_81' title="bbox 1375 3035 2280 3098; baseline -0.009 -9"><span class='ocrx_word' id='word_1_417' title='bbox 1375 3039 1628 3090; x_wconf 89' lang='lat' dir='ltr'><strong>Senecam</strong></span> <span class='ocrx_word' id='word_1_418' title='bbox 1653 3039 1744 3089; x_wconf 89' lang='lat' dir='ltr'><strong>lib.</strong></span> <span class='ocrx_word' id='word_1_419' title='bbox 1767 3042 1818 3088; x_wconf 94' lang='grc'><strong>2.</strong></span> <span class='ocrx_word' id='word_1_420' title='bbox 1841 3037 1905 3086; x_wconf 87' lang='lat' dir='ltr'><strong>de</strong></span> <span class='ocrx_word' id='word_1_421' title='bbox 1928 3036 2034 3098; x_wconf 87' lang='lat' dir='ltr'><strong>Ira,</strong></span> <span class='ocrx_word' id='word_1_422' title='bbox 2055 3048 2174 3097; x_wconf 89' lang='lat' dir='ltr'><strong>cap.</strong></span> <span class='ocrx_word' id='word_1_423' title='bbox 2196 3035 2280 3083; x_wconf 68' lang='lat'><strong>38.</strong></span> 
     </span>
    </p>

    <p class='ocr_par' dir='ltr' id='par_1_26' title="bbox 1380 3108 2499 3322">
     <span class='ocr_line' id='line_1_82' title="bbox 1444 3108 2447 3179; baseline -0.014 -11"><span class='ocrx_word' id='word_1_424' title='bbox 1444 3121 1478 3168; x_wconf 81' lang='lat'>2</span> <span class='ocrx_word' id='word_1_425' title='bbox 1509 3116 1715 3179; x_wconf 78' lang='lat' dir='ltr'><strong>Propter</strong></span> <span class='ocrx_word' id='word_1_426' title='bbox 1734 3114 1878 3178; x_wconf 77' lang='lat' dir='ltr'><strong>quod]</strong></span> <span class='ocrx_word' id='word_1_427' title='bbox 1909 3113 2012 3166; x_wconf 83' lang='lat' dir='ltr'><strong>Qui</strong></span> <span class='ocrx_word' id='word_1_428' title='bbox 2034 3110 2240 3161; x_wconf 85' lang='lat' dir='ltr'><strong>divitias</strong></span> <span class='ocrx_word' id='word_1_429' title='bbox 2261 3110 2314 3158; x_wconf 91' lang='lat' dir='ltr'><strong>in</strong></span> <span class='ocrx_word' id='word_1_430' title='bbox 2339 3108 2447 3156; x_wconf 81' lang='lat' dir='ltr'><strong>lux·</strong></span> 
     </span>
     <span class='ocr_line' id='line_1_83' title="bbox 1380 3185 2499 3256; baseline -0.007 -14"><span class='ocrx_word' id='word_1_431' title='bbox 1380 3208 1465 3243; x_wconf 89' lang='lat' dir='ltr'><strong>um</strong></span> <span class='ocrx_word' id='word_1_432' title='bbox 1485 3201 1542 3242; x_wconf 88' lang='lat' dir='ltr'><strong>et</strong></span> <span class='ocrx_word' id='word_1_433' title='bbox 1565 3194 1860 3256; x_wconf 82' lang='lat' dir='ltr'><strong>voluptates</strong></span> <span class='ocrx_word' id='word_1_434' title='bbox 1881 3189 2239 3253; x_wconf 30' lang='lat' dir='ltr'><strong>effundit,1aut</strong></span> <span class='ocrx_word' id='word_1_435' title='bbox 2259 3188 2314 3238; x_wconf 89' lang='lat' dir='ltr'><strong>in</strong></span> <span class='ocrx_word' id='word_1_436' title='bbox 2339 3185 2445 3237; x_wconf 74' lang='lat' dir='ltr'><strong>fas·</strong></span> <span class='ocrx_word' id='word_1_437' title='bbox 2496 3245 2499 3248; x_wconf 12' lang='grc' dir='ltr'><strong><em>Ἴ</em></strong></span> 
     </span>
     <span class='ocr_line' id='line_1_84' title="bbox 1381 3270 1754 3322; baseline 0.005 -2"><span class='ocrx_word' id='word_1_438' title='bbox 1381 3277 1492 3320; x_wconf 87' lang='grc' dir='ltr'>ιιιιιι</span> <span class='ocrx_word' id='word_1_439' title='bbox 1514 3270 1754 3322; x_wconf 79' lang='lat' dir='ltr'><strong>absumit.</strong></span> 
     </span>
    </p>

    <p class='ocr_par' dir='ltr' id='par_1_27' title="bbox 1382 3343 2450 3549">
     <span class='ocr_line' id='line_1_85' title="bbox 1446 3343 2445 3409; baseline 0.001 -14"><span class='ocrx_word' id='word_1_440' title='bbox 1446 3351 1476 3395; x_wconf 80' lang='lat'><strong>3</strong></span> <span class='ocrx_word' id='word_1_441' title='bbox 1516 3347 1585 3406; x_wconf 44' lang='lat' dir='ltr'><strong>‚Ut</strong></span> <span class='ocrx_word' id='word_1_442' title='bbox 1605 3346 1794 3407; x_wconf 72' lang='lat' dir='ltr'><strong>Setina,</strong></span> <span class='ocrx_word' id='word_1_443' title='bbox 1815 3346 1922 3409; x_wconf 57' lang='grc' dir='ltr'><strong>ξω]</strong></span> <span class='ocrx_word' id='word_1_444' title='bbox 1956 3345 2033 3396; x_wconf 87' lang='lat' dir='ltr'><strong>Ut</strong></span> <span class='ocrx_word' id='word_1_445' title='bbox 2070 3345 2233 3395; x_wconf 87' lang='lat' dir='ltr'><strong>colam</strong></span> <span class='ocrx_word' id='word_1_446' title='bbox 2269 3343 2445 3396; x_wconf 71' lang='lat' dir='ltr'><strong>vinea·</strong></span> 
     </span>
     <span class='ocr_line' id='line_1_86' title="bbox 1382 3421 2450 3484; baseline -0.002 -13"><span class='ocrx_word' id='word_1_447' title='bbox 1382 3423 1604 3478; x_wconf 63' lang='lat' dir='ltr'><strong>insetia</strong></span> <span class='ocrx_word' id='word_1_448' title='bbox 1639 3422 1865 3473; x_wconf 80' lang='lat' dir='ltr'><strong>civitate</strong></span> <span class='ocrx_word' id='word_1_449' title='bbox 1894 3421 2048 3484; x_wconf 81' lang='lat' dir='ltr'><strong>Latii,</strong></span> <span class='ocrx_word' id='word_1_450' title='bbox 2084 3421 2172 3470; x_wconf 91' lang='lat' dir='ltr'><strong>ubi</strong></span> <span class='ocrx_word' id='word_1_451' title='bbox 2201 3421 2339 3476; x_wconf 81' lang='lat' dir='ltr'><strong>vites</strong></span> <span class='ocrx_word' id='word_1_452' title='bbox 2358 3436 2450 3478; x_wconf 37' lang='lat' dir='ltr'><strong>no·-</strong></span> 
     </span>
     <span class='ocr_line' id='line_1_87' title="bbox 1382 3499 1585 3549; baseline 0 0"><span class='ocrx_word' id='word_1_453' title='bbox 1382 3499 1532 3549; x_wconf 90' lang='lat' dir='ltr'><strong>biles.</strong></span> <span class='ocrx_word' id='word_1_454' title='bbox 1580 3529 1585 3542; x_wconf 83' lang='lat'><em>·</em></span> 
     </span>
    </p>

    <p class='ocr_par' dir='ltr' id='par_1_28' title="bbox 1380 3571 2450 4095">
     <span class='ocr_line' id='line_1_88' title="bbox 1446 3571 2447 3640; baseline -0.006 -15"><span class='ocrx_word' id='word_1_455' title='bbox 1446 3580 1478 3625; x_wconf 79' lang='grc'>4</span> <span class='ocrx_word' id='word_1_456' title='bbox 1517 3578 1582 3625; x_wconf 81' lang='lat' dir='ltr'><strong>Et</strong></span> <span class='ocrx_word' id='word_1_457' title='bbox 1599 3575 1876 3640; x_wconf 40' lang='lat' dir='ltr'><strong>semime]</strong></span> <span class='ocrx_word' id='word_1_458' title='bbox 1925 3576 1997 3625; x_wconf 91' lang='lat' dir='ltr'><strong>Et</strong></span> <span class='ocrx_word' id='word_1_459' title='bbox 2033 3572 2289 3623; x_wconf 88' lang='lat' dir='ltr'><strong>innumeri</strong></span> <span class='ocrx_word' id='word_1_460' title='bbox 2312 3571 2447 3621; x_wconf 82' lang='lat' dir='ltr'><strong>servi</strong></span> 
     </span>
     <span class='ocr_line' id='line_1_89' title="bbox 1381 3654 2445 3719; baseline -0.006 -15.994"><span class='ocrx_word' id='word_1_461' title='bbox 1381 3655 1432 3703; x_wconf 89' lang='lat' dir='ltr'><strong>in</strong></span> <span class='ocrx_word' id='word_1_462' title='bbox 1457 3655 1723 3719; x_wconf 85' lang='lat' dir='ltr'><strong>ergastula</strong></span> <span class='ocrx_word' id='word_1_463' title='bbox 1754 3655 1966 3703; x_wconf 87' lang='lat' dir='ltr'><strong>Thusca</strong></span> <span class='ocrx_word' id='word_1_464' title='bbox 1999 3654 2293 3713; x_wconf 88' lang='lat' dir='ltr'><strong>mittantur,</strong></span> <span class='ocrx_word' id='word_1_465' title='bbox 2313 3664 2445 3712; x_wconf 88' lang='lat' dir='ltr'><strong>opus</strong></span> 
     </span>
     <span class='ocr_line' id='line_1_90' title="bbox 1380 3726 2447 3796; baseline -0.005 -15"><span class='ocrx_word' id='word_1_466' title='bbox 1380 3733 1433 3781; x_wconf 88' lang='lat' dir='ltr'><strong>in</strong></span> <span class='ocrx_word' id='word_1_467' title='bbox 1467 3731 1802 3796; x_wconf 83' lang='lat' dir='ltr'><strong>compedibus</strong></span> <span class='ocrx_word' id='word_1_468' title='bbox 1834 3729 2050 3780; x_wconf 86' lang='lat' dir='ltr'><strong>facturi.</strong></span> <span class='ocrx_word' id='word_1_469' title='bbox 2107 3726 2289 3791; x_wconf 89' lang='lat' dir='ltr'><strong>Epigr.</strong></span> <span class='ocrx_word' id='word_1_470' title='bbox 2309 3727 2447 3776; x_wconf 73' lang='lat'><strong>2901.</strong></span> 
     </span>
     <span class='ocr_line' id='line_1_91' title="bbox 1381 3802 2449 3870; baseline -0.007 -12"><span class='ocrx_word' id='word_1_471' title='bbox 1381 3814 1429 3870; x_wconf 56' lang='lat'><strong>3.</strong></span> <span class='ocrx_word' id='word_1_472' title='bbox 1451 3824 1586 3858; x_wconf 85' lang='lat' dir='ltr'><strong>vers.</strong></span> <span class='ocrx_word' id='word_1_473' title='bbox 1605 3813 1652 3857; x_wconf 93' lang='lat' dir='ltr'><strong>l.</strong></span> <span class='ocrx_word' id='word_1_474' title='bbox 1688 3806 2063 3856; x_wconf 84' lang='lat' dir='ltr'><strong>vinciebantur</strong></span> <span class='ocrx_word' id='word_1_475' title='bbox 2075 3804 2213 3853; x_wconf 88' lang='lat' dir='ltr'><strong>servi</strong></span> <span class='ocrx_word' id='word_1_476' title='bbox 2230 3804 2278 3850; x_wconf 88' lang='lat' dir='ltr'><strong>in</strong></span> <span class='ocrx_word' id='word_1_477' title='bbox 2294 3802 2449 3864; x_wconf 85' lang='lat' dir='ltr'><strong>agris.</strong></span> 
     </span>
     <span class='ocr_line' id='line_1_92' title="bbox 1380 3877 2449 3945; baseline -0.007 -9"><span class='ocrx_word' id='word_1_478' title='bbox 1380 3886 1634 3944; x_wconf 84' lang='lat' dir='ltr'><strong>Tibullus,</strong></span> <span class='ocrx_word' id='word_1_479' title='bbox 1658 3886 1748 3934; x_wconf 88' lang='lat' dir='ltr'><strong>lib.</strong></span> <span class='ocrx_word' id='word_1_480' title='bbox 1771 3889 1822 3935; x_wconf 86' lang='grc'><strong>2.</strong></span> <span class='ocrx_word' id='word_1_481' title='bbox 1887 3884 1902 3909; x_wconf 87' lang='lat'>‘</span> <span class='ocrx_word' id='word_1_482' title='bbox 1924 3882 2078 3945; x_wconf 84' lang='lat' dir='ltr'><strong>Saepe</strong></span> <span class='ocrx_word' id='word_1_483' title='bbox 2101 3879 2257 3929; x_wconf 84' lang='lat' dir='ltr'><strong>etiam</strong></span> <span class='ocrx_word' id='word_1_484' title='bbox 2281 3877 2449 3928; x_wconf 72' lang='lat' dir='ltr'><strong>valida</strong></span> 
     </span>
     <span class='ocr_line' id='line_1_93' title="bbox 1382 3954 2450 4023; baseline -0.007 -12"><span class='ocrx_word' id='word_1_485' title='bbox 1382 3963 1582 4019; x_wconf 85' lang='lat' dir='ltr'><strong>solatur</strong></span> <span class='ocrx_word' id='word_1_486' title='bbox 1617 3960 1870 4023; x_wconf 82' lang='lat' dir='ltr'><strong>compede</strong></span> <span class='ocrx_word' id='word_1_487' title='bbox 1905 3959 2159 4016; x_wconf 82' lang='lat' dir='ltr'><strong>vinctum,</strong></span> <span class='ocrx_word' id='word_1_488' title='bbox 2184 3954 2351 4012; x_wconf 84' lang='lat' dir='ltr'><strong>Crura</strong></span> <span class='ocrx_word' id='word_1_489' title='bbox 2370 3970 2450 4003; x_wconf 83' lang='lat' dir='ltr'><strong>so-</strong></span> 
     </span>
     <span class='ocr_line' id='line_1_94' title="bbox 1383 4031 2450 4104; baseline -0.007 -16"><span class='ocrx_word' id='word_1_490' title='bbox 1383 4047 1512 4089; x_wconf 87' lang='lat' dir='ltr'><strong>nant</strong></span> <span class='ocrx_word' id='word_1_491' title='bbox 1556 4037 1728 4087; x_wconf 85' lang='lat' dir='ltr'><strong>ferro:</strong></span> <span class='ocrx_word' id='word_1_492' title='bbox 1786 4035 1879 4085; x_wconf 89' lang='lat' dir='ltr'><strong>sed</strong></span> <span class='ocrx_word' id='word_1_493' title='bbox 1929 4033 2070 4086; x_wconf 88' lang='lat' dir='ltr'><strong>canit</strong></span> <span class='ocrx_word' id='word_1_494' title='bbox 2112 4035 2251 4082; x_wconf 89' lang='lat' dir='ltr'><strong>inter</strong></span> <span class='ocrx_word' id='word_1_495' title='bbox 2286 4045 2433 4104; x_wconf 86' lang='lat' dir='ltr'><strong>opus.</strong></span> <span class='ocrx_word' id='word_1_496' title='bbox 2437 4031 2450 4048; x_wconf 88' lang='lat'>&#39;</span> 
     </span>
    </p>
   </div>
   <div class='ocr_carea' id='block_1_8' title="bbox 260 4084 2449 4182">
    <p class='ocr_par' dir='ltr' id='par_1_29' title="bbox 260 4084 2449 4182">
     <span class='ocr_line' id='line_1_95' title="bbox 260 4084 2449 4182; baseline -0.002 -20"><span class='ocrx_word' id='word_1_497' title='bbox 260 4116 337 4164; x_wconf 82' lang='lat' dir='ltr'><strong>vel</strong></span> <span class='ocrx_word' id='word_1_498' title='bbox 358 4116 444 4167; x_wconf 90' lang='lat' dir='ltr'><strong>ubi</strong></span> <span class='ocrx_word' id='word_1_499' title='bbox 459 4118 711 4181; x_wconf 82' lang='lat' dir='ltr'><strong>templum</strong></span> <span class='ocrx_word' id='word_1_500' title='bbox 728 4117 989 4182; x_wconf 78' lang='lat' dir='ltr'><strong>publicum</strong></span> <span class='ocrx_word' id='word_1_501' title='bbox 1005 4124 1063 4167; x_wconf 89' lang='lat' dir='ltr'><strong>et</strong></span> <span class='ocrx_word' id='word_1_502' title='bbox 1076 4115 1311 4174; x_wconf 79' lang='lat' dir='ltr'><strong>omnibus</strong></span> <span class='ocrx_word' id='word_1_503' title='bbox 1385 4117 1629 4170; x_wconf 86' lang='lat' dir='ltr'><strong>Lucanus</strong></span> <span class='ocrx_word' id='word_1_504' title='bbox 1660 4116 1750 4172; x_wconf 90' lang='lat' dir='ltr'><strong>lib.</strong></span> <span class='ocrx_word' id='word_1_505' title='bbox 1771 4119 1819 4164; x_wconf 91' lang='grc'>7.</span> <span class='ocrx_word' id='word_1_506' title='bbox 1873 4115 1887 4142; x_wconf 92' lang='lat'>‘</span> <span class='ocrx_word' id='word_1_507' title='bbox 1911 4113 2105 4163; x_wconf 81' lang='lat' dir='ltr'><strong>vincto</strong></span> <span class='ocrx_word' id='word_1_508' title='bbox 2141 4084 2339 4160; x_wconf 83' lang='lat' dir='ltr'><strong>fossore</strong></span> <span class='ocrx_word' id='word_1_509' title='bbox 2362 4125 2449 4159; x_wconf 84' lang='lat' dir='ltr'><strong>eo·</strong></span> 
     </span>
    </p>
   </div>
   <div class='ocr_carea' id='block_1_9' title="bbox 260 4199 453 4254">
    <p class='ocr_par' dir='ltr' id='par_1_30' title="bbox 260 4199 453 4254">
     <span class='ocr_line' id='line_1_96' title="bbox 260 4199 453 4254; baseline 0.029 -14"><span class='ocrx_word' id='word_1_510' title='bbox 260 4199 453 4254; x_wconf 81' lang='lat' dir='ltr'><strong>patens.</strong></span> 
     </span>
    </p>
   </div>
   <div class='ocr_carea' id='block_1_10' title="bbox 1385 4186 2450 4258">
    <p class='ocr_par' dir='ltr' id='par_1_31' title="bbox 1385 4186 2450 4258">
     <span class='ocr_line' id='line_1_97' title="bbox 1385 4186 2450 4258; baseline -0.007 -13"><span class='ocrx_word' id='word_1_511' title='bbox 1385 4198 1562 4245; x_wconf 89' lang='lat' dir='ltr'><strong>luntur</strong></span> <span class='ocrx_word' id='word_1_512' title='bbox 1607 4186 1886 4258; x_wconf 77' lang='lat' dir='ltr'><strong>Hesperiae</strong></span> <span class='ocrx_word' id='word_1_513' title='bbox 1923 4190 2161 4256; x_wconf 79' lang='lat' dir='ltr'><strong>segetes.&#39;</strong></span> <span class='ocrx_word' id='word_1_514' title='bbox 2224 4190 2450 4253; x_wconf 58' lang='lat' dir='ltr'><strong>Ablegae</strong></span> 
     </span>
    </p>
   </div>
   <div class='ocr_carea' id='block_1_11' title="bbox 322 4266 2451 4337">
    <p class='ocr_par' dir='ltr' id='par_1_32' title="bbox 322 4266 2451 4337">
     <span class='ocr_line' id='line_1_98' title="bbox 322 4266 2451 4337; baseline -0.004 -17"><span class='ocrx_word' id='word_1_515' title='bbox 322 4274 351 4320; x_wconf 89' lang='grc'>2</span> <span class='ocrx_word' id='word_1_516' title='bbox 388 4271 584 4322; x_wconf 75' lang='lat' dir='ltr'><strong>Conscia</strong></span> <span class='ocrx_word' id='word_1_517' title='bbox 613 4274 766 4337; x_wconf 76' lang='lat' dir='ltr'><strong>terra]</strong></span> <span class='ocrx_word' id='word_1_518' title='bbox 797 4273 930 4324; x_wconf 80' lang='lat' dir='ltr'><strong>Quae</strong></span> <span class='ocrx_word' id='word_1_519' title='bbox 960 4273 1312 4324; x_wconf 78' lang='lat' dir='ltr'><strong>Domitianum</strong></span> <span class='ocrx_word' id='word_1_520' title='bbox 1387 4274 1577 4323; x_wconf 82' lang='lat' dir='ltr'><strong>bantur</strong></span> <span class='ocrx_word' id='word_1_521' title='bbox 1601 4280 1774 4321; x_wconf 85' lang='lat' dir='ltr'><strong>autem</strong></span> <span class='ocrx_word' id='word_1_522' title='bbox 1813 4271 1876 4319; x_wconf 88' lang='lat' dir='ltr'><strong>ad</strong></span> <span class='ocrx_word' id='word_1_523' title='bbox 1915 4270 2030 4318; x_wconf 73' lang='lat' dir='ltr'><strong>hoec</strong></span> <span class='ocrx_word' id='word_1_524' title='bbox 2065 4281 2226 4331; x_wconf 84' lang='lat' dir='ltr'><strong>opera</strong></span> <span class='ocrx_word' id='word_1_525' title='bbox 2259 4266 2451 4327; x_wconf 74' lang='lat' dir='ltr'><strong>saepius</strong></span> 
     </span>
    </p>
   </div>
   <div class='ocr_carea' id='block_1_12' title="bbox 264 4350 1177 4495">
    <p class='ocr_par' dir='ltr' id='par_1_33' title="bbox 264 4350 1177 4495">
     <span class='ocr_line' id='line_1_99' title="bbox 264 4350 1177 4414; baseline 0.007 -20"><span class='ocrx_word' id='word_1_526' title='bbox 264 4351 431 4396; x_wconf 85' lang='lat' dir='ltr'><strong>natum</strong></span> <span class='ocrx_word' id='word_1_527' title='bbox 454 4350 681 4414; x_wconf 86' lang='lat' dir='ltr'><strong>excepit,</strong></span> <span class='ocrx_word' id='word_1_528' title='bbox 701 4357 1002 4401; x_wconf 82' lang='lat' dir='ltr'><strong>nascentem</strong></span> <span class='ocrx_word' id='word_1_529' title='bbox 1022 4351 1177 4403; x_wconf 76' lang='lat' dir='ltr'><strong>vidit.</strong></span> 
     </span>
     <span class='ocr_line' id='line_1_100' title="bbox 386 4431 910 4495; baseline 0.002 -15"><span class='ocrx_word' id='word_1_530' title='bbox 386 4431 556 4495; x_wconf 72' lang='lat' dir='ltr'><strong>Delph.</strong></span> <span class='ocrx_word' id='word_1_531' title='bbox 571 4437 619 4482; x_wconf 78' lang='lat' dir='ltr'><strong>et</strong></span> <span class='ocrx_word' id='word_1_532' title='bbox 643 4432 759 4485; x_wconf 80' lang='lat' dir='ltr'><strong>Var.</strong></span> <span class='ocrx_word' id='word_1_533' title='bbox 783 4432 910 4482; x_wconf 81' lang='lat' dir='ltr'><strong>Clas.</strong></span> 
     </span>
    </p>
   </div>
   <div class='ocr_carea' id='block_1_13' title="bbox 1235 4434 1456 4483">
    <p class='ocr_par' dir='ltr' id='par_1_34' title="bbox 1235 4434 1456 4483">
     <span class='ocr_line' id='line_1_101' title="bbox 1235 4434 1456 4483; baseline 0 -1"><span class='ocrx_word' id='word_1_534' title='bbox 1235 4434 1456 4483; x_wconf 78' lang='lat' dir='ltr'><strong>Martial.</strong></span> 
     </span>
    </p>
   </div>
   <div class='ocr_carea' id='block_1_14' title="bbox 1388 4345 2454 4473">
    <p class='ocr_par' dir='ltr' id='par_1_35' title="bbox 1388 4345 2454 4473">
     <span class='ocr_line' id='line_1_102' title="bbox 1388 4345 2454 4417; baseline -0.01 -18"><span class='ocrx_word' id='word_1_535' title='bbox 1388 4351 1526 4400; x_wconf 85' lang='lat' dir='ltr'><strong>servi</strong></span> <span class='ocrx_word' id='word_1_536' title='bbox 1551 4350 1724 4417; x_wconf 79' lang='lat' dir='ltr'><strong>noxii3</strong></span> <span class='ocrx_word' id='word_1_537' title='bbox 1771 4355 1826 4398; x_wconf 89' lang='lat' dir='ltr'><strong>et</strong></span> <span class='ocrx_word' id='word_1_538' title='bbox 1861 4349 1996 4397; x_wconf 85' lang='lat' dir='ltr'><strong>hunc</strong></span> <span class='ocrx_word' id='word_1_539' title='bbox 2020 4345 2251 4396; x_wconf 84' lang='lat' dir='ltr'><strong>laborem</strong></span> <span class='ocrx_word' id='word_1_540' title='bbox 2273 4349 2454 4391; x_wconf 85' lang='lat' dir='ltr'><strong>coutu-</strong></span> 
     </span>
     <span class='ocr_line' id='line_1_103' title="bbox 2206 4424 2323 4473; baseline 0.009 -1"><span class='ocrx_word' id='word_1_541' title='bbox 2206 4426 2236 4472; x_wconf 77' lang='lat'><strong>4</strong></span> <span class='ocrx_word' id='word_1_542' title='bbox 2279 4424 2323 4473; x_wconf 77' lang='lat' dir='ltr'><strong>P</strong></span> 
     </span>
    </p>
   </div>
  </div>
 </body>
</html>
