2985 4937
650 469 726 516 M.
773 465 943 514 viu..
991 457 1427 510 MARwAms-
1459 419 1704 505 aruc—R.
1754 433 1896 503 Lis.
1942 453 2057 502 lx.

288 614 440 675 tonica,
459 607 896 673 Scriverius-legit
918 606 1117 659 Sardoa.
1160 605 1318 653 Turn.

288 688 364 737 lib.
379 701 515 737 xvu.
538 686 756 736 Advers.
781 698 899 746 cap.
924 685 1005 732 16.
1038 680 1167 730 dicit
1188 679 1318 727 ‘vir-

290 781 389 829 gam
428 760 797 824 Santonicam,'
851 776 963 810 esse
1006 757 1319 808 absinthium

286 840 613 901 Santonicum,
652 844 713 887 ut
747 843 808 886 et
834 832 971 899 apud
1001 832 1321 884 Scribonium

286 919 503 980 Largum,
514 932 626 981 cap.
640 918 754 965 141.
774 912 950 977 Virga]
963 913 1125 975 Virga
1139 911 1323 959 Santo-

286 995 404 1055 nica,
417 993 465 1042 id
481 1000 577 1054 est,
592 991 873 1053 absinthio,
890 991 1034 1054 cujus
1048 989 1155 1038 tria
1169 1002 1322 1049 gene-

286 1084 363 1130 ra3
399 1071 695 1130 Ponticum3
728 1067 1019 1131 Seriphinm
1049 1080 1140 1114 seu
1170 1063 1324 1113 mari-

280 1159 407 1205 num3
421 1153 472 1195 et
482 1145 839 1206 santonicum,
850 1157 879 1192 a
889 1143 1078 1192 Gauiae
1092 1141 1323 1192 civitate.

277 1232 280 1237 ⁴
337 1226 367 1270 2
400 1223 466 1270 Os
496 1221 713 1281 hominis,
743 1219 851 1284 qua]
888 1219 1023 1269 Vide
1056 1218 1323 1282 impuden-

287 1297 395 1346 tiam
418 1297 647 1347 hominis.

335 1377 362 1422 3
398 1375 591 1435 Glauce,
616 1371 791 1434 fuisti]
832 1370 936 1424 Qui
961 1370 1201 1421 Diomedi
1231 1368 1324 1419 de-

279 1449 390 1500 disti
414 1466 563 1500 aurea
587 1465 730 1500 arma
761 1464 855 1513 pro
878 1448 1048 1498 aereis.
1101 1447 1194 1498 *ος
1211 1447 1326 1513 πρὸς

171 1542 180 1557 ·
275 1527 472 1587 Τυδείδην
489 1526 723 1590 Διομήδεα
752 1526 911 1590 τεύχε’
946 1525 1111 1588 ἄμειβε
1135 1523 1326 1591 Χρύσεα

278 1602 509 1663 χαλκείων.
545 1604 611 1654 n.
636 1610 690 1653 Z.

334 1682 371 1727 6
400 1678 632 1742 Elleboro]
665 1679 819 1743 Quod
855 1678 1105 1728 insaniam
1128 1693 1192 1726 ex
1216 1692 1323 1727 me-

276 1756 510 1806 lancholia
525 1760 926 1821 ortampurgat:
947 1754 1099 1806 modo
1117 1769 1255 1805 vers.
1275 1760 1323 1805 1.

332 1833 481 1885 Eme.
517 1848 677 1884 xcw.
727 1831 1085 1897 Athenagoras
1129 1831 1326 1898 (inquit

277 1909 589 1976 Camerinus)
631 1910 789 1974 prius·
817 1908 921 1958 fuit
961 1907 1228 1973 Alphicus,
1270 1908 1323 1957 id

274 1993 360 2049 est,
380 1987 620 2038 medicus
644 2001 832 2036 curans
854 1985 1180 2048 vitiliginem,
1207 2001 1322 2049 quae

272 2061 459 2113 Graecis
482 2062 636 2126 ἄλφοι·
654 2079 682 2112 ε’Δ
705 2062 867 2111 ducta
893 2062 1005 2125 jam
1032 2075 1192 2111 uxore
1214 2059 1323 2110 fac-

272 2146 347 2187 tus
383 2146 462 2189 est
502 2138 724 2200 Officiis,
764 2137 815 2186 id
859 2143 960 2198 est,
994 2134 1189 2199 olfacit,
1222 2139 1323 2187 &c.

272 2213 480 2267 Acutior
500 2217 625 2267 mihi
655 2215 864 2265 subolet
903 2213 1088 2263 Poetae
1126 2227 1324 2276 sensus,

272 2307 412 2356 quem
434 2300 611 2344 tamen
633 2307 736 2342 non
762 2293 914 2355 plane
946 2298 1212 2355 assequor,
1233 2302 1323 2339 ne·
1347 2354 1351 2358 ι

265 2378 442 2433 quent
473 2385 569 2437 per
602 2369 775 2419 omnia
804 2366 1080 2418 conveniat
1116 2365 1324 2416 concin-

269 2461 383 2499 nare
420 2464 645 2515 possum.
714 2446 900 2512 Atque
918 2452 977 2495 ut
1000 2445 1226 2509 ingenue
1246 2441 1328 2492 fa-

270 2536 391 2590 tear,
412 2528 498 2593 qui
523 2529 577 2577 in
598 2528 699 2575 hoc
720 2523 892 2574 Po'e’ta
915 2522 1211 2573 sexcenties
1231 2521 1324 2570 ali-

263 2601 318 2651 bi
333 2608 798 2654 commentatorum
818 2600 1100 2650 destitutus
1118 2597 1326 2654 auxilio,

271 2679 387 2730 mihi
408 2680 490 2729 vel
516 2679 716 2729 exitum
752 2673 1037 2726 invenerim
1073 2672 1156 2722 vel
1186 2670 1328 2722 fece·

272 2753 382 2814 rim,
413 2754 497 2803 hic
520 2754 699 2802 baereo
721 2752 774 2800 in
796 2748 950 2814 vado,
972 2749 1055 2797 hic
1079 2746 1199 2797 mihi
1224 2761 1329 2796 nox

173 2823 176 2826 ’
274 2830 449 2894 multa,
482 2844 642 2895 quam
677 2828 869 2891 ingenii
893 2825 1041 2875 radio
1062 2824 1216 2895 tollat
1237 2823 1329 2873 (Ε-

270 2905 413 2970 dipus
432 2906 641 2971 aliquis,
662 2919 755 2954 seu
774 2903 864 2969 qui
888 2901 1165 2967 Sphingem
1185 2914 1331 2951 acce-

271 2984 402 3044 perit
420 2982 756 3033 Hortensius.
810 2979 868 3030 Si
891 2977 1006 3044 quis
1029 2976 1237 3027 interim
1257 2976 1334 3025 in-

263 3058 471 3122 diguum
513 3057 788 3107 existimet
831 3054 886 3103 in
923 3053 1003 3104 his
1040 3051 1331 3103 Cincinniae

271 3135 390 3186 Deae
409 3134 773 3185 venationibus
790 3132 956 3182 videri
982 3130 1119 3181 naris
1135 3129 1334 3191 obesae,

271 3209 406 3275 legat
428 3226 545 3276 quae
569 3210 640 3259 de
671 3211 688 3237 ‘
704 3204 1046 3259 olfaciendo’
1077 3204 1335 3254 Ausonius

271 3288 655 3353 Epigrammata
695 3289 809 3335 113.
855 3288 969 3335 116.
1004 3286 1119 3332 120.
1160 3288 1217 3331 et
1265 3281 1334 3330 de

271 3367 470 3416 nomine
502 3362 840 3429 supposititio
861 3362 1032 3424 Epist.
1056 3358 1123 3409 ad
1147 3359 1335 3409 librum

272 3449 318 3494 1.
358 3459 499 3494 vers.
544 3446 598 3494 4.
643 3448 702 3491 et
751 3439 1021 3505 Epigram.
1062 3438 1147 3486 2³.
1200 3433 1335 3485 libro

273 3520 453 3583 primo.

330 3599 491 3649 Eme.
527 3607 703 3646 xcvn.
755 3592 820 3643 In
853 3590 1122 3641 medicum·
1144 3587 1332 3639 furem.

269 3673 285 3699 ‘
303 3671 567 3731 Clinicus‚'
601 3670 689 3736 qui
716 3683 883 3733 aegros
907 3673 1078 3730 curat,
1116 3665 1191 3716 sic
1223 3664 1334 3714 dic-

271 3754 372 3810 tus,
402 3739 498 3797 &rb
518 3749 608 3807 τῆς
626 3743 815 3806 κλίνης,
839 3760 870 3793 a
892 3744 1052 3793 lecto.

337 3829 360 3874 1
400 3824 615 3874 Clinicus
636 3818 880 3881 Herodes]
911 3817 1094 3881 Epigr.
1116 3820 1201 3866 31.
1224 3816 1261 3866 l.
1286 3820 1332 3865 1.

277 3898 507 3959 stallum,
540 3896 647 3959 dra]
679 3896 787 3945 Vas
819 3894 1097 3958 potorium,
1117 3887 1335 3941 diminu-

276 3973 382 4023 tive
405 3987 435 4023 a
461 3981 599 4036 trua,
632 3986 755 4021 vase
776 3969 1005 4035 aquario.

335 4053 367 4099 2
388 4050 666 4113 Deprensus
684 4048 832 4108 dixit,
852 4046 963 4110 ξω]
977 4046 995 4073 ⁴
1015 4044 1065 4093 Ο
1085 4049 1334 4108 quantum

272 4133 351 4175 est
369 4126 556 4175 subitis
570 4124 775 4175 casibus
789 4122 1050 4186 ingenium
1066 4121 1098 4171 ε’
1118 4124 1341 4170 excusat

277 4199 472 4251 furtum
498 4206 761 4264 praetextu
778 4213 940 4260 curse,
958 4196 1104 4262 quasi
1123 4194 1340 4245 amovis-

278 4284 358 4327 set
374 4278 602 4338 trullam,
617 4291 684 4325 ne
697 4290 842 4341 aeger
855 4281 1053 4341 praeter
1067 4272 1341 4338 imperium

278 4353 467 4407 medici
494 4353 717 4404 biberet.

2283 424 2455 500 1349

1395 616 1404 623 ·
1458 600 1620 650 Eme.
1644 612 1843 650 xcvm.
1876 596 1964 648 Ad
2001 594 2209 648 Julium·
2235 592 2458 644 Martia-

1392 678 1514 749 lem,
1531 677 1595 726 de
1613 677 1758 740 cujus
1772 676 1935 726 hortis
1954 682 2010 724 et
2029 672 2341 723 bibliotheca
2362 669 2456 719 lib.

1396 763 1443 807 4.
1464 762 1522 805 et
1541 760 1590 806 7.
1614 755 1830 804 dictum.
1881 756 2077 804 Contra
2096 749 2345 812 invidum,
2369 746 2458 813 qui

1396 842 1457 885 ut
1486 835 1652 898 magis
1681 834 1940 884 invideret
1963 833 2265 894 doleretque
2287 827 2459 877 omnia

1395 924 1489 961 sua
1511 909 1822 974 praedicavit
1841 909 2114 959 Martialis.
2440 904 2445 934 ¹

1462 993 1494 1038 2
1531 990 1669 1046 Quod
1696 1003 1770 1038 me
1803 989 1956 1036 Roma
1993 984 2130 1048 legit,
2162 982 2267 1046 ξω]
2303 978 2457 1045 Epig.

1393 1070 1476 1116 61.
1498 1066 1590 1115 lib.
1608 1071 1656 1115 6.
1679 1071 1734 1114 et
1756 1064 1935 1128 Epigr.
1956 1066 2040 1112 61.
2062 1061 2154 1110 lib.
2178 1064 2228 1109 8.

1477 1144 1509 1191 4
1559 1143 1888 1191 Monstramur
1928 1136 2105 1200 digito]
2155 1134 2233 1184 Ut
2272 1132 2459 1182 nobilis

1395 1217 1576 1282 poiita.
1657 1215 1944 1266 Mousti-ari
1985 1212 2119 1264 enim
2155 1210 2342 1274 digito,
2373 1211 2463 1267 τῆς

1397 1295 1601 1359 εὐδοξίας
1635 1293 1898 1359 τεκμήριον.
1962 1292 2049 1341 Sic
2095 1287 2357 1338 δείκνυσθαι
2392 1287 2464 1347 τῷ

1399 1370 1629 1435 δακτύλῳ,
1666 1370 1802 1434 apud
1827 1369 2072 1419 Graecos:
2109 1363 2245 1413 unde
2279 1362 2297 1391 ‘
2317 1375 2461 1411 mon-

1397 1446 1669 1509 strabilis,’
1689 1447 1716 1495 ὁ
1736 1443 2026 1509 ἀριδείκετος.
2051 1441 2253 1491 Her-ald.
2276 1438 2460 1502 Epigr-

1398 1527 1446 1576 1.
1465 1524 1559 1574 lib.
1581 1527 1629 1573 1.
1651 1537 1784 1573 vers.
1801 1526 1849 1570 1.
1871 1515 2347 1580 καταδακτυλίζομαι.

1470 1605 1501 1648 ⁵
1540 1601 1706 1648 Coesar
1734 1597 1954 1662 aterque]
1995 1595 2145 1644 Titus
2185 1598 2242 1642 et
2277 1588 2462 1641 Domi-

1399 1676 1590 1725 tianus.
2243 1692 2247 1697 ’

1462 1755 1497 1801 6
1526 1752 1618 1800 Jus
1647 1748 1786 1809 mihi,
1814 1747 1924 1812 qm]
1956 1746 2142 1811 Epigr.
2177 1748 2260 1795 91.
2290 1748 2348 1793 et
2375 1745 2460 1793 92.

1398 1826 1490 1879 lib.
1517 1831 1567 1878 2.

1415 1894 1420 1899 ’
1461 1909 1495 1955 7
1529 1905 1635 1953 Rus
1653 1904 1789 1967 mihi,
1821 1901 1929 1967 ξω]
1963 1900 2077 1951 Lib.
2095 1904 2146 1950 8.
2185 1896 2456 1961 Epigram-

1397 1986 1536 2029 mate
1562 1983 1644 2030 61.
2466 2010 2469 2017 .

1464 2058 1529 2104 12
1562 2056 1852 2118 Rumputar,
1877 2054 1984 2117 ἔξω]
2015 2051 2239 2102 Videtur
2272 2046 2460 2100 inani-

1396 2146 1483 2182 mo
1504 2131 1742 2182 habuisse
1763 2128 1892 2178 illud
1915 2125 2152 2192 Virgilii:
2186 2128 2462 2189 ‘rumpan-

1398 2219 1485 2261 tur
1507 2218 1565 2260 ut
1587 2211 1680 2259 ilia
1702 2207 1911 2260 Codro!
1945 2208 2126 2270 Eclog.
2147 2210 2196 2257 7.
2219 2219 2355 2255 vers.
2377 2207 2463 2253 26.

1463 2289 1627 2338 Eme.
1650 2300 1809 2336 xctx.
1842 2286 2127 2344 &Coi-anus,
2146 2282 2253 2346 ξπ]
2275 2280 2461 2329 Pater-

1398 2364 1619 2414 familias
1638 2363 1778 2426 frugi
1800 2360 2032 2420 nimium‚
2052 2359 2134 2407 vel
2159 2371 2327 2420 caupo
2351 2358 2466 2420 per·-

1399 2443 1552 2507 fidus,
1573 2442 1661 2509 qui
1684 2441 1735 2490 in
1761 2439 1866 2489 vini
1888 2439 2131 2496 caritate,
2153 2433 2326 2483 vinum
2348 2429 2464 2480 red-

1399 2522 1480 2571 dit
1502 2519 1653 2570 vilius
1690 2525 1749 2568 et
1784 2515 2068 2579 copiosius,
2104 2509 2277 2562 infusa
2311 2522 2464 2573 aqua.

1397 2596 1543 2647 'Vide-
1561 2596 1836 2659 Epigriw‘.
1857 2591 1944 2641 lib.
1962 2596 2011 2641 1.

1466 2673 1692 2723 Ειησ.ο.
1717 2675 1743 2719 1
1773 2659 2354 2723 Μανσιιεᾼηεοπίιισ,ἧ·σ.]
2394 2656 2468 2707 Α-

1400 2751 1747 2801 micumsuum
1763 2747 1839 2796 Μ.
1863 2741 2140 2795 Antonium
2155 2737 2467 2786 Tolosanum

1399 2826 1614 2877 Gallum
1648 2822 1845 2882 laudat,
1878 2820 1963 2869 cui
2002 2813 2244 2881 placebat
2279 2810 2466 2862 Poeta.

1406 2902 1510 2952 Hic
1527 2905 1609 2950 est
1621 2899 1711 2949 ille
1725 2898 1791 2947 de
1808 2910 1909 2961 quo
1922 2892 2139 2943 Tacitus
2155 2888 2242 2939 lib.
2257 2892 2308 2936 2.
2329 2885 2472 2937 nist.

1401 2981 1455 3028 6.
1476 2984 1533 3027 et
1558 2966 1773 3026 Sueton.
1795 2964 1957 3021 Vitel.
1980 2984 2098 3033 cap.
2120 2970 2200 3018 18.
2267 2965 2354 3014 De
2373 2963 2468 3011 liu-

1397 3054 1490 3119 jus·
1503 3052 1724 3115 imagine
1744 3049 1840 3099 lib.
1865 3051 1947 3097 10.
1968 3045 2148 3110 Epigr.
2169 3045 2252 3092 23.
2277 3047 2335 3090 et
2354 3041 2438 3088 ³2.
2454 3059 2465 3074 ‘-

1470 3135 1502 3180 2
1539 3123 1740 3190 Charta,
1758 3125 1869 3190 ξω]
1891 3122 2133 3188 Epistola
2155 3115 2456 3168 salutatoria
2544 3147 2550 3157 ,

1405 3206 1495 3256 lib.
1532 3210 1613 3256 14.
1648 3203 1830 3267 Epigr.
1852 3205 1934 3251 11.
1966 3197 2205 3260 Augusta
2241 3190 2477 3259 epistolis

1406 3283 1633 3334 laudata.
1666 3279 1808 3329 Pun.
1830 3277 1923 3328 lib.
1947 3279 2028 3325 la.
2052 3287 2172 3337 cap.
2191 3274 2272 3320 12.
2348 3267 2486 3316 Vera-

1404 3358 1581 3420 refert]
1616 3355 1667 3405 Si
1699 3368 1802 3404 non
1835 3350 2124 3412 blanditur,
2159 3352 2247 3397 aut
2271 3342 2481 3394 'invidet

1407 3433 1687 3486 laudando.
2364 3419 2371 3426 ’

1473 3516 1505 3561 3
1540 3509 1793 3572 Palladiae,
1834 3504 1943 3571 Bm]
2002 3500 2236 3554 Colentis
2275 3498 2478 3548 litteras

1405 3588 1589 3648 bonas,
1612 3600 1828 3652 quarum
1851 3595 2050 3649 praeses
2071 3580 2332 3630 Minerva.
2384 3573 2476 3622 To-

1405 3666 1551 3729 losa]
1574 3661 1777 3727 Oppidi
1801 3659 1988 3712 Gallioe
2014 3656 2252 3707 Narbon.

1470 3745 1505 3790 4
1543 3741 1695 3797 Quem
1717 3737 1907 3801 genuit,
1929 3731 2038 3796 esa]
2070 3731 2194 3780 Non
2217 3742 2247 3776 e
2271 3722 2481 3783 familia,

1410 3824 1503 3867 aut
1540 3813 1741 3865 studiis‘
1768 3808 1985 3862 Antonii
2029 3819 2116 3855 ιιι.
2156 3802 2256 3853 viri
2317 3797 2478 3848 hostis

1411 3892 1568 3954 Reip.
1592 3897 1684 3939 aut
1708 3885 1922 3936 Antonii
1955 3880 2219 3932 Saturnini
2239 3879 2378 3926 hom.
2401 3887 2483 3922 se-

1409 3967 1607 4018 ditiosi.
1641 3964 1821 4027 Epigr.
1845 3966 1923 4010 11.
1946 3958 2036 4024 lib.
2058 3961 2109 4006 4.

1475 4049 1511 4093 6
1546 4043 1573 4090 1
1593 4041 1712 4090 liber
1734 4037 1961 4100 absentis,
1989 4032 2111 4097 ssa]
2149 4031 2213 4081 In
2235 4027 2482 4089 Galliam,

1413 4117 1478 4168 ad
1505 4114 1812 4175 Antonium,
1840 4112 2020 4182 credo,
2042 4107 2108 4158 ad
2132 4119 2284 4171 quem
2306 4101 2485 4166 Epigr-

1414 4193 1666 4259 superius.
2480 4229 2492 4246 ς

1482 4276 1514 4321 8
1552 4270 1767 4333 Grande,
1796 4263 1906 4332 qma]
1955 4261 2110 4317 Quod
2130 4271 2267 4311 ame
2302 4261 2484 4307 autore

1420 4347 1586 4399 venit.
