2985 4937
1495 166 1518 193 Q

459 379 635 446 1204

530 538 707 590 Eme.
735 548 919 587 xxxii.
956 541 980 586 1
1001 536 1164 597 Latet,
1185 536 1292 600 aaa]
1318 534 1531 586 Inclusa

458 624 563 668 est.
629 616 966 679 leiitontide,
1001 617 1106 679 ssa]
1136 616 1353 665 Electro
1386 615 1528 679 quod

444 694 696 763 ‘nascitur
713 708 777 741 ex
801 692 1076 756 lachrymis
1099 705 1334 741 sororum
1357 690 1526 741 Pha&-

461 772 643 821 toutls.
674 771 812 821 Vide
853 783 1009 834 supra
1029 766 1529 833 Epigr.26.·ver⁸.2.

524 853 558 898 Β
596 849 831 913 Necte-e]
880 847 1065 910 Melle,
1109 844 1257 911 cujus
1301 848 1530 897 colorem

458 924 625 976 refert
646 924 832 975 flavum
867 925 1139 975 electrum.

526 1007 557 1052 8
593 1003 1095 1064 Dignumtantorum,
1132 998 1238 1064 εγω]
1274 998 1361 1049 ob
1400 1002 1531 1048 stre·

451 1092 581 1129 nuos
603 1080 655 1127 in
679 1076 955 1127 mellificiis
985 1078 1193 1127 labores
1225 1076 1414 1126 merita
1449 1082 1535 1126 est

461 1155 638 1205 nobile
671 1156 770 1205 hoc
800 1156 1146 1219 sepulchrum.

529 1239 561 1284 4
616 1233 858 1282 Credibile
923 1236 1014 1289 est,
1080 1225 1190 1294 θα]
1259 1230 1533 1292 Epigram-

467 1318 611 1362 mate
644 1315 729 1361 59.
760 1309 920 1372 infra,
953 1315 1006 1359 et
1040 1307 1429 1372 Epigrammate
1453 1310 1537 1356 15.

464 1387 564 1438 lib.
583 1391 634 1437 θ.

529 1465 699 1514 Eme.
717 1474 935 1513 xxxnr.
967 1460 1166 1510 Irridet
1188 1416 1538 1524 Sosibianum,

465 1541 554 1608 qui
576 1540 791 1591 subinde
801 1539 1041 1605 jactabat
1058 1553 1115 1588 se
1133 1536 1356 1588 habere
1341 1553 1394 1588 in
1410 1538 1537 1589 scri·

462 1617 564 1669 niis
586 1620 772 1669 multos
795 1618 954 1669 libros
975 1617 1293 1681 elaboratos,
1331 1624 1387 1667 et
1409 1617 1535 1667 nihil

468 1698 673 1747 interim
694 1697 747 1746 in
765 1698 932 1747 lucem
955 1695 1145 1757 dabat3
1167 1695 1381 1744 dicebat
1397 1695 1534 1744 enim

463 1774 700 1823 liaeredcs
744 1788 865 1823 suos
910 1773 1071 1823 libros
1114 1773 1224 1836 ejus
1261 1771 1533 1821 edituros:

464 1849 638 1899 Poeta
658 1848 939 1912 affirmans,
957 1851 1073 1913 jam
1111 1857 1315 1911 tempus
1336 1862 1451 1897 esse
1474 1855 1534 1898 ιιι

463 1927 727 1989 legantur,
755 1925 905 1990 quasi
937 1932 1151 1975 mortem
1185 1926 1234 1974 ei
1274 1926 1531 1989 impreca-

465 2010 569 2053 tur.
606 2004 842 2053 namin-ea.

527 2084 559 2129 4
599 2080 805 2144 Tempus
826 2083 948 2140 erat,
988 2079 1096 2142 ξω]
1129 2079 1384 2131 Quorsum
1433 2077 1534 2128 tibi

463 2161 707 2219 postuma
730 2156 840 2204 laus
865 2168 1017 2220 qnam
1054 2169 1155 2204 non
1180 2168 1234 2204 es
1258 2155 1533 2204 sensurus?

463 2232 590 2294 quin
646 2231 791 2280 vivus
856 2231 1023 2281 laudis
1096 2240 1198 2280 tuae
1255 2230 1532 2281 dulcedine

462 2305 659 2357 fruere.
725 2307 828 2357 Sed
873 2314 929 2357 et
973 2307 1041 2357 ab
1066 2307 1307 2371 ambiguo
1343 2307 1533 2373 impre-

461 2389 613 2433 catur
646 2381 918 2434 Sosibiano
951 2392 1170 2433 mortem
1199 2391 1534 2448 praesentem.

464 2460 676 2510 Morere
715 2458 932 2526 (inquit)
964 2462 1255 2526 extemplo,
1287 2467 1346 2512 ut
1371 2462 1535 2526 possis

462 2537 589 2601 legi.
645 2539 764 2601 Vel,
787 2545 847 2588 nt
870 2539 1133 2588 Heraldns
1155 2540 1286 2603 vult,
1301 2539 1534 2605 Tempus

460 2622 581 2664 erat
623 2614 902 2665 decessisse
923 2623 999 2679 te,
1031 2623 1088 2666 et
1127 2630 1248 2665 ossa
1287 2624 1378 2667 tna
1422 2632 1533 2668 esse

461 2693 631 2743 lecta:
674 2708 793 2742 nam
810 2694 1112 2776 ossilegium
1132 2691 1376 2757 profecto
1389 2695 1534 2744 vide·

464 2778 554 2820 tur
577 2771 830 2826 alludere.

530 2846 693 2897 Eme.
730 2860 929 2898 xxxiv.
983 2851 1009 2896 1
1046 2847 1255 2896 Sordida
1297 2864 1405 2897 cum
1445 2848 1536 2898 tibi

462 2926 549 2988 sit,
586 2927 693 2989 qm]
722 2924 997 2974 Sordidam
1021 2924 1192 2974 Attali
1214 2931 1387 2990 togam
1410 2927 1533 2990 jure

466 3016 620 3066 posse
642 3003 844 3051 niveam
867 3001 1121 3064 appellari
1135 3001 1284 3063 dicit,
1300 3002 1422 3066 quia
1443 3005 1533 3053 de-

463 3078 688 3129 floccata
708 3077 870 3143 frigus
889 3076 1289 3127 intromittebat.

529 3156 809 3205 2'Niceam
841 3155 989 3217 ‹ii-rit,
1026 3153 1135 3219 ξω]
1198 3154 1320 3204 Non
1358 3155 1534 3205 colore

463 3234 741 3293 nitentem,
779 3233 870 3281 sed
911 3232 1087 3282 calore
1134 3232 1443 3282 destitutam
1478 3242 1535 3282 et

464 3311 631 3373 frigus
686 3310 1143 3360 intromittentem.-
1206 3309 1534 3374 Ambiguita·

466 3394 575 3437 tem
627 3387 761 3436 nivis
805 3385 1032 3437 habuisti
1070 3388 1249 3451 Epigr.
1285 3391 1367 3437 34.
1410 3388 1445 3437 l.
1483 3390 1534 3438 3.

467 3463 656 3514 Potuit
693 3461 764 3512 'de
821 3464 1031 3514 Horatii
1077 3465 1321 3524 lacernis,
1375 3478 1536 3528 supra

467 3542 651 3610 Epigr.
671 3545 722 3591 2.
748 3541 836 3591 sed
864 3553 1047 3592 vereor
1070 3555 1134 3590 ne
1157 3540 1350 3604 frigide
1382 3541 1534 3590 nimis
1589 3559 1598 3564 ·

466 3625 564 3683 pro
604 3619 842 3669 acumine
886 3619 1166 3669 Martialis,
1236 3619 1419 3681 Immo,
1444 3618 1534 3667 ‹le-

465 3695 762 3759 floccatam,
786 3696 1056 3756 detritam,
1097 3695 1248 3757 cujus
1273 3694 1409 3743 nuda
1445 3685 1537 3742 fila

467 3773 666 3834 albent,
684 3781 742 3823 ιιι
763 3774 950 3837 Epigr.
979 3777 1060 3821 50.
1084 3772 1119 3820 l.
1140 3773 1192 3820 7.

532 3849 692 3900 Em.
717 3862 893 3900 xxxv.
944 3852 969 3898 l
1012 3848 1270 3897 Frontibus
1304 3849 1540 3912 adon-sis]

466 3925 570 3976 Qui
586 3941 695 3975 mos
721 3931 1055 3975 cornutarum
1073 3923 1314 3973 ferarum.
1366 3926 1538 3977 Molles

465 4017 741 4053 concurrere
759 4003 945 4065 damas]
971 4001 1297 4051 Domitianus
1317 4001 1369 4051 in
1389 4003 1535 4052 thea-

446 4087 553 4131 'tro
597 4078 833 4130 exhibuit
869 4080 1029 4129 etiam
1063 4078 1238 4129 damas
1292 4080 1429 4129 inter
1477 4095 1537 4130 se

465 4158 789 4222 praeliantea.
855 4155 960 4205 Hic
993 4156 1214 4205 miratur
1247 4155 1416 4206 Poeta
1433 4158 1537 4206 vel-

465 4234 546 4281 uti
588 4233 877 4281 Domitiani
926 4233 1136 4282 numine
1198 4230 1416 4292 factum,
1478 4241 1539 4283 ut

468 4308 705 4357 imbelles
740 4309 864 4357 alias
902 4317 959 4359 ct
982 4307 1193 4372 fugaces
1231 4311 1541 4370 animantes,

475 4387 528 4434 in
552 4393 790 4448 mortem,
810 4394 870 4435 ut
908 4386 1059 4450 tauri,
1079 4389 1163 4438 vel
1195 4386 1535 4452 gladiatores,

1595 3925 1753 3975 ribus
1773 3926 1980 3991 quasvis
2001 3925 2146 3975 aedes
2167 3926 2444 3977 locatitias.

1174 392 1392 442 NoTAE
1442 391 1785 441 VAmoRu
1798 393 1847 438 Μ
1899 392 1922 437 1
1935 392 1976 437 N

1604 543 1998 587 concurrerent.
2034 537 2267 587 liederus.
2303 538 2319 567 ⁴
2343 535 2565 600 Molles:
2590 536 2684 585 iin-

1607 612 1771 663 belles
1791 629 1805 673 3
1842 609 1979 663 infra
2000 614 2394 678 Epigrammata
2415 618 2498 664 74.

1673 694 1705 738 2
1740 690 1808 738 Et
1821 689 1927 750 fati
1947 696 2097 752 sorte,
2125 689 2233 753 sym]
2269 693 2339 740 Et
2360 704 2679 757 concurren-

1606 774 1716 818 tem
1740 775 2021 832 ntrnmqne
2043 768 2355 819 concidisse.

1671 848 1702 892 8
1721 845 2011 907 Spectavere
2030 858 2181 909 canes,
2195 847 2304 910 ξω]
2327 847 2509 897 ociosi
2525 860 2678 910 spec-

1607 923 1805 970 tatores
1823 922 1990 972 solitoe
2013 923 2236 987 praedae.
2224 939 2236 952 ·
2262 925 2380 988 quia
2399 936 2556 972 canes
2573 936 2682 972 non

1607 999 1831 1049 saeviunt
1869 1000 1924 1049 in
1948 1002 2234 1051 morientes
2267 1002 2584 1050 animantes.
2622 1005 2683 1051 et

1606 1083 1859 1126 venatore
1880 1091 2011 1141 opus
2035 1090 2138 1127 non
2161 1084 2295 1140 erat,
2318 1077 2406 1141 qui
2431 1074 2684 1165 agitaret,

1609 1161 1703 1204 ant
1722 1153 1865 1203 ferro
1887 1154 2178 1204 conficeret
2201 1154 2401 1203 damas.

1672 1236 1703 1281 4
1743 1233 1909 1281 Cultu-o
1945 1235 2035 1295 m'l,
2066 1233 2173 1297 qm]
2207 1228 2467 1283 Neutrum
2498 1244 2683 1297 super-

1607 1320 1744 1372 esse,
1758 1309 1811 1359 in
1834 1323 1985 1374 quem
2000 1315 2278 1359 exerceret
2290 1310 2518 1359 cultrum
2531 1320 2683 1358 sunm

1610 1385 1957 1436 venatoriam.

1673 1469 1703 1512 5
1746 1463 1883 1513 Unde
1901 1465 2044 1527 leves,
2062 1460 2172 1526 ξω]
2208 1458 2491 1513 Conclusio
2511 1461 2579 1511 ab
2595 1462 2685 1511 ad·

1609 1538 1906 1601 miratione,
1930 1547 1986 1590 et
2001 1539 2387 1603 comparatione
2410 1539 2683 1602 majorum.

1609 1616 1758 1667 Lenes
1779 1617 1951 1682 animi]
1981 1616 2192 1669 Timidi.
2229 1617 2398 1680 Tanto,
2421 1614 2531 1679 ξω]
2565 1615 2683 1665 Do-

1607 1694 1809 1744 mitiani
1831 1694 2035 1745 scilieet
2055 1695 2264 1744 numine
2287 1693 2527 1757 impulsi:
2553 1693 2679 1742 adn-

1601 1771 1814 1821 lator-ie.

1672 1853 1706 1898 6
1741 1847 1912 1910 Tauri]
1962 1848 2026 1898 In
2061 1860 2217 1897 arena
2251 1845 2529 1896 commissi.
2597 1846 2682 1897 Sic

1606 1927 1813 1976 cecidere
1842 1924 1962 1989 viri]
1995 1926 2083 1975 Sic
2118 1932 2371 1975 corruunt
2393 1938 2536 1988 saepe
2571 1936 2683 1973 mu-

1607 2002 1710 2053 tuis
1733 2001 2035 2052 vulneribus
2059 2001 2397 2066 gladiatores.

1673 2079 1831 2129 Erro.
1849 2091 2048 2129 xxxvi.
2073 2080 2101 2126 1
2132 2079 2335 2141 Tingere
2355 2076 2574 2140 barbam]
2595 2076 2679 2127 An

1607 2158 1746 2221 quod
1779 2157 1946 2206 minua
1969 2156 2236 2206 commode
2258 2156 2363 2219 tegi
2386 2161 2566 2218 posset
2600 2168 2680 2204 ar-

1609 2233 1829 2284 tificium
1852 2234 2020 2284 hocin
2047 2232 2210 2283 barba
2226 2246 2378 2297 quam
2398 2231 2585 2281 coma?
2615 2244 2680 2281 an

1610 2311 1733 2374 quia
1772 2311 1951 2361 morbo
1982 2309 2191 2360 Charini
2225 2307 2512 2370 laboraret,
2552 2306 2678 2372 Epi-

1603 2402 1774 2452 gram.
1817 2393 1902 2438 78.
1944 2387 2047 2438 lib.
2089 2392 2214 2437 ιρι
2236 2384 2357 2436 hinc
2388 2386 2568 2436 statim
2602 2382 2678 2434 di·

1611 2464 1843 2515 lueretur
1862 2463 2046 2515 fucus?
2077 2463 2218 2531 quod
2242 2462 2591 2513 verisimilius.

1677 2542 1839 2593 Erro.
1886 2554 2111 2593 xxxvii.
2191 2539 2378 2591 Afrum
2424 2540 2679 2607 quendam

1610 2633 1798 2669 vanum
1842 2619 2139 2670 divitiarum
2183 2625 2565 2670 ostentatorem
2607 2620 2681 2668 in-

1610 2705 1794 2761 crepat
1816 2696 2071 2760 Poetamt
2089 2694 2228 2748 infra
2238 2696 2540 2746 Mancinum
2553 2695 2679 2760 Epi-

1610 2788 1769 2836 gram.
1784 2778 1865 2822 61.
1932 2774 2034 2822 Hic
2057 2771 2192 2822 Afer
2210 2775 2420 2823 nomina
2436 2775 2602 2823 multa
2625 2780 2682 2823 et

1610 2851 1926 2915 amplissima
1947 2849 2269 2913 numerabat,
2303 2851 2583 2914 pensiones
2605 2851 2683 2899 in·

1610 2929 1840 2977 solarum
1890 2935 1946 2978 et
1978 2925 2274 2991 fundorum,
2311 2931 2410 2978 ὅτε.
2454 2942 2513 2977 se
2552 2940 2677 2977 vero

1611 3005 1776 3069 gratis
1821 3004 1874 3054 id
1912 3005 2089 3054 audire
2126 3003 2361 3069 quotidie
2384 3018 2487 3053 non
2528 3017 2680 3068 posse

1611 3079 1853 3144 affirmat,
1890 3082 1989 3131 nisi
2026 3095 2091 3130 ea
2138 3093 2332 3129 nausea
2370 3080 2547 3145 aliqua
2588 3093 2678 3143 pe·

1608 3159 1761 3209 cunia
1783 3157 2066 3209 reficiatur.
2113 3156 2428 3206 Ramiresim.

1675 3240 1703 3284 1
1742 3232 2100 3298 Coi-onnam]
2136 3231 2241 3283 Alii
2257 3234 2457 3297 legunt,
2485 3233 2680 3283 Coraci-

1609 3327 1698 3361 nus
1711 3328 1727 3361 .-
1750 3311 2048 3373 Mancinus,
2068 3310 2252 3371 Titius,
2273 3308 2515 3371 Albinus,
2529 3310 2677 3360 Sabi-

1608 3403 1727 3452 nus,
1769 3391 2039 3452 Serranus,
2073 3394 2195 3438 sunt
2231 3387 2441 3436 nomina
2476 3386 2678 3437 debito-

1610 3479 1739 3515 rum.

1673 3541 1708 3592 2
1741 3539 1850 3592 -Ηοο
1873 3541 1978 3606 bia]
1999 3542 2264 3592 Sexcenta
2295 3542 2375 3591 M.
2399 3541 2469 3591 H.
2490 3541 2546 3592 S.

1677 3624 1707 3668 8
1741 3619 1985 3683 Alteram]
2022 3619 2113 3667 Bis
2133 3615 2332 3668 decies.

1674 3699 1707 3744 4
1743 3695 1938 3757 Insulis,
1967 3694 2078 3758 ξιτ]
2113 3695 2318 3744 Domus
2357 3695 2410 3746 in
2444 3694 2683 3756 civitate,

1612 3785 1727 3836 quae
1767 3773 1892 3821 solra
1935 3779 2100 3834 stant,
2135 3781 2239 3820 non
2259 3772 2374 3821 aliis
2397 3773 2678 3836 contiguae,

1612 3849 1802 3898 insulas
1818 3848 2172 3912 appellabant,
2186 3855 2244 3898 et
2267 3850 2364 3897 sub
2386 3849 2675 3913 Imperato-

2498 3927 2679 3977 Tricies

1610 4006 1816 4068 εοὶαιιηι]
1844 4001 2049 4052 Tricies
2067 4010 2280 4052 centum
2312 4003 2390 4051 M.
2416 4002 2525 4052 HS.
2541 4005 2673 4053 inte-

1613 4095 1726 4144 gre,
1748 4083 1932 4145 plene:
1979 4088 2041 4130 ut
2077 4080 2323 4144 ‘plenum
2348 4081 2541 4144 vicies,'
2578 4084 2672 4145 Ep.

1616 4161 1729 4207 100.
1749 4157 1839 4208 lib.
1866 4162 1913 4207 1.

1678 4240 1706 4283 5
1743 4234 2015 4297 Parmensi]
2054 4234 2223 4284 Pecus
2248 4242 2303 4284 et
2327 4236 2443 4283 lana
2468 4235 2670 4284 Parmae

1612 4313 1829 4360 multum
1851 4311 2211 4360 laudabantur.

1645 4393 1709 4435 ’6
1746 4388 1878 4437 Totis
1909 4388 2087 4452 diebus,
2128 4389 2234 4452 qma]
2268 4389 2449 4439 Inanis
2470 4389 2670 4439 divitia-
