2985 4937
470 379 645 444 1156.

467 537 634 600 epigr.
675 532 810 584 idem
847 538 946 598 est,
979 533 1117 599 quod
1154 542 1210 584 et
1249 533 1418 597 epigr.
1456 535 1540 581 89.

467 615 504 663 l.
529 620 576 664 5.
611 614 712 662 Sed
736 626 907 662 nonne
946 622 1147 661 mortua
1171 625 1331 660 uxore
1355 609 1449 659 dos
1472 606 1542 657 ad

470 691 704 741 haeredes
745 688 1146 739 revertebatur?
1193 688 1280 737 Ita
1300 701 1381 736 res
1405 691 1540 734 erat.

468 769 681 818 Mortua
703 768 754 816 in
781 765 1110 816 matrimonio
1134 763 1369 824 muliere,
1389 762 1481 812 dos
1506 775 1537 810 a

466 852 615 908 patre
640 841 882 907 profecta
904 840 969 891 ad
994 846 1198 904 patrem
1234 838 1534 889 reverteba-

464 927 570 981 tur,
591 920 786 985 quintis
808 919 859 968 in
877 919 1106 982 singulos
1129 917 1319 968 liberos
1341 916 1395 965 in
1420 913 1534 964 infl-

467 997 634 1047 nitum
660 996 1041 1058 relictispenes
1063 993 1244 1043 virum.
1312 991 1466 1044 Quod
1489 991 1537 1040 si

463 1079 617 1138 pater
660 1073 774 1122 vita
819 1071 1130 1121 decessisset
1165 1075 1445 1133 antequam
1462 1088 1465 1091 >
1480 1068 1534 1117 in

464 1151 791 1201 matrimonio
848 1148 1034 1198 mulier
1089 1153 1405 1207 moreretur,
1440 1144 1566 1195 dos·

463 1227 605 1292 apud
645 1227 886 1276 maritum
919 1222 1237 1280 remanebat.
1320 1221 1534 1272 Adven-

462 1304 581 1354 titia
597 1309 771 1357 autem
789 1301 881 1351 dos
895 1315 1103 1364 semper
1118 1313 1281 1364 penes
1295 1298 1536 1349 maritum

461 1380 786 1442 remanebat,
817 1386 1162 1443 praeterquam
1189 1377 1232 1425 si
1252 1377 1317 1440 is,
1338 1376 1426 1442 qui
1447 1376 1539 1426 de·

463 1457 636 1520 derat,
673 1465 734 1507 ut
771 1456 869 1507 sibi
909 1455 1218 1506 redderetur
1256 1455 1536 1519 stipulatus

459 1532 653 1595 fuerat,
676 1547 791 1598 qnae
810 1532 904 1582 dos
928 1532 1228 1598 specialiter
1250 1533 1538 1595 receptitia

459 1611 754 1662 dic-ebatur.
785 1612 997 1676 Ulpian.
1032 1611 1123 1661 lib.
1158 1610 1290 1676 Reg.
1322 1610 1434 1660 Tit.
1468 1612 1536 1660 de

458 1687 620 1739 dotib.
656 1688 858 1740 Her-ald.

525 1771 555 1814 6
597 1766 807 1816 Centena
846 1764 1023 1828 decies]
1092 1764 1226 1815 Haec
1270 1763 1395 1815 olim
1436 1764 1534 1814 dos

460 1841 706 1892 maxima.

533 1919 698 1968 Erre.
722 1932 868 1968 nxvr.
903 1919 966 1968 In
990 1917 1228 1981 Lalagen]
1268 1918 1532 1967 Morosam

463 1993 704 2056 depingit
743 2000 1050 2054 matronam,
1095 2008 1209 2056 quae
1255 1999 1465 2056 compta
1501 2008 1535 2041 a

456 2086 609 2121 serva
618 2072 894 2133 amatrice,
905 2086 1061 2137 quum
1077 2072 1534 2120 animadvertisset

454 2149 507 2197 in
555 2149 706 2199 unico
742 2151 931 2199 annulo
968 2150 1220 2198 cirrorum
1253 2155 1531 2213 peccatum

451 2224 646 2288 fuisse3
679 2227 758 2276 ira
796 2241 1032 2288 accensa,
1071 2226 1254 2277 eodem
1294 2227 1530 2290 speculo,

456 2318 558 2368 quo
582 2303 636 2353 id
662 2303 1123 2365 animadverterat,
1163 2303 1214 2352 in
1256 2302 1529 2353 Plecusatn

454 2379 764 2429 ornatricem
788 2379 1156 2427 animadvertit
1194 2384 1342 2427 tanta
1380 2378 1529 2428 saevi-

453 2455 546 2516 tia,
576 2463 632 2504 ut
666 2455 831 2505 sectis
869 2455 1027 2504 comis
1062 2460 1119 2504 et
1152 2451 1323 2504 fracto
1352 2454 1529 2519 capite

451 2534 643 2584 misera
664 2535 889 2584 Plecusa
911 2533 1181 2584 ceciderit.

517 2615 544 2660 1
582 2611 897 2674 Peccaverat]
931 2611 1052 2660 Non
1074 2619 1191 2661 erat
1213 2611 1266 2660 in
1285 2611 1483 2663 ordine.

518 2691 552 2736 2
584 2687 828 2749 annulus]
910 2687 1213 2749 Cincinnus,
1263 2687 1526 2751 crobylus.

448 2765 665 2827 Incerta]
699 2766 832 2817 Quae
852 2764 1023 2814 crines
1042 2779 1142 2814 nou
1161 2763 1389 2814 fideliter
1404 2779 1538 2815 con··

446 2842 684 2906 stringit,
708 2840 802 2891 sed
825 2847 981 2890 extra
1002 2842 1172 2890 locum
1208 2842 1380 2890 defixa
1420 2848 1521 2890 est.

444 2919 550 2968 Sed
589 2917 870 2968 Salmasius
909 2925 967 2967 et
1010 2916 1272 2966 Heraldus
1305 2924 1524 2967 censent

446 2995 726 3058 legendum
773 2996 970 3044 inserta.
1056 2994 1275 3043 Tertull.
1319 2993 1409 3044 lib.
1452 2993 1521 3043 de

445 3071 648 3134 Virgin.
692 3070 924 3119 velandis
961 3084 1078 3134 cap.
1121 3073 1204 3120 12.
1256 3070 1523 3121 ‘Vertunt

441 3148 710 3213 capillum,
726 3154 782 3195 et
799 3161 894 3196 acu
912 3145 1182 3195 lasciviore
1201 3161 1397 3196 comam
1419 3146 1523 3196 sibi

442 3223 711 3273 inserunt!
802 3223 932 3272 Tum
974 3223 1026 3271 in
1065 3222 1165 3273 hoc
1206 3238 1378 3287 versu,
1419 3227 1519 3276 ὅτε.

443 3301 460 3330 ‘
497 3299 756 3350 annulus!
797 3314 902 3349 non
938 3299 1199 3364 significat
1245 3300 1330 3350 τὸν
1383 3298 1521 3351 ἕλικα

442 3380 662 3442 crispati
697 3378 897 3443 capilli,
930 3387 990 3429 ut
1025 3380 1152 3429 alias
1191 3382 1343 3443 solet,
1381 3381 1519 3430 unde

440 3455 659 3518 capillus
675 3455 928 3505 annulatus
944 3457 1024 3505 vel
1037 3458 1319 3515 aunellatus,
1333 3459 1361 3505 ὅ
1371 3458 1518 3507 οὔλω-

439 3530 554 3595 θεὶς,
577 3533 668 3583 sed
694 3533 943 3583 circulum
982 3548 1158 3596 unum,
1188 3549 1253 3583 ex
1286 3541 1396 3583 tota
1419 3536 1518 3585 cri-

436 3611 582 3661 nium
606 3624 857 3674 compage
889 3611 1125 3673 spiratim
1152 3612 1429 3660 convoluta
1459 3618 1517 3662 et

437 3688 750 3751 permultos
783 3686 934 3736 orbes
972 3693 1247 3737 contexta.
1315 3686 1514 3737 Eadem

435 3772 633 3826 autem,
656 3770 714 3813 ut
735 3764 963 3822 videtur,
1004 3779 1104 3813 acu
1141 3765 1387 3828 capillum
1411 3765 1513 3814 dis-

435 3841 768 3906 tinguebant,
789 3848 844 3892 et
866 3857 898 3890 a
920 3840 1096 3891 fronte
1115 3840 1439 3904 dividebant,
1459 3849 1516 3891 et

435 3931 555 3969 mox
574 3925 837 3983 comptum
873 3918 1286 3982 distinctumque
1310 3932 1405 3981 per
1423 3934 1515 3969 an·

434 3998 585 4048 aulos
617 4004 675 4048 et
697 4004 867 4047 sertas
887 3996 1108 4048 crinium
1130 3994 1237 4045 fixa
1252 4011 1316 4045 ¹ea
1344 4006 1400 4046 et
1433 3997 1512 4046 in-

432 4082 576 4126 serta
595 4075 916 4136 retinebant,
948 4088 1013 4124 ne
1039 4074 1379 4138 dissiparetur
1399 4080 1512 4125 tota

432 4161 703 4217 compago.
738 4151 941 4202 Salmas.
994 4151 1218 4202 Videtur
1239 4165 1385 4202 error
1407 4151 1511 4202 fes·

431 4230 648 4279 tinantis
672 4243 805 4288 esse,
828 4243 984 4292 quum
1005 4228 1117 4293 ips'c
1136 4229 1206 4280 ‚de
1225 4230 1414 4280 annulo
1430 4230 1508 4278 di-

433 4308 524 4371 cit,
558 4305 698 4370 quod
734 4306 988 4356 Martialis
1028 4306 1095 4357 de
1137 4307 1308 4359 orbe:
1347 4315 1402 4358 et
1442 4307 1509 4357 tle

1175 389 1395 439 No'rAE
1442 385 1849 438 VARIORUM
1904 388 1982 436 IN

1621 530 1771 592 orbe,
1814 531 1952 597 quod
2000 532 2087 580 ille
2130 531 2196 582 de
2253 531 2463 582 annulo.
2550 531 2685 583 Nam

1618 608 1852 658 Martiali
1874 610 2099 659 circulus
2134 610 2238 671 ille,
2259 611 2450 659 multos
2473 610 2686 659 annulos

1616 684 2139 745 continens-,vocatur
2159 686 2316 737 orbis.
2354 688 2506 736 Gron-
2559 684 2688 748 Aca]

1614 758 1731 809 Acu
1752 761 1956 812 crinali.

1679 845 1709 889 8
1747 836 2206 905 Hocfacinus,§·c.]
2242 842 2560 891 Erroremin
2582 855 2684 891 non

1613 917 1984 980 componendis
2026 919 2278 978 crinibus,
2313 934 2375 968 ac
2407 919 2449 968 si
2484 917 2680 969 facinus

1614 999 1771 1054 esset,
1790 993 1993 1044 incusso
2016 995 2266 1044 ornatrici
2283 995 2499 1058 speculo
2517 995 2683 1059 punit.

1612 1069 1837 1119 Morosae
1874 1070 2009 1119 enim
2049 1080 2197 1120 erant
2232 1086 2362 1134 erga
2401 1070 2685 1120 ornatrices

1613 1159 1731 1194 suas
1755 1146 2152 1197 matronaeistae.
2206 1147 2276 1196 Et
2294 1146 2681 1196 deformitatem

1614 1237 1779 1284 suam,
1800 1239 1952 1288 quam
1984 1224 2103 1273 dum
2143 1223 2488 1274 comebantur
2508 1229 2567 1272 et
2599 1235 2685 1271 or·

1611 1299 2109 1364 nabantur,speculo
2118 1315 2234 1350 sese
2246 1301 2686 1365 contemplantes,

1612 1375 2002 1442 inspectabant,
2029 1377 2332 1426 ancillarum
2363 1391 2572 1427 suarum
2606 1375 2682 1424 in-

1612 1456 1771 1519 digna
1793 1444 1968 1519 poena,
2003 1456 2240 1521 quaedam
2277 1455 2680 1505 ulciscebantur.

1612 1533 1913 1584 Peculiares
1958 1535 2117 1582 etiam
2162 1533 2378 1584 ancillas
2411 1532 2682 1582 habebant

1610 1610 1730 1659 huic
1773 1610 1973 1659 muneri
2009 1609 2327 1673 adsignatas,
2365 1623 2493 1674 quas
2531 1621 2676 1656 orna-

1611 1688 1773 1737 trices
1807 1686 2163 1752 appellabant.
2230 1688 2360 1736 Tum
2379 1687 2497 1739 aliae
2518 1685 2678 1735 etiam

1610 1772 1760 1815 erant
1774 1779 1939 1814 serva».
1959 1766 2209 1826 emeritae,
2232 1771 2451 1829 quarum
2468 1762 2680 1813 consilio

1610 1840 1762 1891 bellae
1787 1841 1869 1890 hae
1903 1849 2156 1891 matronae
2191 1841 2476 1891 utebantur
2511 1841 2565 1888 in
2596 1853 2682 1888 or·

1609 1919 1793 1969 nandis
1832 1919 2051 1983 capillis.
2090 1918 2295 1968 Herald.
2375 1918 2515 1967 Vide
2555 1916 2679 1968 Juv-

1607 2001 1658 2047 6.
1679 2002 1794 2047 491.
1828 2012 1982 2062 quem
2020 1997 2190 2047 locum
2222 1995 2322 2045 hoc
2357 1995 2678 2060 epigramma

1607 2074 1877 2139 exprimit.

1670 2155 1703 2201 4
1735 2151 1865 2215 Icta]
1890 2150 2223 2212 Exanimata,
2247 2148 2332 2199 vel
2355 2163 2511 2199 caesa.
2568 2148 2681 2197 Ple·

1603 2243 1717 2279 casa
1736 2227 1904 2291 comis]
1938 2227 2192 2278 Ornatrix
2208 2226 2397 2276 ancilla
2418 2241 2455 2276 a
2473 2223 2680 2276 πλέκειν.

1604 2313 1664 2357 ut
1687 2307 1861 2355 Psecas
1898 2303 2091 2357 Ovidio
2126 2311 2182 2353 et
2218 2303 2463 2355 Juvenali
2487 2319 2524 2353 a
2538 2300 2679 2368 ψεκά·

1604 2381 1721 2447 ζειν.
1923 2438 1926 2443 ,

1667 2466 1697 2512 6
1739 2461 1939 2525 Prista,
1962 2459 2066 2525 εμπ]
2111 2457 2360 2516 Tristitiae
2397 2465 2457 2510 et
2495 2455 2682 2510 verbe-

1603 2554 1717 2589 rum
1739 2554 1939 2590 causas.
1976 2538 2267 2600 Metonym.

1666 2620 1700 2666 6
1733 2617 1976 2674 Insanum,
2003 2614 2113 2679 Sym]
2149 2613 2237 2663 Ob
2270 2613 2435 2677 pilum
2471 2619 2676 2665 contur-

1600 2693 1779 2743 batum
1798 2692 2105 2742 desaeviens.

1664 2776 1696 2821 7
1731 2771 1841 2819 Hoc
1859 2770 2196 2831 salamandra,
2207 2770 2315 2835 ξω]
2351 2770 2676 2820 Decalvetur

1597 2853 1761 2910 caput
1783 2854 1945 2896 tuum.
2007 2847 2360 2897 Salamandrae
2393 2846 2539 2896 sanie
2561 2846 2675 2894 loca

1600 2930 1744 2973 tacta
1788 2922 2012 2986 depilari
2060 2924 2225 2973 tradit
2267 2923 2468 2973 Plinius
2515 2924 2553 2972 l.
2593 2925 2672 2970 1⁰.

1596 3016 1645 3052 c.
1661 3005 1744 3051 67.
1765 3001 1781 3027 ‘
1797 3015 1909 3064 quae
1930 3000 2272 3051 salamandra
2283 3000 2567 3065 supercilia
2582 3004 2673 3060 tua

1596 3076 1797 3127 exussit
1812 3076 1849 3126 ?’
1900 3076 2119 3127 Petron.
2168 3076 2304 3128 Arb.
2390 3077 2503 3126 Hoc
2541 3074 2682 3124 Sala·.

1594 3155 1797 3204 mandra
1841 3152 1997 3216 notet]
2054 3154 2260 3204 Dicunt
2310 3149 2669 3203 Salamandras

1593 3231 1789 3280 habere
1837 3230 1939 3279 vim
1985 3229 2228 3294 psilothri
2271 3228 2669 3292 depilatoriam3

1595 3306 1732 3370 quod
1773 3314 1830 3356 et
1868 3306 2075 3356 Plinius
2108 3311 2381 3356 memorat.
2445 3303 2600 3355 Unde
2637 3316 2670 3351 a

1595 3383 1847 3435 Martiale
1886 3383 2117 3433 scienter
2138 3390 2195 3433 et
2214 3383 2531 3432 mordaciter
2551 3380 2667 3430 -dic-

1595 3467 1707 3511 tum
1746 3467 1852 3523 est,
1887 3463 1902 3490 ‘
1924 3459 2045 3509 Hoc
2087 3459 2428 3509 Salamandra
2463 3454 2668 3508 notetz'

1592 3552 1707 3587 cum
1731 3537 1785 3586 in
1807 3538 1984 3601 capite
2019 3535 2244 3587 foeminae
2278 3534 2556 3586 defluvium
2580 3547 2665 3583 ca·

1590 3616 1835 3680 pillorum
1854 3614 1972 3664 fieri
1996 3620 2223 3679 optaret.
2258 3615 2483 3664 Beroald.

1655 3696 1687 3742 8
1727 3693 1797 3741 Ut
1831 3693 1999 3754 digna,
2033 3689 2143 3754 ξω]
2190 3690 2267 3741 Ut
2306 3706 2407 3756 quo
2449 3687 2662 3755 speculo

1589 3768 1841 3818 ornatrici
1866 3767 2159 3818 dissecuisti
2193 3782 2382 3829 comas,
2403 3773 2460 3816 et
2484 3773 2541 3815 tu
2566 3762 2662 3813 tibi

1589 3860 1767 3896 omnes
1804 3845 2057 3893 dissectas
2093 3843 2146 3892 in
2185 3842 2371 3892 eodem
2394 3841 2660 3905 conspice·

1589 3922 1660 3971 ris
1677 3937 1693 3982 ;
1728 3922 1808 3971 vel
1824 3928 1881 3972 ut
1900 3926 2059 3984 caput
2073 3927 2219 3969 tuum
2241 3936 2388 3984 aeque
2407 3919 2658 3970 reddatur

1586 3999 1704 4049 leve
1727 4013 1789 4048 ac
1814 3999 2103 4063 speculum,
2121 4013 2241 4061 quo,
2263 4000 2361 4050 &c-

1653 4076 1820 4126 ELEG.
1846 4088 2019 4125 vau.
2054 4078 2087 4123 4
2130 4075 2265 4131 Quod
2286 4072 2425 4138 agas]
2473 4072 2655 4123 Otium

1586 4161 1641 4203 et
1662 4154 1919 4218 ignaviam
1943 4154 2219 4204 Posthumi
2243 4153 2498 4217 exagitat,
2511 4150 2656 4213 cujus

1584 4230 1789 4279 unicum
1811 4229 2020 4280 videtur
2037 4230 2299 4293 negotium
2318 4223 2653 4292 rogare,quid

1587 4307 1674 4356 alii
1700 4313 1876 4370 agant,
1904 4320 2061 4371 quum
2102 4305 2203 4369 ipsi
2243 4306 2370 4355 nihil
2406 4304 2493 4369 sit,
2517 4299 2651 4366 quod
