2985 4937
644 406 720 456 Μ.
772 403 1403 454 VAL.MART1A1.IS
1453 403 1700 456 EPIGR
1744 406 1886 476 [ΑΒ.
1934 410 2045 462 XI·

262 548 383 600 libet
399 559 453 597 se
473 545 827 609 commiscere,
842 562 943 597 non
965 559 1087 599 esse
1098 548 1316 599 bominis

262 625 547 690 prudentis.
587 626 816 675 Radems.

322 703 952 753 Eme.xxxv1.Soteria
973 702 1088 752 Caii
1106 703 1315 753 Proculi

260 778 509 841 celebrat,
535 787 728 843 praeter
744 793 886 841 spem
913 779 1033 828 vitoe
1051 779 1316 830 restituti.

256 856 497 919 Suspicor
513 856 649 904 hunc
665 855 829 918 ipsum
849 856 1121 905 Proculum
1137 854 1316 912 fuisse,
1325 895 1330 896 ⁷

254 932 319 982 ad
341 947 492 998 quem
517 938 667 980 extat
694 931 926 994 Epistola
952 932 1107 979 Plinii
1132 931 1222 982 lib.
1239 936 1333 981 13.-

256 1014 333 1059 15.
359 1024 424 1057 ex
446 1023 550 1072 qua
570 1007 727 1056 discis
749 1007 952 1070 poetam
973 1007 1168 1057 fuisse..
1209 1023 1212 1028 ·

317 1090 343 1134 1
381 1083 727 1149 Gemma,‘&o.]
753 1085 929 1148 Epigr.
952 1090 1031 1136 45.
1058 1087 1154 1136 hs.
1175 1100 1249 1134 vs.
1269 1091 1318 1136 2.

312 1166 346 1210 2
384 1162 637 1223 Redditus,
675 1162 780 1225 ξω]
834 1163 1216 1222 convalescens
1260 1169 1317 1211 et

249 1239 534 1290 restitutus·
547 1253 622 1288 ex
638 1239 814 1288 morbo
838 1238 1136 1303 desperato.

247 1471 599 1537 positi-amici,
640 1478 854 1534 recepta
875 1471 1136 1535 insperato
1161 1471 1315 1521 salus.

311 1553 366 1598 4-
381 1549 552 1598 Minus
585 1550 812 1612 gaudent,
834 1548 941 1614 ξω]
995 1549 1231 1598 Gnome:
1269 1550 1330 1598 E.

248 1641 448 1676 summa
465 1626 677 1676 tristitia
690 1642 832 1691 saepe
848 1627 1080 1677 nascitur
1097 1628 1330 1678 maximam

246 1704 455 1754 lustitia.

275 1817 278 1820 >
313 1787 364 1829 5,
382 1780 578 1845 Hypne,
593 1778 711 1842 ξω]
730 1780 887 1842 Puer,
912 1779 1167 1829 minister.
1213 1780 1328 1828 Im·-

246 1855 468 1924 mortdle]
500 1858 831 1910 Quiamelius
845 1857 906 1907 fit
923 1860 1101 1908 annis:
1137 1866 1192 1908 et
1208 1873 1328 1923 quo«

248 1936 505 1986 vetustius
542 1951 603 1985 eo
635 1937 957 1999 generosius.
1012 1935 1193 2000 Epigr.
1227 1941 1311 1985 95.

245 2013 334 2063 lib.
358 2017 407 2062 9
421 2026 568 2061 vers.
587 2017 635 2061 1.

310 2090 762 2155 osenempomnt]
781 2047 935 2156 Epig.
953 2092 1086 2141 95.1.
1101 2095 1153 2141 9.
1170 2106 1243 2142 vs.
1260 2096 1311 2140 2.·

253 2170 409 2219 Talia-
414 2175 524 2219 vota
556 2170 748 2234 cadum]
778 2171 902 2219 'Pam
928 2175 1075 2246 grata
1098 2183 1165 2217 ex
1203 2177 1310 2218 tam

247 2245 551 2307 insperatis.

310 2325 343 2369 7
383 2321 693 2382 Quincunces,
731 2320 838 2384 ξω]
905 2322 1005 2369 De
1036 2320 1131 2369 boc
1170 2334 1312 2369 more

250 2397 495 2447 ebibendi
550 2412 738 2446 nomen
796 2398 967 2455 amici,
1020 2397 1152 2446 vide
1189 2398 1326 2461 Epi--

248 2480 511 2538 graun'lss.
536 2474 670 2523 libro
691 2479 734 2524 l.
753 2475 835 2524 hic
852 2482 1036 2523 nutem*
1050 2474 1311 2538 quincunx

247 2553 534 2617 respondet
570 2555 641 2615 τῷ
672 2557 687 2581 ‘
714 2552 921 2603 Cuiust’
973 2554 1044 2614 τῷ
1087 2540 1310 2601 ‘Iulius'

245 2630 420 2690 semis,
437 2629 489 2679 id
509 2638 606 2692 est,
621 2636 669 2679 6.
688 2629 893 2695 cyathi:
916 2632 987 2691 τῷ
1011 2633 1025 2658 ‘
1039 2627 1309 2678 Proculus'

246 2705 357 2770 bes,
380 2706 432 2755 id
456 2713 552 2769 est,
568 2711 616 2756 8.
640 2707 832 2770 cyathi.
865 2708 1002 2755 Vide
1025 2706 1202 2770 Epigr.
1225 2709 1307 2755 28.

242 2782 340 2833 lib.
364 2786 411 2832 1.
434 2796 638 2832 versum
663 2788 710 2833 2.

270 2859 755 2909 -Eemnuxxxvm
822 2860 1022 2908 Zoilum
1075 2875 1104 2908 e
1160 2871 1326 2906 servo·

247 2935 481 3001 equitem
531 2933 727 2984 factum
772 2938 1037 2999 exagitat3
1094 2935 1330 2999 ejusque⁸

246 3012 545 3076 superbiam
570 3020 627 3061 et
646 3012 990 3068 bumilitatem
1014 3011 1276 3074 exprimit.

310 3094 337 3139 1
381 3089 514 3145 Quid
529 3094 649 3150 tota,
668 3089 772 3152 ξω]
808 3090 914 3139 Cur
928 3104 1088 3165 eques
1110 3104 1139 3138 e
1160 3102 1308 3137 servo

243 3165 420 3216 factus
444 3168 685 3216 annulum
707 3174 877 3228 gestas
895 3166 1127 3215 libralem
1148 3183 1163 3227 ;
1201 3166 1309 3230 Hy·

242 3240 540 3307 perbolice,
562 3256 804 3304 magnum
825 3242 1052 3301 scilicet3
1087 3255 1311 3304 praegra-
1321 3268 1328 3276 ·

242 3333 443 3383 vasque
458 3324 512 3367 et
531 3317 760 3367 occultas
781 3331 1030 3380 gemmam
1047 3317 1203 3365 nimio
1223 3331 1311 3363 au·
1323 3344 1329 3353 -

242 3397 339 3446 ro?
369 3394 453 3444 An
471 3394 794 3443 credis-idem
814 3393 1013 3456 pondus
1033 3393 1311 3440 convenire

241 3471 420 3535 digito
435 3477 493 3520 et
515 3472 723 3531 annulo,
739 3470 876 3535 quod
899 3466 1048 3518 modo
1069 3470 1311 3531 gestabas

241 3550 318 3599 int
346 3546 689 3611 compedibus
712 3549 730 3596 ?

243 3627 394 3677 libro
411 3630 459 3676 3.
513 3656 516 3657 ⁷
631 3650 634 3653 1

309 3707 352 3752 3
377 3702 613 3763 Amulius,
626 3702 729 3766 ξω]
754 3700 992 3765 Compes.
1026 3703 1043 3730 ‘
1068 3702 1309 3751 Frontem

239 3779 462 3841 literati,
496 3779 737 3842 capillum
776 3777 1027 3841 semirasi,
1060 3785 1116 3826 et
1153 3776 1332 3841 pedes*

241 3854 518 3905 annulati’
539 3855 811 3918 Apuleius.
865 3866 868 3869 ’

312 3932 476 3980 Eme·
498 3943 739 3981 xxxvm.
758 3936 808 3980 2
824 3908 1007 3980 Surdus
1028 3930 1153 3993 erat]
1190 3931 1329 3980 Νοιι

242 4006 600 4072 adsequuntur
618 4006 771 4070 huJus
806 4007 1207 4070 Epigrammatis
1228 4022 1307 4056 sa·

245 4086 349 4133 lem
391 4083 727 4147 interpretes.
804 4083 1036 4132 ‘Surdus
1070 4082 1217 4143 erat,'
1252 4089 1308 4132 et

247 4160 324 4226 sic
345 4173 451 4209 non
474 4165 696 4223 poterat
712 4174 827 4208 esse
849 4156 1087 4221 delator,
1103 4159 1147 4206 si
1168 4157 1306 4208 forte

248 4235 398 4286 liberi
422 4249 684 4284 sermones
708 4234 1028 4285 excidissent
1046 4235 1164 4298 illis,
1184 4249 1307 4300 quo

279 4352 286 4359 .
376 4316 554 4381 ιιιιριι
562 4321 612 4364 ιι
636 4302 752 4365 var.
769 4315 920 4367 σιω..

798 3547 1190 3611 Epigrammate‘
1228 3551 1311 3595 29.
1325 3582 1330 3585 Α

1206 4315 1370 4364 Mart
1376 4316 1454 4363 iul.

1392 561 1502 602 ru'm
1525 554 1814 605 vehentium
1833 557 1996 607 mulos
2014 556 2262 625 regebat:
2297 556 2445 622 quip-

1390 643 1457 694 pe
1491 644 1618 694 quos
1651 631 1828 680 audire
1869 647 1970 681 non
2007 629 2227 696 poterat.
2293 633 2447 684 Facit

1389 706 1489 753 huc
1513 706 1603 757 lib.
1628 711 1705 756 12.
1729 708 1906 771 Epigr.
1932 712 2012 757 14.
2051 710 2256 760 Gronov.
2323 710 2443 759 Sur·

1388 782 1477 830 dus
1495 784 1622 848 erat]
1666 784 1744 832 Ex
1767 783 2095 847 ἀπροσδοκήτῳ
2125 791 2297 849 auget.
2330 786 2449 847 Vel,

1391 859 1558 908 innuit
1573 857 1826 923 flagitioso
1842 860 2046 910 domino
2062 862 2224 925 magis
2239 863 2448 925 placere
2462 879 2467 884 ¹

1392 949 1568 985 servos
1608 935 1803 1000 surdos,
1839 952 1965 1002 quos
2001 952 2154 987 nemo
2194 946 2342 1002 roget
2381 939 2447 988 de

1391 1012 1687 1063 criminibus
1711 1013 1925 1066 domini.
1973 1016 2109 1066 Vide
2130 1016 2241 1066 Sat.
2263 1019 2313 1065 9.
2351 1013 2447 1068 .Ιιι·
2458 1031 2465 1042 ’

1392 1092 1562 1139 venai.
1587 1105 1720 1140 vers·
1743 1096 1863 1141 104.

1455 1168 1617 1217 Eme.
1650 1181 1853 1220 xxxix.
1904 1170 2259 1233 Charidemum]
2310 1170 2465 1219 Vide·

1323 1253 1329 1264 ²
1390 1243 1567 1293 Plauti
1589 1244 1823 1306 Linum,'
1810 1261 1860 1294 ιιι
1884 1245 2133 1296 Bacchid.

314 1320 356 1364 3.
378 1315 841 1378 Desperassejuuat,
861 1316 965 1379 ξω]
1002 1316 1169 1366 Multo
1193 1315 1334 1365 mihi,

248 1395 451 1445 dulcior
474 1402 571 1456 est‘,
610 1393 871 1458 deplorati
897 1393 1091 1443 dudum
1129 1408 1206 1443 ac·
1227 1392 1332 1442 de·-

1459 1324 1482 1369 1
1523 1320 1703 1383 Motor,
1723 1322 1988 1386 ξω]γΑ1ἰί,
2010 1324 2247 1373 monitor:
2281 1323 2453 1390 idest,

1389 1393 1625 1445 infantiae
1640 1399 1984 1465 pueritiaeque
2001 1400 2327 1450 moderator:
2352 1401 2463 1450 sed.

1389 1479 1444 1522 et
1462 1471 1522 1521 τὸ
1544 1479 1692 1522 motor
1713 1475 1903 1538 placet.
1956 1531 1960 1535 ,

1453 1554 1484 1598 3
1518 1549 1748 1614 Sudaria]
1794 1550 1999 1611 Lintea,
2019 1566 2143 1616 quae.
2158 1550 2467 1601 demessam-

1389 1641 1424 1675 a
1443 1633 1649 1675 tonsore
1671 1625 1880 1675 barbam
1903 1627 2187 1690 excipiunt.

1449 1709 1483 1753 4
1515 1702 1689 1752 Labris
1704 1708 1898 1767 puncta,
1909 1703 2013 1766 ξω]
2036 1703 2083 1760 Α
2099 1717 2281 1754 rasura
2292 1717 2465 1767 nispe-z

1389 1778 1459 1828 ris
1482 1772 1750 1844 durisque.

1450 1861 1479 1903 5
1513 1854 1610 1904 Sed
1624 1854 1715 1904 tibi
1730 1870 1821 1904 mn
1835 1854 1979 1916 crevi,
1993 1854 2097 1918 ξω]
2129 1854 2251 1905 Tibi
2273 1859 2466 1905 tamen·

1385 1932 1662 1982 etiamdum
1683 1946 1819 1995 puer.
1834 1931 2033 1992 videar,
2067 1945 2163 1981 uec
2188 1932 2272 1995 qui
2296 1933 2346 1981 in
2360 1932 2443 1980 vi-

1386 2023 1495 2057 rum
1512 2011 1870 2073 transcriptus,
1886 2008 2100 2058 liberius
2127 2007 2331 2057 vivendi
2352 2022 2444 2072 po-

1386 2090 1631 2135 testatem
1653 2085 1889 2135 habeam.

1450 2165 1513 2210 11
1551 2161 1729 2227 Tyrios
1735 2161 1932 2225 sumpsi,
1965 2161 2073 2225 ξω]
2104 2162 2290 2212 Vestes
2324 2177 2440 2226 pur

1386 2253 1592 2303 pureas,
1616 2240 1791 2288 cultus
1810 2239 2154 2289 lasciviorum.

1452 2321 1513 2365 13
1549 2317 1787 2366 Numerus
1799 2317 2002 2379 nostros]
2046 2317 2268 2380 Ἀριθμεῖς
2293 2317 2445 2368 πόσας

1384 2394 1572 2441 κύλικας
1588 2390 1794 2441 πέπτωκα.
1827 2392 2174 2455 Theophrast.
2200 2395 2443 2445 Charact.

1383 2470 1484 2533 περὶ
1523 2468 1833 2534 μικρολογίας.
1899 2470 1981 2519 De
2014 2470 2285 2522 trientibus
2324 2473 2443 2522 vide

1385 2561 1503 2611 quae
1526 2547 1591 2594 ad
1609 2548 1879 2610 Epigr.28.
1896 2545 1984 2595 lib.
2000 2550 2047 2594 1.
2074 2561 2207 2597 vers·
2225 2553 2274 2597 2.
2339 2550 2443 2597 Ad·

1382 2623 1576 2687 stricta]
1635 2623 1937 2673 Constricta
1973 2619 2162 2671 fronte.
2230 2624 2467 2673 Petron..

1382 2703 1397 2726 ‘
1414 2699 1557 2751 ,Quid
1581 2715 1664 2751 me
1685 2699 1937 2764 spectatis
1957 2700 2243 2751 constricta
2267 2701 2438 2751 fronte

1385 2777 1662 2827 Catones?

1448 2860 1508 2905 15
1547 2856 1797 2920 Catonem]
1849 2858 2170 2920 Censorium,
2212 2855 2461 2918 castiga--

1383 2936 1568 2994 torem,
1592 2934 1755 2997 qualis
1773 2932 1872 2982 fuit
1895 2934 2027 2984 Cato
2052 2934 2228 2997 major.
2462 2970 2469 2979 ⁴

1397 3012 1422 3058 “.
1448 3010 1608 3059 Eme.
1633 3022 1724 3060 ιιι..
1757 3013 1789 3059 4
1827 3009 2138 3073 Gemit-istis,
2159 3008 2265 3073 ξω]
2299 3010 2461 3058 Duum

1383 3093 1625 3136 causatus
1642 3094 1722 3136 est
1734 3086 1961 3137 dolorem
1974 3086 2202 3137 dentium
2215 3085 2267 3135 in
2285 3099 2444 3135 causa

1341 3183 1348 3185 ⁴
1383 3159 1562 3222 fuisse,
1584 3177 1701 3226 quo
1721 3177 1888 3212 mulus
1909 3177 2025 3212 01ΊΒ
2035 3162 2243 3226 operans
2263 3168 2469 3225 possets

1387 3245 1653 3301 praestare,
1688 3245 1873 3302 aperte
1907 3238 2168 3291 fatebatur
2187 3253 2257 3289 se·
2279 3237 2444 3302 capiti

1385 3314 1628 3377 Glycerae
1646 3314 1883 3364 illudere

1449 3391 2158 3457 Er10.11.1.Allegoricum
2198 3396 2277 3440 est
2316 3390 2442 3455 Epi:

1386 3482 1633 3530 gramma,
1655 3483 1758 3532 quo
1787 3467 2028 3532 deplorat
2051 3483 2223 3518 casum
2247 3469 2442 3530 Amyn-

1385 3552 1456 3592 tae
1480 3545 1724 3608 pastoris,
1743 3545 1809 3594 de
1833 3545 2019 3595 arbore
2042 3545 2438 3610 p'raecipitantis.

1447 3625 1475 3670 1
1515 3620 1755 3682 Indulget,
1795 3622 1903 3685 ξω]
1970 3622 2127 3671 Dum
2148 3621 2441 3671 vehementi

1384 3696 1557 3746 studio
1578 3697 1797 3760 saginat
1803 3713 2023 3761 porcos..

1446 3777 1479 3822 2
1513 3775 1581 3822 Et
1593 3762 1791 3836 gaudet,
1803 3776 1909 3838 ξω]
1931 3775 2066 3822 Dum
2081 3760 2283 3821 laudem
2303 3787 2440 3836 quae-
2462 3798 2469 3805 ·

1383 3850 1453 3901 rit
1468 3866 1534 3900 ex
1555 3850 1845 3925 pinguibus
1840 3849 2001 3899 factis
2021 3847 2215 3898 suibus.

1447 3931 1477 3975 3
1516 3929 1744 3987 Cedentes
1763 3927 1913 3986 oum,
1932 3925 2041 3989 ξω]
2086 3924 2339 3975 Ascendit
2362 3926 2467 3974 ili-³

1382 4019 1497 4054 cem
1534 4004 1719 4067 glande
1759 4011 1991 4052 onustam
2031 4011 2086 4050 et
2123 4002 2441 4051 incurvatam

1382 4094 1691 4130 excussurus
1713 4078 1949 4147 glandes,
1970 4077 2062 4127 sed
2097 4077 2328 4141 pondere
2348 4094 2439 4142 pu-

1383 4154 1660 4206 erifractis
1699 4156 1853 4204 ramis
1891 4155 1985 4218 qni
2015 4153 2099 4203 vix
2123 4168 2267 4203 suum
2292 4158 2469 4205 susti-‘³

1385 4234 1585 4285 nebant
1596 4249 1769 4310 onus,
1810 4232 2023 4283 decidit
2044 4228 2156 4297 ipse
2197 4245 2465 4284 excussas·

2134 4316 2397 4364 '4T³
