2985 4937
469 379 640 446 1150

535 542 598 587 10
631 536 846 601 fagina]
880 537 928 588 A
963 538 1051 587 vili
1091 526 1280 588 mensas
1305 541 1530 590 materia

468 622 627 678 auget
664 623 1030 679 paupertatem
1070 631 1247 677 suam3
1295 623 1349 665 et
1389 617 1531 680 quod

465 690 713 740 fulciatur
734 699 891 755 testa,
922 692 1229 757 inaequalem
1250 692 1533 757 significat,

467 770 634 832 qualis
669 775 784 818 erat
822 761 1154 832 pauperum:
1210 769 1328 818 vide
1367 768 1536 819 lib.l.‘

467 847 605 909 epig.
629 851 711 897 56.
756 838 889 896 ὐειε.
923 850 972 896 9.
1011 860 1180 910 neque
1213 847 1347 895 enim
1371 847 1530 896 credo

465 922 652 972 fictiles
687 921 849 971 fuisse
873 921 1054 986 pedes,
1074 922 1212 986 quod
1235 923 1308 972 ait
1341 922 1528 973 Calde-

464 1017 623 1051 rmus.

533 1083 593 1127 11
667 1077 915 1126 Immodici
964 1077 1081 1141 tibi]
1147 1077 1300 1128 Mulli
1356 1080 1531 1144 magni

464 1157 718 1220 magnoin
744 1154 949 1217 pretio:
985 1154 1001 1182 ‘
1026 1154 1225 1205 Laudas
1244 1155 1422 1205 insane
1439 1157 1529 1204 tri-

464 1235 646 1283 librem
665 1230 923 1294 Mullum,'
943 1235 1045 1281 &m
1080 1233 1270 1282 Horat.
1288 1237 1337 1283 2.
1372 1248 1529 1282 serm.

464 1314 513 1359 2.
584 1310 795 1371 Tegunt,
831 1305 937 1370 ξω]
991 1307 1240 1372 Impleat,
1294 1311 1528 1375 adeoque

436 1430 441 1434 .
464 1388 638 1450 magni
657 1384 935 1433 suntmulli
948 1391 1008 1433 ut
1026 1392 1205 1449 tegant
1222 1386 1527 1450 χρυσένδεηι,

382 1502 393 1509 .
462 1464 516 1512 id
541 1470 641 1526 est,
664 1463 841 1512 lances
863 1475 989 1512 auro
1006 1463 1423 1526 circumvinctae,
1446 1465 1529 1514 vel

446 1540 517 1588 ⁴in
573 1539 758 1605 quibus
803 1552 1020 1602 gemmae
1071 1554 1198 1588 auro
1237 1539 1524 1602 illigantur.

463 1615 600 1666 Vide
620 1615 853 1666 Turneb.
880 1616 913 1663 l.
938 1619 1018 1666 14.
1035 1629 1082 1666 c.
1103 1619 1152 1666 3.
1178 1624 1232 1665 et
1257 1617 1426 1681 epigr.
1443 1621 1525 1667 97.

465 1694 506 1742 l.
533 1697 610 1742 14.

530 1773 592 1818 12
629 1769 872 1832 Concolor,
894 1768 1003 1832 ξω]
1050 1768 1296 1833 Ejusdem
1336 1769 1525 1819 coloris

462 1858 577 1896 cum
600 1845 749 1895 fictili
769 1846 923 1894 lance
945 1859 1081 1906 mea,
1115 1842 1168 1894 id
1201 1852 1303 1908 est,
1332 1845 1525 1902 rubens

464 1938 745 1973 cammare.
808 1923 1110 1972 Cammarus
1145 1937 1275 1985 ergo
1315 1923 1526 1988 squilla·

462 2015 572 2050 rum
583 2015 688 2049 non
705 2002 1020 2050 locustarum
1035 2001 1259 2063 species.
1271 1998 1317 2049 A
1325 2006 1528 2064 postro-

464 2080 584 2142 phe.
655 2078 792 2127 Vide
813 2082 861 2126 5.
892 2078 1005 2127 Sat.
1023 2076 1213 2128 Juven.
1238 2078 1322 2127 cui
1344 2090 1525 2141 conso-

461 2149 589 2204 n‘ant
603 2155 848 2220 pleraque
861 2150 1008 2218 hujus
1028 2153 1193 2216 epigr.
1217 2153 1334 2204 vide
1352 2159 1408 2202 et
1419 2153 1527 2204 Pli-

463 2232 532 2280 nii
551 2245 634 2294 ep.
655 2236 705 2281 7.
740 2231 774 2280 l.
797 2235 848 2280 2.

527 2313 591 2357 13
631 2308 771 2357 Grex
788 2312 917 2367 tuus,
937 2305 1043 2369 ξω]
1067 2304 1229 2354 Pueri
1254 2310 1359 2355 tuae
1381 2318 1527 2354 men-

352 2384 357 2393 '
462 2399 532 2434 sae
586 2384 830 2446 ministri,
866 2383 1032 2434 forma
1091 2387 1301 2447 aequaut
1346 2379 1527 2432 florem

462 2462 625 2524 Asiae,
670 2460 1028 2527 Ganymedem
1074 2458 1222 2512 Jovis
1262 2459 1530 2511 amasium.

462 2540 637 2604 Iliaco]
673 2540 840 2603 Dicit,
871 2539 994 2605 quia
1013 2537 1288 2601 Trojanus.

527 2622 589 2668 14
623 2613 705 2667 Αἱ
725 2617 862 2680 uuili,
896 2613 1003 2681 ξω]
1034 2616 1222 2664 Manus
1256 2627 1375 2663 mea
1412 2612 1530 2663 fun·

462 2696 604 2759 gitur
636 2693 807 2745 officio
840 2694 990 2758 pueri
1021 2692 1377 2742 ministrantis.
1427 2691 1528 2741 Pe·

462 2780 598 2836 tant,
645 2772 734 2837 qni
772 2772 954 2820 volunt
994 2768 1289 2833 nequiores,
1322 2781 1528 2817 sensum

462 2850 617 2899 alium
643 2864 708 2898 ex
731 2848 901 2912 epigr.
919 2850 1002 2897 42.
1037 2847 1072 2895 l.
1095 2851 1147 2895 9.
1178 2852 1234 2894 et
1252 2845 1429 2908 epigr·
1443 2849 1525 2894 74.

459 2926 556 2976 lib.
582 2925 662 2977 1‘1.
695 2923 802 2990 περὶ
824 2925 910 2974 τοῦ
929 2919 1354 2986 μαστροπεύοντος.
1468 2939 1472 2948 ⁸

417 3001 423 3013 ’
527 3009 586 3053 15
646 3005 729 3053 Ex
760 3002 944 3067 opibus,
998 3000 1105 3064 ξω]
1159 3000 1305 3051 Nihil
1359 2999 1527 3049 amico

459 3082 583 3130 mihi
602 3082 715 3141 das,
746 3088 802 3131 ct
822 3079 987 3129 habes
1006 3078 1333 3128 nihilominus
1357 3077 1409 3125 in
1434 3090 1526 3125 ore

460 3172 666 3221 semper
686 3160 785 3207 hoc
805 3156 938 3207 κοινὰ
959 3155 1126 3219 φίλων,
1147 3156 1244 3205 &c.

526 3235 686 3283 Eme.
709 3246 859 3283 xmv.
895 3234 958 3283 In
989 3230 1214 3294 Sextum]
1247 3229 1524 3294 Epigram-

460 3325 541 3359 ma
555 3312 786 3373 elegans,
800 3325 901 3376 quo
912 3309 1130 3360 hominis
1143 3307 1339 3358 sordidi
1353 3322 1523 3357 mores

459 3387 824 3437 deseribuntur
841 3403 856 3447 ;
874 3388 959 3451 qui
980 3400 1046 3436 ne
1062 3384 1187 3451 quid
1211 3399 1241 3433 a
1256 3398 1313 3434 se
1337 3391 1523 3448 petant

459 3462 632 3525 antici,
682 3464 945 3524 angustias
991 3471 1047 3511 et
1089 3460 1359 3524 penuriam
1405 3461 1523 3524 ipse

457 3537 630 3602 fingit,
652 3543 707 3586 et
725 3538 861 3586 ultro
880 3543 1144 3587 narratum
1169 3536 1230 3585 it.
1267 3536 1470 3585 Heraea.

523 3617 550 3661 1
603 3613 811 3677 Pexam]
845 3614 1130 3664 Recentem
1172 3618 1233 3662 et
1267 3612 1520 3663 villosam.

458 3690 621 3741 Pexae
657 3690 794 3740 enim
836 3697 1013 3741 vestes
1052 3697 1176 3740 sunt
1216 3703 1331 3755 quae
1353 3690 1519 3739 multo

456 3767 623 3818 flocco
663 3774 865 3832 opertae
905 3774 1049 3831 sunt,
1082 3781 1249 3833 eoque
1289 3781 1426 3831 pexo
1464 3774 1520 3817 et

456 3844 641 3907 polito,
663 3851 779 3895 arte
815 3842 1057 3905 fullonis;
1091 3849 1152 3893 ut
1179 3855 1304 3906 ergo
1327 3849 1520 3906 pecten

455 3921 586 3970 nihil
631 3921 699 3971 ad
749 3922 973 3990 calvum,
1006 3920 1083 3970 sic
1121 3917 1426 3969 defloccatae
1461 3926 1520 3969 et

457 4012 553 4048 usu
574 3997 786 4048 detritas
809 4006 981 4048 vestes
1005 3993 1132 4046 nihil
1150 4011 1280 4062 opus
1320 3997 1519 4047 habent

458 4076 670 4136 pectine
691 4073 920 4124 fullonis.
963 4074 1101 4124 Inde
1121 4074 1137 4102 ‘
1160 4075 1336 4139 pexae'
1356 4088 1519 4139 oppo-

457 4159 650 4200 nuntur
669 4151 829 4213 tritis,
861 4150 913 4200 id
947 4158 1052 4214 est,
1082 4165 1232 4201 novoe
1252 4150 1519 4202 obsoletis.

455 4227 544 4277 Sic
567 4227 797 4277 Martial.
834 4227 972 4278 infra
1010 4228 1177 4292 epigr.
1196 4232 1280 4279 58.
1313 4228 1329 4256 ‘
1349 4228 1522 4277 Pexa-

294 4353 313 4366 .
386 4337 393 4340 ,
458 4314 544 4354 tus
588 4306 793 4376 pulcre,
823 4304 959 4377 ridfs
996 4305 1331 4370 mea‚,Zoile,
1361 4305 1522 4358 trita-⁹

1176 396 1391 446 NoTAE
1440 396 1840 447 VARIORUM
1893 400 1972 447 IN

1605 540 1670 591 ld
1692 549 1797 602 est,
1829 541 1978 606 pexis
2001 548 2056 592 et
2091 543 2235 592 novis
2267 542 2499 593 vestibus
2521 543 2667 594 indu·

1608 626 1711 678 tus,
1740 633 1957 682 quarum
2001 620 2227 670 nondum
2276 619 2427 673 flocci
2472 621 2668 671 abiere.

1607 693 1761 745 Hanc
1799 710 1986 758 pexam
2026 694 2307 746 floccorum
2341 697 2393 746 in
2436 697 2666 747 vestibus

1606 770 1921 835 lanuginem,
1966 773 1982 801 ‘
2010 773 2320 836 pexitatem'
2368 781 2522 825 vocat
2563 773 2670 824 Pli-

1606 847 1741 896 nius.
1806 848 2008 898 Salmas.

1671 929 1703 974 2
1762 922 1831 976 Ut
1861 932 1996 990 puto,
2029 927 2310 990 quatuorve]
2340 926 2444 977 Alii
2475 926 2669 990 mpure,

1608 1001 1886 1063 Gruterus,
1933 1007 1987 1052 ut
2026 1009 2164 1067 puta.
2255 1006 2459 1054 Neutra
2510 1003 2668 1053 lectio

1610 1078 1782 1140 placet
1798 1079 2054 1149 Heraldo.
2118 1083 2254 1132 Nam
2273 1081 2390 1146 quis
2409 1080 2531 1130 inde
2554 1093 2668 1129 sen-

1608 1156 1723 1204 sus?
1778 1157 2076 1219 Legendum
2121 1157 2369 1221 fortasse,
2424 1158 2522 1207 Seu
2572 1161 2670 1206 tres

1604 1238 1836 1296 supputo.-
1869 1235 2014 1298 qnasi
2058 1234 2220 1296 dicat,
2275 1235 2406 1285 Cum
2452 1248 2536 1282 me
2578 1232 2666 1281 ali·

1605 1326 1756 1376 quam
1803 1313 2123 1376 pecuniolam
2164 1329 2367 1363 mecum
2395 1319 2665 1378 putantem

1604 1388 1770 1450 audit,
1791 1395 1917 1439 tunc
1937 1396 2149 1439 veretur
2188 1405 2255 1439 ne
2291 1404 2407 1440 eam
2451 1389 2518 1439 ab
2558 1389 2666 1452 ipso
2751 1390 2756 1395 “

1602 1464 1698 1513 sim
1738 1472 1917 1515 mutuo
1959 1466 2238 1529 petiturus.
2302 1468 2406 1517 Sed
2437 1466 2667 1517 Ramire‘-

1600 1541 1705 1590 sius
1727 1542 1923 1592 mavult
1946 1543 2086 1608 loqui
2109 1544 2327 1593 Pactam
2349 1544 2416 1594 de
2452 1542 2667 1606 emptio·
2757 1586 2766 1595 ,

1602 1617 1753 1667 nibus
1775 1617 1899 1680 suis,
1933 1620 2016 1668 vel
2056 1621 2226 1684 pueri,
2263 1620 2348 1669 vel
2389 1627 2550 1684 togae,
2586 1617 2667 1666 vel

1603 1695 1827 1758 argenti.
1897 1695 2039 1745 Illud
2077 1704 2250 1745 autem
2275 1695 2669 1760 ut-puto,inter·

1601 1772 1813 1836 ponitur
1860 1771 2196 1823 dubitationis
2250 1786 2427 1834 causa,
2464 1768 2669 1837 quando

1602 1863 1706 1899 non
1733 1849 1995 1900 succurrit
2022 1848 2284 1907 memoriae
2308 1856 2548 1913 recepta.
2585 1844 2667 1895 Li·

1601 1925 1732 1989 bras]
1764 1925 1981 1990 Argenti
2004 1924 2149 1977 facti.
2172 1927 2269 1976 la.
2304 1927 2476 1991 epigr.
2497 1929 2581 1974 86.

1666 2009 1696 2052 5
1733 2004 1811 2052 Ne
1832 2004 1963 2067 quid,
1993 2001 2104 2067 ξω]
2138 2003 2226 2052 Sic
2257 2003 2543 2053 amicorum
2580 2012 2668 2062 pe·

1602 2077 1819 2128 titiones
1863 2084 2210 2128 antevortunt
2254 2080 2398 2129 cauti
2454 2076 2664 2126 divites.

1602 2153 1737 2203 vnde
1754 2153 1924 2205 Arist
1942 2159 1992 2215 2
2035 2155 2251 2205 Rhetor.
2271 2155 2471 2205 etSen.
2487 2158 2533 2203 1.
2564 2152 2669 2201 Be-

1602 2229 1715 2280 nef.
1748 2235 1802 2282 1.

1668 2312 1732 2358 10
1768 2310 1816 2357 0
1830 2310 2036 2372 grande,
2053 2312 2134 2373 ξω
2138 2306 2385 2373 ]1ronice
2402 2260 2536 2359 dixit
2558 2308 2573 2336 ⁴
2591 2307 2667 2355 in·

1601 2385 1848 2450 genium:
1880 2401 1947 2435 ne
1976 2385 2178 2437 diceret
2200 2387 2383 2437 sordes
2419 2394 2474 2436 et
2505 2381 2668 2434 avari·

1605 2463 1771 2513 tiam:
1808 2471 1869 2514 ut
1890 2463 2055 2529 epigr.
2076 2467 2157 2513 74.
2175 2463 2270 2515 lib.
2295 2468 2341 2515 1.

1667 2540 1829 2591 Erre.
1863 2552 1989 2592 nv.
2038 2545 2063 2590 1
2105 2542 2228 2598 Quoe
2247 2541 2357 2604 tibi,
2394 2539 2506 2605 ξω]
2561 2538 2665 2588 Cur

1605 2622 1665 2668 tu
1688 2617 1861 2666 cultro
1884 2631 1915 2666 e
1935 2623 2075 2666 testa
2089 2617 2259 2668 Samia
2282 2618 2504 2668 resectis
2529 2615 2670 2681 geni·

1602 2692 1788 2743 talibus
1805 2700 1860 2742 te
1876 2693 2154 2744 reddidisti
2178 2694 2407 2759 Cybeles
2430 2691 2664 2743 sacerdo·

1602 2777 1709 2820 tem
1733 2771 1753 2819 ?
1820 2771 1910 2822 Nil
1962 2786 2093 2835 opus
2137 2773 2359 2836 praeciso
2416 2769 2663 2837 pondere,

1603 2847 1739 2911 quod
1764 2847 1846 2897 vel
1882 2854 2005 2897 ante
2032 2855 2147 2899 erat
2168 2849 2371 2900 inutile.
2399 2848 2566 2913 epigr.
2582 2846 2663 2892 82.

1602 2921 1690 2972 lib.
1713 2926 1764 2972 3.
1830 2921 1969 2973 Galli
1994 2923 2325 2987 dicebantur,
2347 2925 2534 2990 quibus
2559 2932 2663 2969 am·

1602 3005 1817 3063 putatus
1839 3005 1980 3049 esset
2014 3000 2245 3066 priapus.

1668 3076 1830 3125 Eme.
1869 3089 2027 3127 xtvt.
2083 3077 2145 3127 In
2195 3078 2471 3141 Naevolum]
2514 3073 2661 3124 Com·

1601 3161 1754 3216 parat
1822 3168 1966 3204 suam
2014 3161 2329 3218 egestatem.
2353 3169 2478 3205 cum
2511 3147 2660 3199 amici

1598 3230 1763 3293 copiis
1802 3238 1860 3279 et
1899 3230 2122 3294 opibus3
2155 3245 2377 3297 eumque
2421 3239 2525 3281 tam
2545 3237 2659 3289 par—

1598 3319 1716 3354 cum
1740 3303 1891 3369 dicit,
1919 3314 1980 3356 ut
2005 3314 2178 3356 vestes
2208 3307 2387 3357 amicis
2411 3302 2661 3359 invideat,

1598 3389 1654 3431 et
1696 3381 1853 3432 tineis
1890 3383 2064 3446 potins
2107 3382 2465 3448 depascendas
2510 3377 2658 3430 relin-

1597 3465 1740 3522 quat.
1778 3459 1904 3509 Rad.
2053 3473 2056 3476 ·

1662 3540 1688 3585 1
1724 3536 1943 3598 Florida,
1961 3537 2076 3601 ξω]
2104 3537 2247 3589 Quot
2270 3534 2533 3587 coloribus
2557 3527 2655 3575 dis-

1596 3601 1848 3676 tingu'itur
1886 3614 2061 3677 Hybla
2098 3614 2219 3664 urbs
2256 3614 2310 3665 in
2353 3610 2549 3669 Sicilia,
2571 3602 2656 3654 ubi

1595 3691 1849 3742 mellifica!
1867 3691 2351 3756 apesdepascuntur
2368 3688 2523 3739 flores
2547 3693 2657 3731 ver·

1593 3781 1689 3817 nos
1714 3766 1885 3817 brevis
1909 3767 2096 3817 aetatis.

1659 3848 1690 3893 3
1725 3843 1811 3893 Sic
1830 3848 1935 3907 tua,
1953 3844 2058 3908 ξω]
2086 3844 2187 3893 Tot
2211 3848 2470 3907 apparent
2491 3839 2649 3888 lacer-

1594 3934 1773 3969 narum
1798 3920 1997 3970 colores
2020 3920 2086 3969 ad
2123 3920 2347 3970 nitorem
2369 3917 2651 3984 pressatum

1594 3998 1648 4047 in
1672 3996 1843 4061 praelis
1862 3996 1986 4059 tuis,
2005 4006 2133 4062 quot
2167 4012 2364 4062 genera
2397 3992 2577 4044 florum
2598 3985 2650 4035 3¹¹

1594 4075 1791 4140 Hybla.
1859 4074 2045 4138 Proela]
2097 4074 2322 4125 Praelum
2360 4069 2525 4130 trabs,
2556 4074 2651 4127 qua

1595 4161 1695 4201 uva
1708 4151 1966 4211 calcatur;
1998 4157 2090 4200 aut
2107 4166 2210 4216 qua
2226 4158 2398 4201 vestes
2418 4153 2650 4212 premun-

1596 4235 1701 4292 tur,
1718 4243 1747 4277 a
1766 4227 2055 4292 premendo
2079 4233 2341 4291 vocatum,
2358 4221 2503 4293 quasi
2518 4230 2651 4284 11¹·ssss-

1595 4305 1806 4369 serium,
1838 4304 1999 4369 Angl.
2022 4305 2221 4355 Presses
2233 4310 2283 4356 to
2305 4306 2383 4369 luy
2406 4316 2469 4365 up
2484 4294 2650 4348 eloth·
