2985 4937
501 383 532 448 1
545 383 676 451 172

561 548 596 594 4
650 542 983 606 Neroni-ms
1004 540 1112 606 &cd
1171 542 1304 594 Quae
1344 539 1559 604 egregie

498 625 648 670 erant
684 619 869 670 calidae
892 626 949 669 et
992 618 1203 682 optimae
1226 632 1254 678 3,
1283 617 1450 682 epigr.
1471 619 1557 665 48.

498 696 534 747 1.
559 701 608 746 2.

490 814 495 819 .
562 773 726 822 Eme.
749 783 909 821 xxv1.
943 771 1006 820 In
1031 766 1323 831 Candidum]
1363 765 1558 819 Candi-

494 850 619 899 dum
652 848 872 899 ainicum
898 855 1100 898 tantum
1137 847 1429 896 adulteram
1464 856 1556 894 ux·

495 936 638 977 orem
663 925 876 989 habere,
908 925 1104 990 alioqui
1135 924 1259 974 nibil
1280 937 1554 973 commune

495 1002 699 1065 amicis,
718 1002 822 1051 ait:
857 1001 978 1051 vide
996 1002 1098 1052 m.
1120 1001 1288 1065 epigr.
1301 1004 1386 1050 43.
1420 999 1552 1049 ΒΜ.

562 1082 589 1128 1
626 1079 827 1127 Proedic
855 1079 1003 1139 solas,
1023 1078 1130 1141 arm]
1177 1074 1432 1136 Candide,
1466 1075 1552 1124 cui

491 1161 679 1218 crepat
717 1168 882 1219 usque
925 1154 979 1203 in
1015 1168 1108 1204 ore
1143 1152 1292 1216 illud,
1347 1151 1363 1179 ‘
1381 1151 1554 1201 omnia

492 1230 674 1281 amicis
708 1228 1031 1292 communia,'
1052 1235 1113 1279 nt
1148 1229 1312 1293 epigr.
1329 1231 1410 1278 43.
1450 1227 1552 1278 Le.

489 1307 619 1357 nihil
641 1313 817 1356 tamen
836 1320 952 1355 cum
977 1306 1156 1355 amicis
1185 1304 1553 1368 communicas,

412 1397 416 1401 ⁴
488 1383 583 1433 sed
607 1390 662 1433 te
679 1382 774 1434 tibi
789 1383 887 1432 soli
905 1382 1099 1444 vivere,
1114 1381 1213 1431 soli
1223 1395 1408 1445 sapere
1431 1386 1549 1445 per-

269 1496 277 1505 .
375 1449 379 1455 ’
487 1459 684 1510 fectum
739 1459 910 1510 credis
963 1459 1289 1523 sapientiam,
1339 1458 1549 1513 beatam

479 1535 690 1601 judicas
711 1536 868 1586 vitam
889 1552 904 1586 ι
938 1543 1089 1586 certe
1109 1542 1173 1591 nt
1207 1549 1307 1584 nec
1329 1533 1547 1584 decreto

485 1612 573 1662 illi·
588 1611 941 1676 Pythagorico
959 1619 1084 1673 stas,
1103 1611 1182 1661 ita
1195 1625 1291 1660 uec
1312 1610 1549 1659 instituto

486 1696 582 1742 tuo
605 1691 840 1755 privat03
875 1705 1099 1756 namque
1135 1703 1349 1740 uxorem
1388 1687 1549 1738 babes

480 1778 827 1817 communem.

532 1848 566 1894 2
597 1843 780 1905 Aurea,
794 1843 1157 1909 myrrhinam.
1159 1840 1183 1905 ]
1202 1841 1367 1908 Vasa,
1379 1841 1548 1906 epigr.

487 1920 757 1971 118.1.14.

548 2001 580 2047 Β
617 1997 784 2060 Opimi
824 1996 1026 2048 Cecuba
1061 1996 1209 2061 ευῖιιε]
1260 1997 1446 2062 Epigr.
1462 2000 1545 2047 27.
1581 2056 1586 2059 ,

485 2073 524 2124 1.
545 2076 594 2123 1.
618 2086 756 2125 vern.
777 2079 825 2124 6.
862 2073 1049 2138 wioni]
1074 2075 1407 2140 Opimianum
1432 2075 1547 2125 Cae-

484 2148 696 2212 cubum,
720 2151 906 2205 viuum
931 2150 1145 2214 Opimio
1181 2152 1391 2202 consule
1419 2166 1543 2200 con-

480 2223 666 2292 ditum,
701 2232 759 2276 et
797 2238 894 2292 per
932 2227 1189 2280 ducentos
1226 2236 1285 2280 et
1322 2227 1541 2294 amplius

478 2317 642 2353 annos
664 2300 947 2355 servatum.

546 2384 580 2430 4
616 2382 711 2432 Cor
728 2383 875 2446 solas,
908 2380 1017 2447 θα]
1046 2382 1394 2448 Sapientiam,
1425 2383 1540 2435 Me-

484 2462 711 2524 tonyms

544 2541 575 2584 6
609 2536 980 2602 Ηοοιιιερισα,
988 2537 1098 2602 ξω]
1131 2537 1214 2590 Te
1235 2538 1409 2590 omnia
1436 2553 1539 2591 non

478 2610 673 2663 babere
715 2615 899 2666 solum.
963 2615 1135 2679 Legit,
1167 2616 1253 2666 Ιιοσ
1292 2632 1383 2666 nec
1420 2622 1541 2680 puto

473 2701 610 2753 poue
649 2691 819 2753 negari
862 2692 951 2741 Fr.
996 2691 1206 2742 Medius
1254 2693 1414 2758 epist.
1451 2698 1538 2745 76.

478 2764 802 2831 Novautiqu.
825 2757 1126 2818 lectionum.

541 2842 707 2892 Eme.
730 2852 918 2894 xxvn.
958 2842 1022 2893 Ιίι
1061 2844 1276 2909 Gallam]
1327 2845 1536 2897 Gallum

474 2929 618 2981 soepe
639 2933 672 2966 a
700 2933 759 2968 se
795 2926 1036 2970 vocatum
1060 2919 1126 2984 ad
1151 2934 1354 2974 coenam
1374 2923 1539 2987 dicit;

472 3006 534 3042 se
587 3001 762 3045 autem
828 3008 1088 3060 nunquam
1146 2994 1450 3049 reirocatum
1504 3016 1537 3052 a

435 3066 441 3074 “
475 3067 649 3120 Gallo.
713 3070 1062 3135 Indignatur.
1128 3080 1184 3123 et
1224 3090 1280 3125 se
1301 3078 1538 3142 stultum,

475 3145 563 3208 qui
604 3146 703 3195 hoc
747 3144 976 3209 fecerit3
1026 3156 1081 3199 et
1116 3149 1321 3201 Gallum
1369 3153 1534 3219 impu-

470 3218 703 3280 dentem,
752 3223 843 3287 qui
894 3238 997 3273 non
1036 3223 1241 3291 fecerit,
1287 3226 1531 3282 affirmat.

471 3294 713 3347 Ruderua.

537 3376 567 3421 1
609 3374 835 3441 Vocatus]
870 3375 957 3427 Ad
973 3392 1192 3430 coenam.

534 3454 568 3499 ⁸
607 3451 883 3519 Utriusque,
918 3457 1022 3521 ξω]
1069 3405 1251 3508 Meum
1287 3472 1438 3525 aeque
1469 3474 1533 3511 ac

469 3531 695 3642 ωιιιιωίῖον
715 3609 809 3644 nou
845 3600 936 3660 eat,
964 3596 1074 3661 εγω]
1128 3596 1427 3649 Prudentia
1462 3599 1532 3648 ad

465 3657 896 3731 praetereuti'dnm
935 3678 990 3721 te
1023 3672 1376 3724 inhnmanum.
1428 3675 1533 3724 Ριι-

464 3744 576 3809 dor]
607 3744 694 3796 Ad
730 3747 1053 3800 invitandum
1088 3764 1176 3814 me
1212 3749 1344 3801 bene
1378 3752 1532 3803 meri·

467 3827 597 3874 tum.

527 3900 689 3951 Eme.
721 3913 925 3950 xxvm.
975 3900 1037 3951 In
1068 3902 1344 3970 Nestorem]
1389 3905 1529 3956 Nes·

453 3978 628 4026 torem
651 3976 786 4025 bunc
809 3974 1054 4027 fictitium
1090 3978 1168 4028 ait
1205 3980 1525 4032 obtrectato-

462 4066 593 4114 rem,
620 4057 712 4101 aut
734 4052 956 4104 animam
978 4054 1226 4120 olentem,
1247 4072 1408 4122 osque
1431 4058 1528 4108 im-

458 4142 652 4193 purum
672 4127 966 4180 habentem.

528 4207 561 4251 2
615 4202 686 4251 Tu
718 4202 874 4268 facis]
929 4179 1300 4260 Graveoleutia
1343 4218 1525 4262 manet

1204 393 1420 445 NoTAE
1468 394 1874 445 VAmoRuM
1925 394 2005 444 IN

1639 539 1885 591 auricula
1902 539 2039 590 illius
2059 537 2129 589 ab
2157 537 2362 603 impura
2400 541 2489 586 tua
2511 534 2689 587 anima.

1636 615 1774 667 Quid
1800 615 1940 665 sitin
1955 630 2130 665 aurem
2145 614 2430 679 garrire,l.
2437 617 2493 668 1.
2511 626 2597 677 ep.
2610 615 2690 661 9⁰.

1634 690 1878 742 diximus.

1697 768 1860 818 Eme.
1879 781 2046 819 xxi-x.
2081 773 2111 818 1
2149 767 2381 830 Gemina]
2412 765 2559 820 Quia
2563 764 2691 828 liga-

1634 853 1744 897 tum
1762 847 1865 897 illis
1887 856 2168 913 utrumque
2188 862 2323 899 crus.
2357 844 2691 897 confictaeat

1633 924 1871 988 quodam
1908 924 2171 975 dedicatio
2203 923 2558 979 anathemat-is*
2588 935 2691 972 aer·

1632 1001 1750 1055 vilis
1766 1002 1903 1052 Zoili
1940 1000 2245 1065 cujusdanu
2295 1000 2383 1066 qui
2418 1015 2486 1048 ex
2517 1012 2689 1063 ergas-

1630 1076 1819 1126 tulario
1851 1077 2022 1127 elatus
2060 1076 2234 1126 fuerat
2269 1074 2335 1126 ad
2377 1076 2688 1139 Equestrem

1629 1151 1939 1216 dignitatem
1961 1170 1974 1201 ι
2026 1152 2282 1218 simulque
2304 1165 2422 1201 eum
2445 1150 2689 1201 admonet

1627 1229 1832 1281 servilis
1867 1229 2195 1280 conditionis.
2258 1229 2511 1278 Solebant
2550 1227 2685 1279 euim

1625 1305 1765 1358 servi
1804 1304 2019 1357 vinculis
2062 1304 2241 1368 soluti,
2275 1303 2558 1368 compedes
2600 1303 2690 1355 Sa-

1630 1390 1804 1445 turno,
1842 1382 1989 1431 velut
2031 1381 2380 1442 anathemata,
2414 1379 2689 1440 dedicare3

1626 1457 1763 1522 qnod
1809 1457 1852 1506 is
1893 1459 2041 1507 Deus
2081 1457 2133 1506 in
2174 1455 2456 1520 compedes
2501 1456 2623 1507 olim
2657 1470 2690 1504 a

1624 1531 1734 1584 filio
1760 1528 2055 1598 conjectus,
2073 1533 2297 1597 adeptus
2318 1531 2513 1583 deinde
2536 1531 2693 1593 liber-

1624 1618 1805 1676 tatem,
1826 1627 2005 1665 servos
2042 1613 2096 1663 in
2119 1613 2422 1671 clientelam,
2450 1627 2598 1663 suam
2622 1611 2692 1661 vi-

1622 1698 1717 1738 sus·
1734 1688 1802 1738 sit
1821 1689 2105 1753 accepisse,
2128 1695 2185 1739 et
2201 1703 2379 1738 eoram
2394 1689 2545 1753 qnasi
2572 1702 2685 1753 pro·

1623 1772 1794 1817 tector
1816 1769 1906 1831 sit,
1928 1768 2079 1831 cujus
2124 1767 2286 1823 etiam
2316 1782 2475 1817 causa
2510 1768 2689 1817 Romae

1623 1842 1679 1892 in
1716 1844 2053 1909 compedibus
2095 1844 2382 1895 visebatur.
2431 1843 2689 1895 Rama-es.

1624 1919 1883 1983 Compede]
1936 1919 2086 1970 Servi
2110 1918 2335 1984 improbi
2368 1925 2425 1968 et
2463 1919 2610 1968 noxii
2639 1919 2692 1969 iu

1619 1996 1883 2060 ergastula
1906 1995 2139 2046 damnati
2179 2010 2312 2060 opus
2347 1996 2402 2045 in
2424 1995 2691 2059 compedi-

1613 2071 1716 2123 bus
1735 2071 2016 2122 faciebant.
2048 2072 2261 2123 Dedicat
2280 2070 2504 2135 caenas]
2536 2071 2692 2127 Servi

1616 2149 1864 2205 libertate
1884 2148 2088 2210 donati,
2105 2148 2387 2212 compedes
2401 2155 2461 2199 et
2473 2156 2691 2200 catenas

1616 2231 1893 2293 sacrarunt
1942 2224 2188 2290 Saturno,
2242 2225 2335 2291 qui
2377 2232 2496 2276 toto
2553 2238 2689 2275 anno

1615 2301 1769 2353 laneo
1806 2301 2014 2352 vinculo
2046 2301 2259 2366 ligatus,
2301 2302 2369 2352 ad
2407 2301 2551 2353 diem
2588 2301 2687 2357 sibi

1612 2377 1805 2430 festum
1818 2383 1866 2429 1.
1878 2393 2051 2429 mense
2063 2379 2348 2431 Decembri
2363 2381 2689 2432 solvebatur.

1616 2456 1742 2522 quin
1764 2461 1821 2507 et
1841 2458 1978 2507 servi
2015 2456 2068 2506 iu
2090 2456 2170 2507 his
2202 2456 2574 2508 Saturnalibus
2598 2456 2689 2507 do·

1612 2534 1962 2586 minabantur.
1985 2535 2022 2570 >⁴
2038 2533 2299 2585 Donasset
2320 2535 2508 2601 jamne
2543 2543 2688 2586 cate-

1612 2624 1734 2662 nam
1771 2612 1855 2662 Ex
1892 2617 2019 2663 voto
2062 2611 2320 2675 Laribus‚’
2361 2613 2502 2665 Hor.
2524 2618 2571 2663 1.
2597 2612 2689 2663 lib.

1612 2701 1715 2737 ser.
1730 2692 1781 2741 6.

1675 2767 1709 2813 2
1740 2764 1954 2814 Annulo·
1963 2764 2171 2830 priores]
2191 2765 2513 2829 Compedes.
2537 2765 2688 2815 Zoilo

1613 2848 1789 2891 autem
1829 2843 2119 2906 exprobrat
2154 2844 2401 2893 annulum
2443 2859 2688 2907 aureum,

1609 2924 1671 2967 ut
1695 2918 1785 2983 qui
1808 2918 1876 2968 ab
1899 2919 2265 2983 Ergastulario
2298 2935 2475 2985 servo,
2510 2921 2581 2972 ad
2603 2935 2688 2971 or-

1610 2993 1784 3045 dinem
1808 3004 2107 3062 equestrem
2128 2999 2197 3046 sit
2225 3004 2442 3048 evectus
2462 3016 2478 3049 ι
2517 2999 2690 3063 epigr.

1610 3076 1692 3123 88.
1715 3073 1750 3122 l.
1769 3076 1849 3126 11.
1881 3105 1886 3110 ·

1674 3150 1832 3200 Eme.
1849 3162 1986 3201 xxx.
2022 3154 2049 3200 1
2071 3149 2437 3214 Sper-talama]
2462 3150 2686 3204 Dictum

1606 3239 1767 3289 supra
1822 3227 2040 3278 miseros
2096 3228 2255 3278 hosce
2320 3228 2687 3290 sportularum

1605 3305 1929 3365 captatores,
1945 3308 2239 3353 excentum
2257 3304 2518 3366 sportulae
2548 3319 2678 3370 qua-

1605 3375 1896 3440 drantibus,
1932 3378 2140 3442 genium
2163 3378 2498 3443 fraudantes,
2525 3381 2687 3431 cellae

1603 3453 1910 3517 pensionem
1932 3461 1990 3504 et
2014 3461 2187 3505 vestes
2221 3456 2557 3519 subtrahere,
2579 3460 2685 3510 &c.

1603 3528 1825 3580 Sublata
1848 3544 1972 3580 vero
1994 3529 2284 3582 Domitiani
2319 3530 2504 3583 edicto
2537 3547 2689 3597 spor·

1603 3606 1805 3668 tula,hi
1833 3620 2015 3656 omues
2054 3605 2108 3656 in
2145 3605 2463 3657 deteriorem
2502 3608 2687 3662 condi·

1602 3681 1795 3731 tionem
1838 3681 1940 3732 sibi
1981 3680 2077 3732 visi
2116 3689 2237 3732 sunt
2278 3682 2572 3747 incidisse3
2621 3691 2685 3735 ut
2733 3685 2736 3690 ⁴

1602 3755 1854 3820 Tuccius,
1902 3757 1967 3807 de
2002 3773 2106 3823 quo
2139 3760 2311 3824 epigr.
2330 3764 2407 3810 14.
2478 3761 2683 3828 Arguit

1600 3831 1764 3895 igitur
1786 3832 2147 3897 Gargilianum
2173 3836 2517 3900 temeritatis,
2541 3838 2685 3903 quod

1597 3906 1807 3964 sublata
1845 3910 2083 3973 sportula
2119 3910 2303 3961 Romae
2329 3911 2516 3980 vivere
2559 3928 2685 3978 per-

1598 3984 1899 4036 severabat.
1935 3983 2177 4036 Ramirea.
2242 3988 2412 4054 Supra
2434 3989 2615 4054 epigr.
2634 3995 2687 4041 7.

1599 4074 1736 4110 vers.
1758 4066 1804 4111 1.
1828 4062 2111 4113 clientibus
2134 4070 2310 4116 autem
2345 4066 2362 4094 ‘
2377 4063 2505 4114 hinc
2532 4071 2683 4129 toga,

1597 4139 1805 4189 calceus
1829 4140 1947 4190 hinc
1968 4148 2071 4204 est,
2123 4141 2197 4192 Et
2216 4142 2366 4210 panis
2391 4138 2683 4208 fumusque

1598 4214 1773 4279 domi‚'
1824 4216 2015 4267 Juven.
2041 4217 2096 4267 S.
2119 4221 2166 4266 1.
2193 4222 2307 4269 119.
2350 4218 2549 4283 Gratis,
2569 4218 2682 4283 δια]
