2985 4937
743 455 820 503 M.
870 454 1040 502 VM..
1091 451 1512 502 malumus
1561 454 1808 502 aman.
1855 455 2000 502 ms.
2047 454 2098 501 1.
2155 440 2174 493 N

307 605 396 652 cet
416 598 723 666 inscriptio)
759 600 956 651 bonore
992 606 1050 650 et
1084 600 1175 650 ille
1214 598 1384 663 major

308 677 396 739 qui
454 677 792 742 paucioribus
841 674 1145 727 inscribitur
1192 675 1380 738 literis,

305 751 470 804 fuisse
494 762 555 804 et
575 755 785 805 amicos.

366 838 396 881 5
433 833 638 883 Foeders
669 831 807 896 citae]
859 831 923 881 In
957 829 1227 881 Arondell.
1267 838 1382 880 erat

297 911 506 973 pondere
527 911 661 960 vitoe.
703 909 818 958 Nec
839 922 1021 972 parum
1041 909 1237 972 placet.
1287 907 1380 957 Sa-

302 1000 445 1036 crum
472 985 681 1051 pondua
697 985 819 1036 vitae
853 992 936 1034 est
952 990 1211 1049 perpetua
1229 990 1285 1034 et
1303 984 1380 1034 di·

303 1065 423 1113 vina
478 1063 722 1128 quaedam
793 1063 1041 1128 gravitas,
1096 1060 1378 1123 severitas,

301 1140 576 1190 sauctitas.
639 1141 731 1190 Sic
771 1152 914 1203 saepe
956 1137 1204 1188 Manilius
1254 1138 1289 1187 1.
1331 1141 1377 1187 1.

301 1218 316 1246 ‘
340 1217 428 1283 qui
468 1217 689 1267 strictas
733 1216 965 1281 pondere
1006 1222 1211 1272 mentes,
1245 1215 1377 1264 Pru-

297 1295 487 1346 dentes
526 1295 759 1345 habuere
786 1292 925 1344 viri.’
958 1294 993 1344 1.
1014 1298 1064 1344 2.
1097 1295 1115 1322 ⁴
1140 1292 1377 1343 Necnon

297 1382 350 1424 et
378 1372 515 1423 fidei
547 1373 761 1424 tutelam
786 1371 1015 1422 vindicat
1037 1371 1220 1435 ipsam,
1245 1371 1375 1420 Pec-

297 1451 426 1500 toris
462 1457 523 1500 et
544 1447 787 1513 pondus!
822 1448 857 1500 l.
887 1454 937 1499 6.
969 1447 1132 1497 ‘facit
1162 1461 1256 1497 ora
1294 1460 1374 1496 se·

296 1542 451 1590 νοτες
508 1526 731 1576 Frontes‘
775 1540 837 1575 ac
889 1526 1064 1575 vultus
1102 1523 1376 1587 componit

296 1606 534 1668 pondere
568 1601 798 1655 mentis.'
856 1602 1043 1652 Cicero
1058 1606 1107 1652 2.
1132 1600 1199 1650 de
1222 1601 1374 1651 Orat.

291 1683 310 1709 ‘
330 1683 520 1731 Habet
551 1679 692 1729 enim
712 1686 771 1729 et
803 1679 1126 1729 voluntatem
1151 1677 1376 1728 nocendi

257 1768 263 1775 ·
292 1759 344 1808 iu
379 1756 689 1819 iracundia,
720 1762 781 1806 et
825 1755 927 1805 vim
961 1754 1016 1803 iu
1054 1754 1283 1819 iugenio,
1320 1759 1377 1803 et

294 1834 505 1900 pondus
526 1833 583 1884 in
601 1831 749 1883 vital
787 1831 995 1883 Deinde
1017 1831 1158 1881 idem
1180 1831 1376 1882 Aroud.

292 1929 445 1964 raros.
506 1911 728 1962 Scribe:
764 1911 1005 1974 Famaque
1024 1926 1116 1974 quo
1136 1924 1272 1959 rum
1290 1925 1374 1959 ao-

293 1993 378 2053 oit,
412 1990 610 2039 amicus
649 1993 776 2038 erat.
842 1988 1011 2037 Erant
1047 1985 1222 2047 amici,
1266 2001 1376 2049 qua,

293 2066 345 2116 id
371 2076 479 2130 est,
515 2079 802 2131 quousque,
826 2078 981 2129 quam
1005 2063 1072 2113 ad
1106 2075 1376 2124 summam,

291 2144 474 2208 fidem,
510 2141 864 2201 affectionem,
903 2154 1049 2192 raros
1083 2141 1276 2190 amicos
1296 2139 1374 2189 fu-

289 2222 397 2272 isse
419 2221 570 2271 novit
592 2218 751 2270 fama.
788 2218 1079 2269 Gronovius.

349 2304 393 2351 δ
422 2297 627 2348 Amicus
668 2295 800 2358 erut]
854 2295 957 2345 Sed
1003 2293 1216 2345 Valerio
1260 2292 1374 2343 haee

291 2373 398 2424 duo
432 2379 557 2423 suut
579 2373 726 2438 quasi
749 2372 1035 2436 epitaphia,
1074 2372 1373 2434 longiuscu-

290 2451 400 2503 lum
423 2450 677 2502 videlicet
698 2466 852 2501 uuum
875 2449 1232 2500 hexasticham
1251 2467 1265 2509 3
1300 2447 1373 2497 al·

291 2537 469 2581 terum
509 2529 917 2592 breviusculum,
953 2528 1094 2593 quod
1139 2528 1373 2590 longiore

291 2607 383 2658 illo
428 2605 756 2667 cont-inetur,
807 2621 998 2670 nempe
1046 2612 1370 2669 postremum

288 2683 599 2744 distichum,
636 2682 794 2746 idque
817 2682 934 2745 plus
966 2694 1082 2731 esse
1100 2682 1172 2730 ait
1197 2680 1373 2743 poeta,

286 2767 492 2827 quanto
539 2761 656 2825 plus
695 2759 869 2812 laudis
902 2759 1061 2813 babet
1105 2757 1370 2818 amicitias,

292 2853 448 2906 quam
470 2838 723 2902 primipili
744 2837 943 2887 titulus.
979 2835 1293 2886 Musumbert.

355 2917 522 2966 Eme.
562 2928 721 2965 xcv1.
780 2917 862 2965 Ad
914 2912 1141 2975 Helium]
1193 2911 1369 2961 Pessi·

293 3007 430 3043 mum
458 2992 692 3042 rabulam
715 2992 1026 3055 obstrepere
1059 2991 1289 3040 clamore
1312 3003 1369 3040 se

294 3070 513 3120 aliorum
556 3068 855 3119 actionibus
909 3068 1257 3131 ingerentem,
1310 3072 1372 3115 ut

291 3160 448 3211 quem
468 3154 687 3209 propter
704 3144 1020 3208 imperitiam
1028 3157 1184 3193 uemo
1202 3141 1370 3191 adsci-

296 3224 473 3285 visset,
487 3229 706 3286 propter
718 3221 1167 3285 importunitatem
1183 3219 1370 3283 aliquis

292 3301 550 3364 placaret,
586 3300 800 3362 objecta
845 3298 1055 3349 trifauci
1090 3297 1212 3347 huic
1247 3298 1373 3347 Cer·

295 3377 420 3427 bero
439 3377 596 3442 pretii
630 3374 736 3426 offa
767 3383 827 3426 ut
849 3383 1082 3425 taceret:
1119 3381 1293 3439 potest
1314 3381 1371 3424 et

292 3453 522 3518 intelligi
562 3453 631 3503 de
653 3453 1062 3517 praevaricatore
1097 3452 1164 3501 ad
1196 3459 1372 3502 tacen-

292 3531 413 3580 dum
453 3538 731 3594 corrupto,
766 3545 832 3580 ex
872 3538 999 3580 noto
1035 3529 1128 3579 illo
1150 3529 1272 3592 joco
1316 3529 1369 3578 iu

293 3607 668 3657 Demosthenis
741 3606 1192 3670 argentanginam.
1250 3605 1367 3655 vide

288 3684 528 3740 Gellium
544 3685 578 3733 l.
595 3688 646 3734 9.
670 3699 719 3734 c.
747 3688 827 3733 11.
853 3692 909 3733 et
931 3685 1099 3748 epigr.
1123 3689 1174 3734 7.
1195 3685 1228 3734 l.
1250 3688 1300 3733 Β.

350 3762 520 3810 Eme.
546 3774 726 3810 xcvn.
762 3765 788 3808 l
820 3761 1077 3809 Molestum
1095 3760 1194 3823 est]
1245 3760 1366 3810 Tibi

291 3838 634 3888 claudicanti.
684 3837 890 3900 Senzou]
925 3836 1226 3902 Alloquitur
1249 3852 1366 3887 ver-

292 3928 402 3964 sum
423 3928 594 3976 suum,
614 3913 703 3977 qui
738 3920 930 3963 caetera
960 3913 1243 3978 jammona,
1266 3914 1366 3963 uisi

290 3991 431 4056 quod
455 3990 510 4039 in
545 3991 731 4053 quinta
772 3990 898 4039 sede
935 3991 1097 4041 habet
1113 3991 1366 4054 jambam,

291 4076 348 4118 et
370 4069 421 4117 iu
445 4068 632 4117 ultima
643 4067 881 4131 jambum
906 4074 1072 4119 mutat
1095 4068 1367 4132 Spoudaeo.

291 4146 606 4196 claudicare
652 4146 832 4210 itaque
867 4145 1094 4208 videtur,
1132 4146 1269 4196 unde
1309 4153 1366 4195 et

296 4237 484 4272 nomen
502 4219 732 4284 aenedfm.

296 4325 299 4326 ⁷
357 4304 392 4350 2
424 4300 677 4364 Materno]
716 4298 919 4360 Amico,
953 4300 1038 4351 cui
1072 4299 1246 4350 mittit.
1269 4302 1369 4352 hoc

299 4392 384 4442 ep.
408 4378 590 4428 videl.
619 4382 698 4426 10.
721 4378 888 4441 epigr.
907 4381 990 4427 ⁸7.
1011 4378 1092 4427 vel
1115 4378 1212 4441 ipsi
1232 4377 1372 4429 forte

298 4455 514 4519 emeda,
530 4454 712 4519 cuijus,
730 4453 835 4504 etsi
855 4455 940 4505 bic
974 4470 1094 4505 eum
1113 4445 1386 4508 nominas-⁸

2356 440 2531 505 112⁷

1457 603 1562 660 set,
1593 597 1925 662 ‘argutissime
1955 612 2074 648 mox
2093 597 2245 661 fingit
2266 597 2366 648 sibi
2388 599 2531 650 exci-

1456 675 1595 725 disse
1618 689 1831 736 nomem
1864 674 2002 725 iufra
2020 688 2095 724 vs.
2119 676 2200 724 14.

1520 757 1551 802 8
1585 752 1739 802 Dicas
1756 751 1809 801 ia
1822 751 2007 815 mtrem]
2042 751 2208 814 Clam,
2228 753 2372 803 velut
2395 768 2531 818 mys-

1455 829 1644 879 terium
1680 829 1922 879 Cereris:
1971 835 2027 877 et
2065 827 2240 891 lepide
2270 829 2528 893 poe'taju·

1452 906 1562 967 bet,
1600 911 1660 956 ut
1694 907 1749 956 in
1789 920 1965 956 aurem
2011 905 2175 968 dicat,
2212 920 2372 971 quum
2401 907 2525 972 -lpse

1455 984 1665 1049 publico
1687 997 1841 1034 versu
1865 984 2044 1049 vulget
2071 996 2165 1047 per
2182 984 2379 1033 orbem.

1514 1064 1548 1111 4
1583 1061 1788 1125 Amator
1806 1060 1904 1121 ille,
1921 1060 2032 1124 Usa]
2062 1060 2262 1110 Tristes
2277 1061 2525 1111 lacernas

1453 1140 1690 1204 appellat
1710 1138 1887 1204 poeta,
1910 1139 2075 1189 nativi
2100 1154 2160 1189 ac
2182 1138 2414 1190 subfusci
2436 1154 2528 1191 co-

1451 1218 1577 1268 loris
1597 1233 1614 1280 ς
1646 1218 1870 1283 qualesa
1892 1217 2017 1267 viris
2039 1216 2232 1266 severis
2257 1217 2528 1283 gestaban-

1453 1303 1559 1358 tur,
1577 1309 1709 1360 quos
1733 1294 1959 1358 puderet
1975 1293 2191 1343 induere
2210 1294 2413 1343 colores
2435 1294 2531 1342 im-

1454 1371 1650 1436 probos
1673 1379 1731 1421 et
1753 1370 2079 1421 foeminarum
2106 1371 2365 1434 proprios.
2405 1372 2530 1421 Leti·

1450 1447 2003 1515 oophoeotamcolorem
2040 1461 2106 1497 ex
2130 1447 2287 1508 λευκῷ·
2324 1447 2430 1497 albo
2469 1455 2527 1497 et

1451 1528 1578 1590 φαιῷ·
1609 1525 1839 1589 subnigro
1858 1525 2078 1575 mixtum
2103 1533 2246 1576 recte
2268 1527 2529 1589 interpre-

1455 1611 1599 1654 tatur
1637 1604 1858 1653 Merula.
1907 1602 2099 1653 ΡΜ.
2168 1602 2385 1664 Amator,
2413 1600 2525 1665 ἔξω]

1448 1682 1555 1733 Qui
1592 1687 1767 1744 gestat
1796 1679 2079 1744 laudatque
2124 1679 2300 1742 pullas
2329 1686 2542 1743 vestes„

1451 1758 1808 1824 Reprehendit
1846 1757 1952 1819 hic,
1993 1757 2222 1806 tristium
2247 1756 2335 1805 ille
2359 1755 2526 1805 lacer·

1449 1850 1633 1886 narum
1658 1842 1881 1896 amator,
1911 1847 2173 1898 coccynas
2190 1839 2247 1882 et
2269 1832 2529 1896 amethys-

1449 1914 1585 1964 tiuas
1606 1921 1803 1973 vestes,
1832 1919 2078 1977 tanquam
2110 1922 2294 1974 parum
2319 1908 2527 1969 viriles3

1449 1998 1505 2042 et
1527 1990 1762 2056 galbinos
1785 2003 1974 2051 mores,
1995 1992 2053 2036 ut
2091 1986 2277 2035 molles
2305 1993 2363 2033 et
2385 1981 2526 2033 effoe-

1447 2069 1670 2119 minutos
1691 2075 1843 2118 notat
1863 2067 1949 2116 hic
1990 2065 2270 2115 Martialis.
2336 2062 2529 2113 Lacer-

1445 2145 1526 2195 nis
1569 2159 1696 2210 ergo
1732 2144 2021 2195 utebantur
2059 2143 2110 2192 iu
2155 2141 2319 2204 bello,
2341 2147 2527 2204 postea

1446 2222 1602 2271 etiam
1626 2222 1798 2282 domi3
1833 2228 1991 2286 atque
2010 2234 2086 2269 eae
2110 2219 2422 2284 quandoque
2447 2224 2525 2266 to-

1446 2312 1528 2363 gae
1552 2298 1951 2362 superinjectae‚
1975 2295 2285 2361 quandoque
2309 2306 2524 2358 separa·

1448 2376 1539 2425 tim
1563 2384 1802 2439 sumptae.

1509 2456 1539 2503 6
1577 2453 1648 2502 Et
1670 2452 1937 2515 boetieauas,
1970 2451 2081 2517 qm]
2117 2451 2242 2516 Ipse
2277 2449 2521 2515 Hispano

1443 2530 1656 2579 indutus
1677 2530 1875 2591 colore,
1913 2544 2087 2594 quem,
2118 2528 2280 2592 juxta
2307 2526 2523 2588 Bonum,

1445 2607 1657 2657 rutilum
1678 2614 1733 2654 et
1768 2605 1972 2656 unacum
2003 2617 2126 2655 oves
2162 2604 2361 2653 liabent
2382 2602 2521 2651 nati-

1444 2700 1586 2746 vum,
1606 2684 1699 2733 lib.
1724 2688 1806 2733 14.
1829 2698 1915 2745 ep.
1938 2686 2052 2732 133.
2120 2676 2519 2742 Leucophaeutus]

1444 2762 1606 2810 Veste
1649 2759 1862 2810 indutus
1904 2755 2094 2808 coloris
2115 2772 2147 2806 e
2167 2756 2321 2818 λενιεᾷ
2338 2754 2442 2803 albo
2465 2761 2523 2804 et

1442 2839 1565 2902 φωῷ
1584 2837 1812 2899 subnigro
1834 2836 1993 2894 misti,
2010 2832 2224 2899 (Augl.)
2243 2846 2386 2897 gray.

1509 2916 1542 2965 6
1576 2915 1678 2971 Qua·
1696 2913 1976 2969 coccinatos,
1998 2910 2108 2975 δῖα]
2141 2909 2249 2963 Qui
2279 2906 2514 2957 vestibus

1442 2995 1570 3054 usus,
1587 3004 1747 3041 cocco
1768 2990 1944 3040 tinctis
1957 2987 2140 3054 (Angl.
2154 2984 2348 3049 scm-let)
2366 2990 2521 3050 putat

1441 3084 1559 3119 esse
1580 3070 1763 3118 molles
1788 3076 1842 3116 et
1866 3077 2047 3130 parum
2074 3065 2225 3114 viros.

1444 3175 1449 3180 ·
1504 3151 1539 3196 '7
1573 3146 2039 3211 Amethystinasque,
2090 3142 2201 3207 ξω]
2267 3139 2519 3203 Dicitque

1443 3235 1739 3287 purpureas
1771 3233 1864 3270 seu
1903 3220 2174 3280 violaceas,
2197 3233 2226 3266 a
2250 3217 2423 3267 colore
2446 3216 2521 3262 la·

1420 3300 1579 3365 ,pidis
1598 3298 1921 3363 Amethysti‚
1936 3298 2105 3362 epigr.
2123 3300 2233 3346 154.
2258 3296 2292 3343 l.
2312 3296 2390 3344 14.
2407 3305 2519 3341 mu·

1444 3378 1627 3426 lierum
1652 3389 1768 3425 esse
1793 3381 1987 3436 vestes,
2009 3387 2109 3423 nou
2129 3372 2372 3422 virorum.

1508 3459 1561 3504 δ’
1580 3453 1768 3503 Nativa
1789 3451 1976 3514 laudat]
2013 3451 2149 3503 Quae
2177 3463 2279 3498 non
2300 3451 2423 3497 sunt
2439 3458 2522 3494 ar·

1444 3529 1608 3581 tificio
1632 3529 1820 3591 tincta,
1841 3528 2020 3594 quales
2041 3533 2164 3576 suut
2203 3530 2377 3573 vestes
2402 3522 2519 3570 13ae-

1443 3609 1587 3669 ticae,
1629 3606 1697 3656 de
1733 3604 1923 3670 quibus
1960 3616 2137 3666 supra,
2173 3614 2305 3650 vers.
2338 3603 2389 3648 4.
2449 3594 2518 3645 Id

1441 3686 1625 3737 Graeci
1658 3680 1892 3746 αὐτοφυὲς
1929 3681 2131 3731 dicunt.
2155 3679 2158 3685 “
2179 3677 2391 3736 Habeat,
2410 3673 2519 3737 Sym]

1443 3765 1515 3813 Et
1533 3762 1576 3812 si
1598 3760 1780 3811 viriles*
1797 3764 1971 3821 gestet
2008 3761 2201 3813 vestes,
2236 3750 2517 3803 muliebres

1441 3842 1598 3890 habet
1623 3853 1793 3887 mores
1819 3845 1875 3886 et
1897 3835 2095 3884 molles.

1506 3922 1539 3967 9
1576 3916 1835 3976 Gulbanos,
1854 3911 1960 3977 εγω]
2009 3907 2267 3960 Subalbos
2289 3919 2380 3954 seu
2403 3905 2523 3954 ber·

1443 3992 1593 4042 bacci
1616 3989 1824 4050 coloris,
1844 3984 2079 4052 χλωροὺς,
2109 4000 2139 4033 a
2160 3982 2287 4034 flore
2311 3976 2521 4046 galbani

1439 4069 1625 4119 ferulas
1645 4082 1674 4117 e
1695 4068 1878 4132 Syria:
1905 4066 1988 4115 vel
2006 4064 2191 4114 molles
2211 4062 2377 4112 instar
2394 4060 2522 4110 Gal-

1443 4147 1526 4198 bae
1570 4146 1708 4209 Imp.
1753 4141 2073 4194 effoemiuati.
2126 4139 2259 4192 Vide
2293 4136 2522 4197 Turneb,

1442 4225 1479 4275 l.
1509 4228 1588 4273 17.
1617 4237 1664 4271 c.
1686 4226 1736 4270 8.

1512 4304 1573 4348 ll
1608 4295 1978 4361 Auspicium]
2033 4294 2327 4359 Despectat
2356 4288 2523 4355 ingui-

1445 4393 1547 4428 naz
1573 4378 1779 4440 ·ep.64.
1802 4374 1895 4425 lib.
1919 4378 2000 4422 11.

1516 4460 1578 4506 12
1616 4450 1970 4505 Decor-atibus
2005 4446 2226 4510 draucos]
2291 4446 2523 4496 Pascen-

1871 4587 1884 4614 ἒ
