2985 4937
492 392 668 459 1376

492 553 730 604 citratos.
777 552 913 605 Vide
937 553 1121 618 Epigr.
1138 557 1225 606 5⁷.
1241 553 1331 605 lib.
1354 557 1404 605 8.
1427 567 1565 604 vers.

491 635 575 681 31.

558 712 589 757 3
617 709 685 758 Et
704 708 939 774 delicate,
958 709 1065 773 Esca]
1103 710 1174 759 Et
1198 709 1386 758 ameris
1411 724 1443 758 a
1463 708 1564 757 dis-

495 785 685 848 cipulis
732 787 854 846 tuis,
908 787 1015 850 qui,
1058 801 1252 838 corona
1295 787 1565 851 cingentes

492 876 739 925 mensam,
763 863 857 912 tibi
880 864 1130 913 assident.

558 944 589 989 4
627 941 920 1004 (ζἀὶσιιὶαιοτ]
976 942 1079 993 Qui
1105 942 1328 991 rationes
1350 956 1563 1004 compu-

494 1016 642 1067 tandi
678 1032 771 1080 per
804 1019 1029 1068 calculos
1070 1027 1126 1069 et
1164 1017 1563 1069 Aritbmeticam

492 1092 669 1143 docet.
708 1095 955 1153 Notarius,
976 1095 1083 1160 ξω]
1140 1096 1244 1148 Qui
1267 1096 1426 1146 docet
1448 1096 1566 1144 lite-

493 1168 568 1218 ris
593 1184 688 1219 seu
724 1171 866 1222 notis
888 1173 1142 1236 excipere
1158 1172 1305 1223 dieta
1336 1172 1563 1223 alterius.

492 1246 809 1310 Epigramm.
828 1252 943 1298 208.
968 1249 1057 1299 lib·
1080 1254 1160 1299 14.

497 1367 505 1372 .
557 1330 587 1372 6
627 1324 816 1374 ein-culo
849 1327 1120 1391 coronetur]
1173 1328 1378 1380 Corona
1411 1285 1566 1377 disci-

493 1400 748 1463 pulorum.
815 1402 917 1452 Vel
941 1405 1114 1467 plures
1146 1411 1383 1455 numeret
1410 1403 1566 1456 disci·

493 1476 643 1541 pulos
668 1493 894 1529 mensam
926 1488 1252 1533 coronantes.

557 1559 591 1604 6
621 1554 759 1608 211⁶ae
791 1557 937 1621 leone,
972 1558 1081 1623 ξω]
1123 1559 1396 1611 ΓΒιεωειιίῑιίί
1433 1567 1567 1611 tem·

493 1645 620 1694 pora
642 1633 839 1697 aestiva,
875 1634 1062 1699 quibus
1100 1637 1312 1688 maximi
1342 1639 1566 1701 calores,

493 1715 728 1758 extremo
770 1709 936 1772 dulia,
979 1718 1037 1760 et
1093 1712 1257 1774 primo
1283 1711 1567 1776 «Augusto,

493 1799 649 1849 quum
675 1787 783 1844 Leo
817 1786 960 1835 sidus
995 1787 1169 1842 nobile
1189 1788 1569 1852 Solijungitnr,

494 1864 830 1928 geminatque
886 1871 1066 1927 aestus,
1108 1866 1395 1931 eodemque
1429 1873 1570 1918 tem-

494 1953 624 2003 pore
663 1939 822 1989 Canis
845 1941 948 1990 urit
970 1942 1159 1992 omnia.
1188 1971 1194 1976 -
1225 1944 1388 2007 Acboe]
1419 1944 1568 1993 ‚Dies

494 2016 880 2080 seilicetdongi
917 2019 1113 2072 etsole
1147 2027 1403 2083 perpetuo
1424 2020 1570 2071 clari.

498 2091 739 2139 Raderus.
791 2091 947 2141 Leone
967 2091 1217 2159 flammeo]
1271 2096 1454 2159 Epigr.
1486 2100 1569 2148 67.

495 2166 590 2216 lib.
625 2173 676 2218 4.
714 2182 850 2221 vers.
887 2174 936 2220 5.
968 2176 1026 2220 et
1058 2171 1240 2236 Epigr.
1279 2176 1362 2223 72.
1397 2172 1568 2224 Γὼ..6.

500 2258 637 2293 vers.
659 2248 710 2295 2.

562 2326 592 2370 ’1
632 2322 804 2386 Coquit
819 2323 1031 2386 messem]
1065 2324 1304 2376 Maturat
1321 2333 1570 2392 segetem,

564 2402 597 2448 8
627 2399 915 2464 Βοιιιίσαᾳιιε
972 2401 1090 2451 loris
1121 2401 1376 2465 humidis]
1441 2405 1570 2457 Mas.

499 2476 711 2527 Cirrata
737 2477 870 2528 loris.
935 2477 1040 2527 Sed
1063 2479 1330 2543 asperiora
1351 2481 1443 2530 illa
1462 2482 1574 2531 lora

504 2553 647 2601 aluta
671 2553 980 2619 quandoq-ue
1004 2554 1408 2619 obtegebantur.
1463 2556 1573 2608 Au·

494 2644 604 2679 son.
621 2630 958 2694 Protreptico
970 2630 1039 2679 ad
1061 2631 1321 2695 Nepotem
1343 2648 1358 2681 ε
1383 2635 1398 2662 ‘
1414 2634 1573 2686 Quod

494 2704 657 2755 fallax
672 2707 926 2757 scuticam
952 2709 1198 2772 praetexit
1220 2708 1399 2759 aluta.'
1459 2711 1569 2759 Cir-

492 2789 603 2833 rata
621 2784 781 2847 pellis,
803 2785 911 2848 aym]
964 2785 1091 2848 Ipsa
1112 2793 1193 2835 est
1215 2787 1421 2837 scutica
1440 2789 1572 2836 mul·

492 2866 663 2909 torum
685 2861 927 2911 lororum.
972 2863 1052 2912 Ea
1076 2863 1264 2912 dicitur
1279 2864 1428 2927 pellis
1446 2866 1570 2930 Scy·

494 2938 605 3000 tha,
640 2938 761 3002 quia
794 2940 1010 2988 multum
1048 2939 1152 2989 illis
1184 2941 1485 3004 utebantur,
1511 2951 1571 2992 ut

497 3029 565 3064 ex
600 3015 873 3064 Herodoto
913 3023 968 3065 et
1005 3016 1214 3067 Justino
1248 3024 1569 3067 annotatum.

508 3093 723 3151 Cirrata,
745 3092 866 3155 quia
887 3106 1007 3155 pars
1032 3093 1164 3155 ejus,
1197 3109 1299 3159 qua
1317 3108 1469 3145 mann
1495 3102 1571 3144 te·

497 3178 671 3231 netur,
697 3169 868 3217 omnia
899 3169 1010 3218 lora
1040 3169 1202 3219 habet
1234 3171 1497 3234 implicata
1517 3179 1572 3221 et

497 3243 783 3293 constricta
798 3242 848 3292 in
873 3258 1080 3293 ansam:
1120 3260 1237 3308 pars
1257 3247 1444 3310 altera,
1467 3264 1572 3312 qna

498 3318 643 3380 ferit,
665 3319 845 3368 endem
862 3320 1057 3370 liabent
1075 3322 1259 3379 soluta,
1274 3324 1573 3387 pendentia,

503 3405 560 3445 et
579 3394 906 3458 fluctuantia,
928 3396 1092 3446 instar
1115 3398 1378 3450 cirron-um.
1419 3401 1572 3452 Groa.

568 3478 599 3522 9
638 3473 901 3537 Celemna]
952 3472 1039 3523 Ad
1062 3475 1300 3537 Celenas,
1322 3477 1571 3540 oppidum

501 3550 766 3614 Phrygiae,

499 3623 761 3690 Apolline.

499 3702 502 3703 ⁷
573 3708 631 3753 11
673 3706 889 3771 Cessent]
943 3706 1125 3771 Usque
1151 3707 1272 3755 dum
1295 3668 1572 3757 deferbue-

797 3551 885 3600 ubi
924 3552 1154 3602 certavit
1189 3553 1429 3617 Marsyas
1452 3569 1570 3604 cum

498 3782 569 3830 rit
606 3783 805 3831 aestatis
845 3782 1028 3843 calor,
1044 3781 1319 3835 deferbeat
1352 3785 1570 3834 scuticae

495 3849 780 3927 ferulaeque
817 3859 1034 3908 aaevitia.
1098 3860 1215 3929 Idus
1249 3861 1301 3909 in
1327 3861 1574 3926 Octobres]

499 3937 699 4003 Quibus
709 3938 819 4000 jam
841 3935 1043 3987 fractus
1060 3940 1220 4001 calor,
1240 3945 1295 3987 et
1315 3945 1572 4003 tempera-

505 4019 615 4060 tum
641 4015 842 4064 caelum.

562 4089 727 4138 Erre.
751 4103 917 4139 exin.
983 4091 1211 4155 Elegans
1236 4092 1574 4156 epitaphium,

426 4195 432 4201 -
501 4179 602 4229 quo
642 4164 813 4214 Poeta
868 4181 1081 4217 uxorem
1131 4168 1415 4257 cujusdam,
1457 4169 1573 4218 feli-

501 4255 613 4290 cem
638 4257 668 4289 a
688 4241 882 4305 liberis,
906 4252 1143 4307 tempore
1166 4246 1415 4312 conjugii,
1433 4264 1572 4307 μονο-

499 4319 666 4386 γαμίᾳ,
689 4328 877 4384 morte,
895 4322 1146 4374 celebrat.

1089 429 1130 436 ⁴·
1166 437 1176 446 ·
1207 407 1424 458 No'rAE.
1450 405 1876 458 ·VAR[DRUM
1929 408 2007 457 ΙΝ
2156 423 2167 450 t
2230 445 2235 450 -

1707 557 1736 632 1
1773 552 2041 614 Marmora,
2074 551 2181 616 qm]
2202 595 2214 604 .
2242 553 2525 603 Tumidum-
2571 567 2697 608 mar-

1576 663 1581 670 =
1622 644 1887 682 'mum-

1703 712 1736 758 2
1773 708 1981 766 Mausoli
2012 707 2184 770 ,mid
2249 706 2381 757 Lib..
2407 707 2701 770 Spectacul.

1640 786 1956 850 Epigramm.
1984 792 2032 834 l.
2077 801 2211 836 vers.
2233 791 2285 836 6.
2373 786 2699 849 Pyra-uidam-

1638 864 1887 927 quelegis]
1922 864 2036 913 Lib.
2059 863 2703 982 spectacul.1·:pigra1nm.

1641 946 1689 991 1.
1713 955 1849 990 vers.
1873 943 1924 989 1.

1704 1023 1734 1069 8
1769 1017 2705 1080 BameaRon-aao‚8›·e·]1.udisecu-

1639 1094 1799 1154 lares,
1858 1094 2159 1157 pestilitatis
2199 1093 2503 1144 avertenda
2538 1094 2708 1158 gratia

1641 1170 1892 1232 instituti,
1920 1177 1979 1219 nt
2002 1170 2318 1231 ,credituma
2339 1170 2541 1219 valer..
2568 1170 2707 1220 Pub·

1638 1247 1812 1309 licola,
1834 1247 2236 1298 celebrabantur
2264 1247 2553 1297 centesimo
2587 1262 2709 1312 quo·

1639 1339 1741 1389 que
1759 1339 1924 1385 anno;
1974 1323 2125 1374 caesis
2148 1323 2416 1373 atrobove
2434 1323 2575 1385 Diti,
2590 1338 2711 1378 con-

1638 1401 1801 1452 colori
1823 1402 2057 1465 juvenca
2089 1398 2442 1463 Proserpinae,
2459 1398 2545 1447 ad·
2569 1415 2710 1449 aram

1638 1478 1787 1529 Ditis
1824 1478 1876 1527 in
1908 1478 2145 1535 Tarento
2181 1476 2233 1525 in
2276 1491 2461 1540 campo
2496 1478 2710 1528 Martio.

1639 1554 1989 1620 spectabatur
2008 1556 2186 1619 itaque
2208 1554 2322 1603 haee
2342 1559 2601 1604 ‚matrona
2635 1569 2714 1603 se·

1641 1632 1825 1682 cundia
1846 1631 2183 1682 secularibus.
2218 1630 2414 1694 Neque
2427 1629 2567 1679 enim
2588 1631 2710 1680 Car·

1640 1708 1794 1758 minis
1814 1708 1967 1772 hujus
1998 1707 2150 1762 laude
2188 1711 2248 1757 et
2276 1707 2534 1762 miraculo
2557 1706 2714 1771 digna

1639 1782 1823 1836 fuisset
1840 1790 2076 1836 matrona
2089 1784 2204 1836 baec
2219 1783 2541 1836 secularibus
2563 1784 2713 1836 Clan-

1644 1859 1716 1909 dii
1739 1869 1795 1911 et
1811 1860 2123 1922 Domitiani,
2151 1860 2289 1914 inter
2314 1874 2440 1924 quos
2458 1857 2714 1912 interfue-

1642 1944 1767 1987 runt
1802 1936 1924 1986 anni
1959 1941 2042 1987 41.
2085 1935 2230 2001 (vide
2266 1935 2484 1986 Sueton.
2505 1936 2716 1991 ,ClaurL

1643 2030 1762 2081 cap.
1791 2011 1902 2080 21.)
1958 2021 2017 2065 nt
2052 2015 2187 2064 hunc
2228 2015 2718 2079 locumqexpennnt

1643 2092 1781 2158 Aug.
1822 2092 2136 2154 Politianus,
2180 2091 2720 2155 Beroaldus,.11eral-

1643 2168 1759 2231 dus,
1780 2175 1841 2220 et
1856 2169 2115 2224 Raderns.
2182 2167 2300 2232 Bis]
2354 2168 2489 2220 Quia
2520 2169 2602 2220 bia
2624 2184 2720 2232 po-

1644 2251 1821 2296 tuerat
1860 2246 2042 2295 videre
2073 2244 2222 2295 ludos
2261 2246 2542 2306 seculares,
2577 2245 2718 2295 cele-

1644 2322 1825 2374 bratos
1864 2323 1977 2375 scil.
2007 2339 2037 2373 a
2058 2323 2278 2374 Claudio
2309 2329 2366 2372 et
2394 2324 2718 2376 Domitiano.

1643 2399 1783 2450 Nam
1805 2400 1876 2449 D.
1896 2398 2144 2448 Claudius
2166 2375 2330 2447 ludos
2348 2399 2615 2452 seculares
2632 2413 2719 2449 ce·

1645 2475 1888 2539 lebavit,
1909 2490 2011 2524 non
2049 2483 2357 2538 exspectato
2390 2482 2632 2540 tempore
2651 2478 2719 2527 le·

1647 2552 1847 2617 gitimo.
1913 2552 2196 2615 Duplicem
2218 2552 2376 2616 igitur
2400 2553 2577 2603 vitam
2582 2555 2721 2604 vixit

1647 2629 1758 2679 liaec
1776 2640 2032 2681 matrona.
2082 2629 2353 2695 Siquidem
2375 2645 2477 2681 una
2496 2630 2721 2681 bominis

1648 2716 1777 2757 aetas
1797 2708 1890 2756 hos
1910 2707 2059 2757 ludos
2078 2708 2236 2757 semel
2250 2715 2453 2758 tantum
2468 2716 2720 2773 spectare

1647 2791 1876 2847 poterat.
1942 2783 2095 2834 Unde
2127 2785 2335 2845 Praeco,
2358 2800 2514 2849 quum
2538 2786 2607 2835 ad
2630 2801 2719 2839 eos

1645 2861 1891 2924 populum
1911 2860 2175 2923 invitaret,
2189 2860 2339 2910 ludos
2359 2876 2473 2911 esse
2484 2862 2724 2926 dicebat,

1644 2938 1659 2965 ‘
1687 2953 1814 3002 quos
1852 2953 1948 2988 nec
1985 2944 2279 3002 spectasset
2310 2939 2605 3004 quisquam,
2625 2956 2723 2990 nec

1645 3022 1976 3076 spectaturus
2007 3014 2181 3065 esset!
2228 3015 2434 3066 Herum.
2504 3018 2721 3068 Romae

1652 3091 1872 3154 Ten-ento]
1907 3093 2028 3141 Non
2052 3101 2245 3141 temere
2267 3093 2463 3155 adjecit
2485 3094 2501 3120 ‘
2532 3095 2721 3144 Roma-

1648 3183 1714 3217 no
1735 3167 1768 3219 ς’
1803 3177 1882 3237 est
1906 3170 2043 3218 enim
2074 3169 2356 3218 Tarentum
2398 3169 2527 3218 alias
2553 3170 2608 3219 iu
2632 3186 2722 3220 ex·

1648 3253 1818 3294 trema
1858 3242 2081 3313 Iapygia
2117 3245 2304 3295 nobilis
2340 3246 2548 3296 civitas.
2616 3247 2722 3297 Hic

1648 3331 1824 3374 antem
1860 3325 1999 3374 locus
2035 3324 2084 3373 in
2126 3324 2325 3388 Campo
2372 3322 2588 3386 Martio,
2634 3325 2722 3375 ubi

1647 3417 1739 3453 ara
1761 3402 1905 3450 Ditis
1929 3409 2065 3464 erat,
2100 3403 2381 3451 Tarentum
2421 3402 2506 3450 vel
2527 3403 2721 3451 Teren-

1647 3484 1759 3528 tum
1816 3478 2197 3540 nominabatur,
2252 3478 2390 3542 quod
2438 3492 2534 3526 ara
2576 3480 2720 3528 Ditis

1644 3555 1810 3620 patris
1832 3554 1886 3602 in
1913 3561 2053 3604 terra
2072 3553 2447 3615 occultaretur,
2465 3561 2557 3603 aut
2581 3555 2721 3619 quod

1647 3630 1713 3680 ad
1749 3633 1911 3694 ripam
1937 3630 2142 3679 Tiberis
2180 3628 2232 3680 fl.
2275 3637 2468 3681 terram
2507 3645 2571 3681 eo
2608 3633 2719 3681 loco

1648 3713 1862 3757 tereret.
1937 3700 2074 3769 Vita]
2130 3705 2336 3771 Lipsius
2390 3707 2526 3771 legit
2574 3709 2718 3773 vitta,

1646 3789 1728 3834 26.
1751 3786 1852 3848 Ep.
1876 3790 1924 3837 3.
1963 3788 2179 3835 Centur.
2210 3792 2269 3835 et
2302 3784 2469 3835 refert
2510 3786 2577 3835 ad
2601 3802 2720 3837 con-

1641 3862 1859 3927 jugium.
1928 3863 2090 3912 Binos
2109 3864 2411 3927 saeculares,
2432 3863 2623 3926 inquit,
2649 3864 2718 3911 vi-

1648 3941 1703 3990 di
1728 3950 1912 4004 nupta,
1931 3950 1986 3990 et
2007 3957 2194 4004 pueros
2220 3942 2420 4005 peperi.
2455 3943 2717 3993 Matronae

1556 4062 1561 4069 .
1646 4019 1785 4069 enim
1810 4019 1968 4068 vittas
1992 4021 2266 4083 gerebant.

1712 4100 1745 4144 4
1783 4097 1852 4145 Et
1874 4097 2013 4157 nihil,
2031 4097 2142 4160 ssa]
2194 4098 2267 4149 M
2302 4096 2415 4145 vita
2452 4097 2577 4147 mibi
2605 4111 2714 4161 per·

1648 4172 1838 4231 mansit
1855 4173 2059 4222 sincere
2074 4171 2205 4223 felix
2222 4172 2292 4222 ad
2314 4171 2515 4222 exitum
2538 4187 2719 4239 usque.

1713 4255 1743 4297 6
1775 4236 1929 4312 Junb]
1986 4249 2118 4302 Qnae
2141 4248 2394 4313 praesidet
2411 4251 2721 4315 puerperiis,

1651 4324 1872 4376 Lucina.
