2985 4937
700 421 779 471 M.
831 419 1003 469 vat..
1050 419 1477 471 MAR'rrAms
1529 414 1775 471 BHGR.
1827 422 1968 470 1218.
2014 422 2064 468 Ι.

288 557 477 623 optimi
489 562 685 628 quique
702 568 958 628 veterum,
972 578 1067 629 pro
1087 564 1265 615 fructu
1279 563 1359 615 di·

287 645 510 702 centem,
530 641 812 706 supercilio
825 643 1160 707 grammatico
1173 647 1189 673 ‘
1203 643 1330 694 ficus
1341 643 1359 668 '

256 778 265 784 ἢ
290 712 464 765 dicere
474 716 732 780 jusserat.
793 720 894 769 Ille
929 734 1143 770 securus
1162 734 1359 779 sermo-

289 790 368 840 nis
389 792 493 854 sui,
528 793 669 859 andi,
689 795 880 860 iuquit,
900 795 1041 846 aliud
1079 795 1358 847 discrimen

288 863 343 915 in
378 865 482 917 hac
529 883 677 932 voce,
716 872 854 935 quod
897 871 966 920 ud
1010 878 1066 921 te
1108 871 1361 935 pertinet.

289 942 465 995 ‘Fici’
518 945 783 1011 dicuntur,
825 963 942 1013 qua
979 955 1268 998 nascuntur
1304 949 1360 998 in

207 1009 221 1025 ’
291 1021 515 1085 arbore3
554 1025 651 1074 sed
672 1019 989 1090 aliogen'ere
1031 1025 1195 1085 ‘fici,’
1231 1040 1360 1092 quos

293 1103 345 1147 tu
364 1099 529 1150 babes
549 1101 604 1150 in
626 1110 781 1166 parte
793 1118 974 1168 parum
995 1104 1232 1157 honesta.
1274 1106 1363 1157 De

293 1172 411 1226 filiis
432 1185 490 1227 et
510 1179 678 1228 servis
698 1194 872 1244 nugae.
943 1181 1230 1232 Gronovius.

352 1257 386 1303 4
424 1253 576 1319 Tuos]
621 1256 855 1320 Liberos,
891 1256 1131 1316 famulos,
1170 1272 1361 1323 pueros

294 1327 571 1396 delicatos,
593 1340 652 1384 ut
686 1334 824 1399 epig.
853 1340 938 1386 62.
983 1336 1020 1385 l.
1054 1338 1105 1387 4.
1126 1341 1185 1386 et
1214 1336 1254 1385 l.
1277 1340 1361 1387 12.

293 1407 461 1473 epigr.
483 1413 573 1460 33.
637 1410 747 1461 Alii
769 1418 944 1462 tamen
975 1411 1157 1462 ‘tuos’
1190 1411 1363 1477 adjec-

295 1485 401 1536 tive
450 1486 690 1538 referunt
729 1489 796 1540 ad
829 1488 1034 1552 ‘ficos,’
1059 1496 1117 1540 et
1148 1505 1216 1540 ex
1248 1488 1363 1553 epi-

292 1570 583 1628 grammate
627 1564 727 1615 hoc
767 1565 1047 1629 probatum
1087 1573 1214 1617 eunt
1263 1565 1360 1616 ‘ti-

295 1638 450 1704 cnm‚’
504 1655 605 1705 pro
656 1643 857 1706 morbo,
910 1644 1183 1709 utriusque
1241 1657 1363 1695 esse

294 1717 528 1780 generis.
571 1720 677 1769 Sed
697 1725 754 1770 et
777 1720 928 1770 aliam
944 1719 1065 1770 vide
1081 1719 1363 1770 lectionem

295 1792 551 1861 aliamque
589 1796 962 1860 expositionem
1002 1797 1157 1848 Lanr.
1192 1797 1360 1848 Vauae

295 1871 428 1935 eleg.
443 1875 498 1920 4.
524 1871 618 1923 lib.
639 1876 689 1923 1.

366 1948 534 1999 Eme.
557 1961 735 2001 van.
770 1952 975 2002 lErrns
994 1965 1221 2014 meorum,
1257 1924 1364 2019 qm]

294 2020 594 2074 Invehitur
579 2040 635 2075 in
658 2026 964 2091 plagiarium
984 2043 1192 2079 suorum
1209 2028 1365 2080 libro-

297 2114 430 2165 rum,
477 2102 570 2167 qni
614 2104 952 2155 existimabat
997 2104 1207 2170 po‘e‘tam
1246 2105 1366 2157 fieri

298 2192 468 2243 posse,
485 2180 770 2231 recitandis
786 2197 884 2246 pro
904 2182 1008 2233 suis
1048 2183 1365 2234 carminibus

297 2255 597 2309 Martialis:
652 2267 934 2325 monetque
977 2268 1040 2328 ut
1082 2276 1201 2326 quae
1239 2275 1366 2312 non·

297 2332 416 2383 dum
453 2334 575 2398 ipse
595 2336 904 2400 vulgaverat
941 2343 1101 2401 emat,
1128 2338 1367 2401 quamvis

299 2410 487 2475 majori
511 2411 701 2478 pretio,
741 2412 785 2462 si
816 2414 946 2464 velit
963 2428 1059 2464 sua
1080 2412 1226 2466 furta
1259 2428 1363 2465 non

298 2488 641 2552 deprehendi.
704 2490 897 2541 Retio·-

356 2570 391 2616 2
410 2567 552 2617 Fieri
575 2568 792 2631 Pomm,
826 2569 936 2634 qva]
966 2569 1072 2624 Qui
1093 2570 1369 2634 ambitiose.

296 2656 486 2696 nomen
527 2643 717 2695 Poetae
754 2646 1049 2709 nuncuparis.
1112 2647 1265 2697 Posse
1283 2648 1369 2711 qui

296 2724 439 2782 putas
482 2719 634 2785 tenti]
681 2722 823 2773 Fieri
863 2724 1000 2774 tanti
1021 2729 1126 2788 est,
1166 2732 1367 2774 tantam

299 2796 739 2866 existimationem
776 2798 1000 2850 bebere:
1065 2799 1155 2865 qui
1186 2814 1370 2851 sensus

299 2871 418 2923 binc
442 2874 669 2924 alienus.
712 2874 821 2926 Sed
843 2876 1058 2942 scripsit
1073 2878 1371 2930 Martialis:

303 2948 438 3006 Fieri
493 2950 694 3002 Pau-m
743 2966 880 3016 posse
910 2953 994 3016 qui
1036 2959 1182 3017 putus
1213 2958 1375 3017 muto,

302 3023 755 3089 Scriptura·quunti
773 3032 958 3078 constat
973 3045 991 3077 .-
1024 3029 1122 3079 hoc
1143 3037 1244 3094 est,
1261 3038 1372 3081 tan-

300 3100 413 3151 tillo
428 3116 534 3152 aere
552 3116 805 3167 expenso,
817 3105 1000 3169 quanti
1015 3112 1099 3155 est
1114 3105 1262 3156 labor
1281 3105 1369 3158 de·

303 3176 571 3227 scribendi
589 3187 646 3227 et
666 3179 867 3231 cbarta.
923 3182 1209 3233 Gronovius.

229 3313 235 3320 ,
363 3258 394 3304 ⁸
427 3253 709 3317 Scriptura,
739 3256 849 3320 Spa]
879 3255 1102 3309 Librarii
1126 3259 1371 3310 transcri-

308 3329 477 3381 bentis
511 3331 708 3394 opella,
741 3338 797 3382 et
832 3346 938 3382 uon
960 3333 1038 3384 ita
1059 3334 1233 3398 magni
1256 3350 1372 3399 pre·

299 3407 365 3456 cii
388 3408 593 3469 charta,
610 3423 818 3473 scapus.

363 3490 397 3536 4
418 3487 549 3552 ,Noa
567 3501 672 3549 sex,
707 3486 817 3551 ξω]
851 3487 977 3552 Ipsa
997 3487 1259 3553 sapientia
1278 3497 1373 3542 aut

300 3564 574 3628 rapientiae
595 3565 707 3616 laus
723 3579 827 3617 uon
844 3574 1079 3630 paratur,
1095 3581 1199 3631 qno
1216 3566 1371 3632 liber,

304 3640 498 3703 pretio.

364 3724 394 3767 5
429 3714 642 3775 Semta,
689 3717 801 3783 mn]
845 3718 1090 3771 Nondum
1138 3722 1369 3786 vulgata.

303 3794 465 3846 Rudes
501 3808 659 3856 curm,
684 3794 793 3857 ξω]
834 3796 1029 3845 Versus
1067 3797 1293 3849 nondum
1317 3800 1370 3850 in

302 3871 572 3934 publicum
618 3871 862 3924 emissos.
894 3871 1015 3923 vide
1044 3873 1082 3923 l.
1116 3877 1170 3923 6.
1201 3876 1372 3940 epigr.

357 4009 398 4073 6
455 4024 608 4086 Unus,
656 4024 943 4089 scr-iamne]
998 4024 1166 4076 Autor
1216 4028 1372 4078 solus.

308 4100 553 4234 fig-:ratim
584 4100 690 4166 qua]
738 4103 977 4166 Clausae,
1002 4103 1228 4156 necdum
1265 4104 1373 4154 edi-

334 4191 387 4228 as

374 4258 403 4301 7
446 4255 689 4319 Virginis]
721 4257 854 4313 Quae
876 4257 1103 4312 noudum
1125 4258 1372 4311 lectorem

2327 405 2500 470 1117

1437 570 1662 630 experta
1676 571 1792 627 est3
1826 579 1982 631 quam
1998 564 2188 614 nullius
2199 563 2300 614 viri
2324 578 2505 615 manus

1436 642 1811 705 contrectavit,
1844 642 2035 692 nullius
2070 641 2280 692 lectoris
2318 643 2501 692 oculus

1435 716 1567 767 foris
1603 725 1879 782 vagantem
1917 718 2066 768 vidit.
2145 717 2331 769 Junius
2388 719 2502 768 vult

1435 790 1668 859 Virginis
1685 795 1926 844 chartam
1943 808 2074 857 esse,
2092 809 2160 844 ex
2182 808 2283 859 qua
2308 795 2503 844 nullum

1437 871 1811 934 transcriptum
1855 878 1941 922 est
1997 871 2263 935 exemplar
2281 886 2298 921 ι
2356 870 2504 936 quasi

1439 954 1568 997 tunc
1628 948 1899 1012 pepererit
1951 948 2151 1010 charta,
2201 947 2290 999 ubi
2325 962 2390 997 ex
2422 962 2491 997 ea

1436 1023 1769 1089 desumptum
1792 1025 1863 1074 sit
1896 1024 2314 1088 exemplumjnm
2336 1022 2504 1073 invul-

1436 1105 1637 1164 gatum.
1687 1101 1845 1152 Peter
1861 1098 2065 1164 marta]
2100 1098 2287 1150 Autor.

1504 1181 1538 1225 8
1573 1177 1697 1235 Quae
1740 1178 1880 1241 tritu,
1922 1175 2038 1241 qm]
2091 1176 2247 1238 Quoe,
2276 1173 2506 1225 nondum

1434 1251 1650 1304 lectoris
1667 1268 1822 1306 manu
1836 1262 2064 1316 versata,
2080 1252 2323 1319 lanugine
2337 1251 2508 1301 inhor-

1437 1331 1617 1394 rescit,
1647 1333 1915 1399 pilosaque
1935 1331 2218 1393 factaest:
2249 1332 2364 1382 aliis
2385 1347 2504 1396 quoe

1437 1409 1669 1461 nondum
1700 1411 1923 1463 recitata
1956 1420 2113 1476 atque
2136 1409 2283 1461 edita
2301 1410 2507 1459 horres-

1437 1485 1529 1549 cit,
1557 1486 1624 1536 ab
1645 1486 1945 1538 auditorum
1981 1486 2289 1537 basiantium
2313 1493 2506 1537 mento.

1436 1569 1499 1614 ut
1533 1563 1709 1628 epigr.
1742 1567 1795 1614 4.
1831 1578 1987 1628 supra
2022 1567 2105 1613 93.
2128 1565 2163 1612 l.
2196 1567 2279 1612 10.
2305 1577 2437 1612 vers.
2456 1567 2507 1613 6.

1434 1638 1719 1691 Salmasius
1760 1654 1886 1690 vero
1918 1639 1995 1690 sic
2016 1638 2238 1703 exponit
2272 1639 2410 1688 bunc
2436 1639 2510 1687 lo·

1437 1732 1587 1769 cumr
1639 1717 1702 1769 In
1737 1717 2040 1768 evolvendis
2084 1716 2377 1768 chartarum
2422 1731 2509 1766 vo-

1436 1793 1735 1853 luminibus,
1786 1800 1982 1858 partem
2011 1793 2179 1842 adhuc
2222 1793 2518 1843 involutam-

1438 1877 1617 1922 mento
1649 1870 2029 1936 subjiciebant:
2065 1870 2345 1934 primorem
2378 1883 2508 1920 vero

1439 1952 1643 2012 purtem
1659 1947 1881 1999 subinde
1904 1947 2243 2012 explicantes,
2257 1946 2509 1998 ambabus

1439 2022 1696 2073 tenebant
1716 2023 1949 2074 manibus
1972 2023 2228 2088 simulque
2246 2021 2511 2087 legebant,

1441 2113 1558 2150 eam
1590 2100 1797 2151 iuterim
1819 2114 1935 2166 qnae
1957 2101 2185 2150 nondum
2216 2106 2329 2149 erat
2348 2100 2513 2164 expli·

1440 2177 1571 2241 cita,
1591 2178 1689 2228 sub
1707 2185 1886 2229 mento
1905 2177 2230 2227 convolutam
2245 2182 2511 2226 tenentes.

1440 2255 1584 2309 Hinc
1624 2254 1692 2305 de
1729 2255 1913 2306 charta
1942 2254 2180 2317 Virgine,
2201 2260 2259 2303 et
2282 2268 2398 2318 quae
2422 2252 2511 2302 ad-

1440 2332 1541 2384 buc
1558 2333 1759 2384 intaeta
1776 2338 1911 2396 erat,
1931 2331 2180 2383 dicebant
2195 2346 2311 2380 eam
2332 2339 2511 2381 mento

1442 2407 1627 2459 tritam
1664 2423 1767 2459 non
1791 2423 1925 2461 esse.
1992 2407 2271 2460 Horridior
2313 2407 2514 2475 quippe

1441 2484 1607 2539 flebat
1648 2487 1889 2539 manibus
1929 2492 1986 2538 et
2025 2493 2204 2536 mento
2245 2485 2389 2545 trita,
2422 2501 2509 2534 ex-

1443 2564 1625 2616 citatis
1668 2565 1866 2615 inarum
1899 2562 2181 2615 filamentis
2237 2571 2292 2611 et
2345 2561 2512 2618 fibris.

1443 2640 1692 2691 Groecum
1707 2641 2041 2705 Epigramma
2050 2637 2299 2689 ἀνέκδοτον
2313 2638 2516 2689 Strato·

1440 2719 1555 2768 nis:
1589 2716 1802 2780 Εὐτυχδς
1821 2718 1877 2766 οὔ
1904 2715 2081 2781 φθονέω
2116 2714 2364 2774 βιβλίδιον·
2387 2713 2419 2774 ἦ
2454 2716 2516 2776 ῥα

1442 2794 1491 2844 σ·
1514 2793 1749 2857 ἀναγνοὺς
1779 2796 1899 2845 Παῖς
1921 2812 1996 2845 τις
2017 2792 2276 2856 ἃναθλζθει,
2299 2790 2415 2855 πρὸς
2448 2793 2513 2840 τὰ

1440 2869 1601 2933 γένεια
1625 2872 1786 2924 τιθείς.
1853 2873 2021 2922 Vides
2042 2873 2273 2923 chartam
2298 2873 2418 2921 dum
2445 2873 2518 2924 le·

1446 2950 1590 3013 gitur
1609 2957 1668 3002 et
1688 2950 1971 3011 evolvitur,
2004 2955 2180 3000 mento
2205 2947 2389 3011 subiici
2410 2955 2515 3006 ter-

1442 3039 1563 3090 que.
1596 3025 1702 3077 Sed
1720 3027 1737 3055 ‘
1752 3026 1937 3076 durum
1954 3033 2183 3078 mentum
2197 3025 2211 3047 '
2234 3040 2518 3091 perperam

1444 3117 1543 3167 pro
1597 3104 1713 3168 ipsa
1756 3104 1955 3156 chartae
2011 3102 2176 3155 barba
2228 3104 2516 3166 accipiunt,

1442 3194 1599 3246 quum
1639 3180 1706 3230 de
1742 3182 1953 3233 lectoris
1989 3188 2167 3233 mento
2216 3180 2514 3244 intelligen-

1442 3255 1567 3307 dum
1585 3258 1671 3318 sit,
1695 3271 1797 3323 qno
1822 3258 2004 3308 charta
2024 3258 2156 3309 trita
2175 3256 2505 3320 inhorrescit,

1443 3348 1507 3384 eo
1539 3349 1643 3400 quo
1665 3334 1889 3385 diximus
1913 3334 2086 3384 modo.

1506 3414 1540 3460 9
1573 3412 1789 3474 Mutare,
1809 3412 1917 3476 qm]
1941 3412 2157 3462 Frustra
2180 3418 2237 3461 et
2258 3424 2378 3461 sero
2406 3412 2517 3475 pla-

1441 3486 1635 3549 giarius
1658 3487 1754 3538 sibi
1778 3487 2031 3539 adscribit
2046 3502 2195 3555 opus,
2209 3489 2355 3553 cnjus
2371 3490 2516 3538 inno-

1442 3567 1607 3617 tuerit
1625 3574 1797 3616 autor.

1510 3647 1572 3693 10
1606 3641 1863 3703 Premit-utu
1891 3641 2082 3708 fronte]
2104 3642 2250 3694 Libri
2268 3642 2516 3706 pellibus,

1440 3725 1503 3774 ut
1519 3734 1654 3774 nnnc
1675 3717 1755 3783 fit,
1770 3720 1891 3769 olim
1909 3720 2310 3783 obtegebantur,
2332 3734 2515 3785 eaeque

1442 3796 1653 3859 pumice
1699 3796 1853 3860 poliri
1898 3810 1962 3845 ac
2001 3796 2214 3859 levigari
2260 3795 2516 3847 solebant.

1439 3873 1497 3923 Si
1542 3872 1658 3938 quis
1694 3886 1818 3922 vero
1857 3872 1990 3930 liber
2021 3887 2187 3923 novus
2230 3872 2319 3935 sit,
2361 3875 2514 3939 cujus

1440 3951 1649 4003 frontes
1669 3951 1775 4018 (ere
1800 3960 1941 4015 sunt,
1973 3951 2339 4003 extremitates
2360 3965 2517 4001 mem·

1443 4028 1655 4080 hranae
1641 4043 1695 4079 tn
1711 4028 1891 4080 orbem
1904 4027 2256 4093 complicatae,
2269 4028 2324 4078 in
2343 4028 2516 4078 medio

1443 4120 1662 4194 quarum
1700 4106 2025 4176 apparebant
2066 4105 2287 4170 cornua)
2310 4106 2515 4169 pumice

1435 4183 1550 4245 jam
1566 4183 1788 4245 primum
1806 4183 2108 4250 poliuntur,
2142 4189 2197 4233 et
2221 4182 2370 4243 cnjus
2405 4195 2516 4230 um·

1445 4261 1631 4311 bilicus
1686 4259 1755 4325 (is
1822 4267 1922 4323 est,
1974 4261 2192 4312 bacillus
2249 4259 2516 4321 cedrinus,
