2985 4937
475 388 653 464 1284

475 554 750 624 quodsede
763 551 992 620 equestri
1005 548 1286 612 abstineat,
1295 555 1538 613 et„quum

475 636 668 687 babeat
688 632 882 694 omnia,
914 644 1032 696 quse
1065 629 1260 679 decent
1293 627 1543 690 equitem,

367 711 397 785 ζ
478 717 676 778 praeter
713 715 940 770 censn'm,
961 708 1139 758 volens
1175 707 1367 756 bonore
1400 702 1541 753 sedis

476 793 676 850 careat,
693 801 792 837 nec
807 783 938 835 velit
950 783 1219 834 Oceanum
1238 780 1473 832 Lectium
1480 792 1541 827 ve

456 889 460 892 ·
477 865 665 916 timere
683 880 697 914 τ
731 876 879 913 secus
896 875 957 910 uc
976 858 1123 911 multi
1143 855 1427 917 faciebant,
1437 868 1543 905 non

474 940 631 992 modo
649 953 828 1001 censu,
850 936 942 988 sed
967 944 1024 987 et
1044 934 1273 998 ingenio,
1291 931 1543 983 moribus·

477 1032 599 1084 que,
630 1023 687 1067 et
730 1014 936 1075 studiis,
978 1019 1051 1062 et·
1081 1024 1273 1076 genere
1312 1006 1543 1074 equestri

477 1096 737 1149 destituti.
805 1095 1061 1147 Gruterus
1083 1098 1233 1143 notat
1265 1091 1319 1141 in
1359 1091 1546 1141 Poste·

475 1174 698 1226 rioribus
716 1172 888 1235 Notis,
899 1172 1014 1221 Pul.
1031 1171 1227 1220 habere
1242 1169 1339 1219 siut
1355 1184 1373 1218 .-
1406 1166 1542 1233 quod

476 1252 523 1303 si
543 1253 840 1316 recipimus,
860 1249 1034 1314 aliquo
1063 1247 1218 1297 modo
1242 1245 1449 1297 tolerari
1471 1245 1544 1294 al·

474 1333 594 1379 tera
630 1318 997 1391 interpretatio
1019 1330 1210 1390 potest.
1260 1321 1545 1373 Gronovius.

476 1405 576 1455 Bis
593 1410 800 1468 apim,
821 1401 931 1467 ξω]
980 1402 1085 1451 Cur
1103 1407 1278 1451 autem
1301 1398 1433 1448 adeo
1453 1397 1545 1447 de·

474 1481 687 1532 lecturis
720 1480 845 1532 sede
879 1478 1112 1544 equestri
1147 1477 1287 1527 intra
1323 1478 1404 1529 14.
1429 1489 1545 1539 gra·

477 1557 594 1621 dus,
616 1565 675 1610 nt
695 1572 826 1622 opus
862 1555 1054 1606 babeas
1094 1555 1280 1606 timere
1301 1552 1545 1618 designa·

477 1642 645 1687 torem
666 1637 686 1685 ?
720 1637 890 1701 Supra
911 1635 1094 1697 Epigr.
1114 1638 1166 1682 8.
1184 1639 1238 1682 et
1255 1630 1434 1696 Epigr.
1458 1634 1543 1679 14.

478 1713 576 1763 Bis
605 1718 783 1777 septem
817 1709 1061 1773 subsellia]
1121 1709 1264 1759 Male
1307 1706 1541 1757 nonnulli

475 1790 726 1841 subsellia
761 1790 844 1853 liic
884 1787 1159 1852 accipiunt·
1186 1800 1281 1849 pro
1318 1784 1541 1834 scamnis

474 1864 529 1916 in
550 1881 744 1917 cuneos
765 1873 820 1916 et
842 1864 1030 1928 gradus
1048 1862 1227 1912 illatis.
1292 1862 1436 1924 Ergo
1460 1860 1540 1909 bis

474 1950 682 2008 septem
706 1941 952 1993 subsellia
981 1940 1212 2004 appellat
1235 1938 1543 2005 quatuorde-

435 2071 438 2075 .
475 2020 578 2071 clm
617 2020 826 2071 ordines
861 2018 1115 2084 equitnm,
1148 2017 1259 2067 sive
1295 2024 1541 2082 quatuor·

478 2098 648 2148 decim
686 2096 901 2161 gradus,
935 2110 1066 2161 quos
1102 2095 1259 2144 etiam
1293 2091 1428 2158 ἔδρας
1450 2109 1544 2157 ep·

467 2174 694 2238 >pellavit
714 2173 821 2224 Dio
855 2173 946 2223 lib.
970 2176 1053 2223 26.
1104 2172 1198 2222 Τὰς
1227 2171 1321 2237 ’γὰρ
1348 2174 1442 2221 τῶν
1471 2170 1543 2220 1²·-

474 2249 602 2301 τέων
620 2250 707 2302 τὰς
737 2251 786 2300 ἐν
818 2252 922 2302 τοῖς
940 2247 1148 2316 θεάτροις
1176 2247 1312 2314 ἔδρας
1343 2249 1545 2315 ἀκριβεῖς

471 2327 567 2379 ἀπὸ
586 2330 683 2379 τᾶν
702 2326 869 2378 ἄλλων
897 2327 1132 2392 &odmen
1184 2330 1200 2356 ‘
1229 2329 1365 2378 Nam
1398 2327 1543 2393 equi-

476 2411 589 2456 tum
611 2405 860 2457 subsellia
882 2407 936 2456 in
958 2405 1173 2456 theatris
1202 2405 1269 2454 ab
1292 2404 1406 2454 aliis
1429 2405 1545 2454 soli-

476 2481 583 2533 elte
605 2480 902 2547 separavit?
958 2480 1147 2532 Recte.
1196 2471 1331 2532 Nam
1353 2480 1406 2530 in
1430 2487 1546 2545 gra·

475 2557 631 2609 dibus
672 2558 921 2616 subsellia
975 2556 1443 2622 componebantur,
1484 2563 1546 2607 nt

477 2633 554 2683 ait
572 2634 858 2687 Vitruvius.
903 2632 1313 2687 Quatuordecim
1335 2632 1547 2683 ordines

478 2712 707 2774 proprie,
760 2718 818 2761 et
875 2710 1266 2776 quatuordecim
1331 2710 1545 2774 gradus.

478 2785 618 2835 Item
654 2787 1047 2851 quatuordecim
1084 2786 1395 2851 simpliciter
1430 2780 1574 2838 sino'.

476 2863 789 2929 adjectione.
821 2865 1082 2914 Her-aldus.

542 2941 701 2991 Eme.
727 2953 935 2990 xxvm.
968 2937 1311 2990 Occasionem
1332 2936 1547 2987 laudan-

479 3015 534 3065 di
560 3017 905 3067 Romanorum
928 3015 1172 3076 familias,
1190 3014 1288 3064 aevi
1307 3014 1386 3064 sui
1408 3013 1548 3078 prin-

475 3094 621 3157 cipes
653 3100 709 3144 et
754 3094 1117 3159 optimates,a
1160 3107 1383 3157 persona
1421 3090 1549 3142 fietu

478 3169 733 3220 Mamerci
756 3176 960 3233 captat,
997 3168 1089 3219 cui
1118 3182 1271 3219 nemo
1303 3167 1431 3218 satis
1456 3166 1547 3217 bo.

414 3279 421 3284 -
477 3259 575 3295 nus
614 3246 698 3311 (ut
732 3254 788 3297 et
823 3246 1110 3297 Caeciliano
1136 3245 1229 3296 lib.
1252 3259 1337 3295 xx.
1360 3244 1544 3310 Epigr.

480 3320 591 3387 ⁷1.)
618 3323 906 3376 videbatur.
946 3323 1070 3372 ΗΜ.

541 3403 574 3449 2
609 3397 794 3462 Nullis,
814 3399 919 3464 ξω]
962 3400 1062 3449 Vel
1084 3397 1448 3462 integerrimis.

510 3478 572 3524 -8
611 3476 824 3538 Curtios,
860 3474 966 3540 qm]
1016 3473 1126 3525 Alii
1189 3476 1290 3537 leg.
1340 3475 1545 3526 Curios:

476 3552 645 3602 male:
680 3566 799 3601 nam
824 3566 1000 3601 versus
1033 3551 1311 3615 repudiat:
1348 3558 1406 3602 et
1427 3566 1548 3601 con-

477 3635 590 3680 stat
624 3628 841 3679 Curtios
860 3629 1144 3679 Montanos
1166 3628 1368 3692 pietate
1389 3628 1544 3693 iusig-

475 3719 571 3756 nes
589 3705 731 3756 circa
763 3701 1144 3770 illa'tempora,
1175 3720 1241 3755 ex
1274 3695 1547 3756 Tacito'et

476 3783 610 3835 aliis.

538 3864 571 3909 4
606 3862 810 3926 Neruas,
828 3857 1075 3922 comitate]
1127 3858 1358 3922 Intelligi
1381 3858 1543 3910 credo

477 3933 544 3985 de
565 3936 761 3997 Nerva,
800 3938 888 4003 qui
915 3936 1168 3986 successit
1207 3935 1545 3986 Domitiano·

476 4021 695 4078 uanique
717 4012 782 4077 is,
803 4020 940 4063 teste
953 4007 1246 4077 Xiphilino,
1260 4013 1468 4079 quietus
1489 4018 1548 4062 et

477 4089 638 4139 utitis.

541 4171 572 4214 5
609 4163 875 4228 Mauricos]
907 4163 1122 4217 sunium
1159 4165 1455 4214 Mauricum
1474 4164 1545 4215 ab

479 4239 731 4305 aequitate
751 4240 930 4290 laudat
966 4240 1104 4291 Plin.
1124 4241 1244 4293 Sec.
1268 4244 1319 4293 4.
1349 4241 1542 4293 lib.22.

477 4318 649 4383 Epist.
665 4326 721 4369 et
743 4317 831 4369 lib.
856 4324 904 4370 l.
927 4317 1095 4383 Epist.
1117 4324 1167 4369 5.

1163 403 1382 455 Nowffi
1427 398 1832 455 vAmolttm
1884 396 1964 447 m

1641 576 1652 611 ·.
1677 547 1711 594 6
1746 539 1999 604 Oratione]
2055 538 2387 605 Eloquentia.
2435 535 2686 601 Ragaba}

1614 620 1867 684 Regulum
1891 618 2137 680 insinuat,
2169 616 2234 666 ad
2254 631 2406 682 quem
2429 629 2571 680 saepe
2594 629 2696 675 sum,

1615 711 1727 760 pra.
1794 695 1930 745 Vide
1946 694 2270 758 Epigramm.
2308 697 2422 743 112.
2442 692 2528 749 lib.
2556 699 2601 743 1.
2623 700 2700 742 et.

1613 774 1703 823 lib.
1746 780 1797 825 4.
1839 772 2137 836 Epigr.=-16.
2169 785 2309 821 vers.
2339 774 2391 819 4.
2458 766 2702 831 Paullus}

1615 851 1795 912 Forte,
1829 851 1895 899 ad
1937 862 2094 914 quem
2138 847 2563 911 Epigrammffss.
2587 846 2682 896 lib.

1614 932 1665 978 7.
1698 934 1755 977 et
1792 927 2110 991 Epigramm.
2144 928 2226 975 86.
2258 923 2349 974 lib.
2370 927 2421 974 9.
2443 931 2501 974 et
2522 937 2683 987 supra

1616 1004 2009 1068 Epigrammate
2034 1006 2119 1053 23.

1678 1084 1709 1131 7
1761 1079 2092 1143 Rubigiuosis,
2131 1077 2242 1143 εμπ]
2289 1076 2573 1128 Theoninis
2624 1084 2685 1128 et

1615 1159 1806 1217 lividis,
1831 1158 1882 1207 id
1901 1164 2004 1221 est,
2026 1155 2416 1207 maledicentia.

1680 1241 1712 1285 8
1749 1236 2005 1287 Hominem
2026 1231 2309 1296 malignum]
2337 1232 2470 1281 Nam
2493 1231 2534 1281 is
2553 1245 2683 1285 vere

1613 1314 1890 1378 malignus,
1906 1312 1992 1378 qui
2008 1325 2168 1376 supra
2188 1308 2521 1372 describitur,
2539 1324 2685 1358 nem-

1616 1406 1704 1456 pe,
1744 1391 1964 1456 qui-nec
2010 1387 2144 1437 bene
2178 1386 2392 1449 sentire,
2427 1399 2525 1435 nec
2548 1385 2686 1436 bene

1615 1468 1756 1533 loqui
1775 1467 1841 1516 de
1865 1479 2121 1532 quoquam
2142 1469 2346 1527 potest;
2382 1469 2439 1512 et
2461 1462 2549 1527 qui
2574 1476 2686 1519 om-

1616 1549 1706 1597 nia
1749 1560 2022 1611 perperam
2063 1543 2461 1607 interpretatur.
2522 1539 2689 1590 Livor

1616 1622 1776 1673 etiam
1806 1628 1860 1671 et
1891 1619 2210 1671 obtrectatio
2231 1616 2686 1683 malignitatisas·

1615 1701 1770 1752 seclae
1793 1706 1933 1751 sunt.
1999 1698 2206 1748 Heron.

1637 1810 1642 1815 -
1679 1782 1713 1828 9
1747 1779 1855 1840 Ego
1876 1773 2120 1838 ηιίεσηιοη]
2150 1768 2687 1829 Veremisencnini-

1614 1855 1686 1906 hil
1708 1855 1915 1920 placetz
1940 1853 2205 1907 cruciatur
2221 1849 2355 1900 enim
2379 1861 2606 1913 semper,
2631 1853 2690 1897 et

1616 1946 1824 1997 seinper
1845 1930 2121 1990 irascitur3
2155 1933 2298 1985 amat
2328 1924 2550 1986 nullum,
2578 1937 2688 1973 om·

1615 2024 1709 2060 nes
1723 2008 1857 2069 odit,
1890 2006 2129 2059 omuibus
2156 2003 2367 2053 invisus.
2430 2001 2704 2063 Miserum„

1616 2085 1726 2150 dm]
1765 2085 1853 2135 Sic
1866 2086 1965 2136 1..1.
1980 2082 2163 2148 Epigr.
2177 2083 2261 2131 41.
2277 2087 2334 2130 et
2348 2077 2488 2129 infra
2499 2078 2687 2142 Epigr.

1616 2168 1851 2223 61.vers.
1871 2166 1921 2211 4.
2042 2158 2047 2164 ”

1685 2240 1847 2291 Erro.
1863 2250 2025 2288 χιιι.
2056 2240 2089 2286 2
2111 2235 2568 2297 Formomseptem,
2577 2229 2688 2295 asa]

1598 2318 1702 2368 Ex
1713 2311 2545 2382 opinionevnlgi,cuipersuasum
2572 2309 2688 2374 pul·
2752 2338 2756 2343 ·

1619 2396 1773 2446 chros
1805 2410 1894 2446 eos
1918 2395 1972 2445 in
1995 2393 2107 2442 dies
2136 2397 2418 2455 sequentes
2440 2388 2575 2451 fore,
2599 2388 2690 2454 qui

1619 2472 1909 2537 leporinam
1944 2471 2179 2523 edissent
2205 2483 2432 2519 carnem.
2468 2467 2607 2517 Pliu.
2632 2466 2692 2516 li·

1620 2548 1713 2599 bro
1750 2554 1835 2601 28.
1878 2548 2055 2623 cupite
2101 2550 2183 2597 19.
2225 2551 2281 2595 et
2318 2531 2588 2608 Lamprid.
2633 2543 2689 2593 in

1621 2628 1775 2677 Alex.
1794 2619 2007 2677 Severo.

1686 2709 1719 2754 3
1750 2704 1864 2754 Lux
1883 2719 2005 2767 meu,
2023 2701 2217 2765 nanas]
2239 2699 2445 2762 Amica,
2467 2697 2692 2760 deliciae,

1621 2783 1860 2838 suavium,
1898 2796 2089 2844 meum,
2117 2778 2259 2843 φίλον
2298 2793 2391 2828 seu
2423 2776 2545 2841 ἱερὸν
2571 2778 2689 2839 φῶς.

1627 2860 1785 2910 Hom.
1811 2859 1876 2909 ll.
1897 2855 1965 2910 τ’.
1984 2854 2218 2921 γλυκερὸν
2240 2852 2379 2921 odos.
2405 2854 2689 2918 Propertio

1619 2935 1888 3001 frequens.

1684 3015 1718 3062 4
1758 3012 1920 3063 Edisti
1959 3025 2230 3075 numquam,
2275 3007 2385 3072 ξω]
2429 3004 2687 3058 Τη·ειιίιιι

1619 3103 1902 3155 numquam
1924 3087 2151 3139 formosa
2174 3086 2388 3136 videris.

1688 3169 1849 3220 Erro.
1872 3181 2010 3219 xxx.
2050 3168 2343 3218 Varronem
2362 3164 2603 3213 hortatur
2621 3158 2687 3209 ad

1620 3245 1900 3296 lectionem
1969 3258 2183 3296 suornm
2240 3242 2689 3309 Epigrammstum

1622 3322 2004 3375 Saturnalibus.
2591 3333 2596 3341 ·

1687 3406 1709 3452 l
1771 3398 1951 3463 Vam]
2027 3395 2144 3449 Nec
2201 3393 2552 3458 Menippaeus-
2587 3403 2689 3440 nec

1620 3475 1877 3528 Atacinus
1897 3476 1980 3525 llic
1997 3475 2186 3525 Varro.
2218 3472 2324 3523 Sed
2341 3471 2551 3535 ignotus
2574 3481 2693 3531 pos·

1620 3553 1766 3614 teris,
1802 3561 1958 3603 notus
1976 3558 2176 3602 tantum
2200 3548 2340 3599 domi
2364 3554 2421 3597 et
2441 3546 2570 3608 suis,
2591 3544 2691 3594 nisi

1620 3628 1824 3694 quod‚a
1847 3627 2093 3678 Martiale
2115 3626 2422 3686 illustratus,
2444 3622 2577 3672 vivit
2600 3622 2689 3670 lto·

1621 3706 1710 3755 die
1743 3703 2051 3765 aliena,non
2093 3717 2185 3752 sua
2216 3702 2374 3751 Musa
2411 3699 2692 3748 redivivus.

1620 3782 1900 3847 Sophocleo]
1919 3783 2055 3831 Laus
2064 3778 2340 3836 Varronis,
2353 3783 2509 3841 'quem
2521 3775 2692 3830 excel·

1620 3860 1816 3910 lentem
1832 3858 2106 3923 Tragicum
2128 3856 2388 3921 appellat,
2373 3870 2387 3883 ·
2413 3868 2531 3903 nam
2553 3852 2691 3917 prin·

1619 3951 1747 4002 ceps
1768 3937 1819 3986 in
1843 3950 1906 3986 eo
1926 3949 2123 4001 genere
2144 3932 2448 3999 Sophocles.
2485 3928 2686 3979 eoelest-

1619 4015 1706 4078 κο]
1740 4015 1923 4079 Epigr.
1944 4016 2028 4063 20.
2064 4009 2154 4061 lib.
2178 4014 2228 4060 8.
2251 4023 2388 4058 vers.
2413 4009 2461 4054 5.
2579 4014 2585 4022 ·

1686 4094 1719 4139 2
1755 4088 1987 4151 Calabra,
2019 4086 2129 4150 ξω]
2162 4083 2305 4134 Mire
2346 4077 2536 4130 artifex
2572 4093 2682 4127 car-

1620 4164 1772 4215 minis
1792 4164 1943 4230 lyrici
1961 4163 2140 4215 Graeci
2156 4168 2211 4211 et
2226 4158 2430 4219 Latini;
2465 4160 2682 4230 uterque

1620 4242 1756 4305 enim
1779 4255 1949 4290 sermo
1992 4237 2227 4290 Calabris
2263 4233 2565 4285 familiaris-t
2605 4233 2683 4280 vel

1619 4334 1723 4369 non
1745 4319 1911 4369 miuus
1931 4315 2125 4369 cedens
2141 4312 2362 4365 Horatio
2384 4310 2497 4378 (qui
2520 4310 2681 4360 Luca·
