2985 4937
684 416 982 497 M.·VA1..
1033 414 1452 465 MAR'rlALls
1504 416 1755 466 nmen.
1805 418 1951 466 [AB.
1999 418 2111 466 111.

287 560 512 612 foetebat
556 561 748 623 anima,
777 559 919 611 forte
940 559 1101 626 ·quod
1142 559 1354 611 fellator

290 645 460 688 esset:
527 653 650 688 nam
709 652 865 702 quum
922 637 1160 688 scriblita
1214 653 1354 703 quae-

289 715 407 765 dam
468 711 716 764 secundis
749 714 942 764 mensis
991 713 1230 779 apposita
1276 713 1355 764 fu-

285 790 438 852 isset,
483 804 660 856 neque
692 797 839 841 esset
881 792 1065 857 aliquis
1101 792 1186 856 qui
1238 806 1353 842 eam

286 875 552 932 tangeret,
599 876 882 933 propterea
925 869 1064 934 quod
1109 869 1354 931 arderet3

286 952 477 1011 terque
502 944 1050 1012 quaterquesufflavit
1071 946 1183 1010 ipse
1195 961 1225 996 t·
1255 960 1356 1012 quo

225 1078 230 1085 ,
283 1019 429 1073 facto
461 1021 641 1085 tepuit
684 1022 894 1088 quidem
932 1023 1041 1083 ills,
1064 1021 1156 1071 sed
1204 1034 1355 1071 nemo

288 1100 458 1154 voluit
481 1106 722 1164 tangere,
746 1099 884 1165 quod
907 1098 1074 1148 halitu
1094 1098 1210 1162 ejus
1233 1112 1355 1149 con·

283 1184 534 1242 spurcata
560 1183 720 1227 esset.
762 1176 1002 1227 Rcmires.

347 1258 374 1305 1
424 1254 686 1318 Scribam]
771 1254 1056 1305 Bellarium
1113 1250 1357 1303 secuudae

280 1345 498 1395 mensae,
520 1333 591 1381 ad
627 1331 831 1381 modum
867 1326 1361 1396 placentae‘confec-

283 1408 731 1473 tum,Syucopate
749 1422 846 1472 pro
861 1411 877 1437 ‘
890 1404 1175 1468 scribilita,’
1198 1405 1360 1471 Torta,

279 1484 442 1548 Hisp.
492 1485 633 1551 Sunt
667 1485 758 1549 qui
798 1485 978 1550 legant
1020 1484 1223 1554 intrito:
1271 1483 1359 1535 alli

277 1560 525 1611 stabilita
544 1558 639 1610 ἀπὸ
669 1560 755 1610 τοῦ
787 1561 1056 1624 erp-saeta
1088 1559 1228 1624 quod
1260 1566 1360 1621 est,

278 1641 529 1702 torquere,
566 1638 704 1700 ideo,
724 1636 865 1702 quod
899 1638 953 1688 in
991 1636 1217 1687 circuitu
1253 1642 1358 1685 tor·

274 1722 509 1781 qneatur
532 1717 709 1765 restis
722 1717 773 1765 in
811 1715 1036 1765 modum.
1075 1715 1210 1764 unde
1239 1713 1359 1764 His·

279 1793 406 1858 pani
430 1797 613 1842 tortum
631 1792 831 1843 dicunt.
864 1793 1016 1843 Idem.

341 1875 376 1918 5
414 1867 845 1933 Digitosque,4·c.]
878 1868 1223 1919 Convivarmn
1247 1873 1353 1917 tan·

282 1946 548 2009 gentium.

346 2028 385 2072 6
418 2022 578 2071 Nemo
609 2022 787 2086 potuit,
828 2022 934 2087 850]
1003 2023 1171 2072 Nemo
1203 2019 1355 2071 susti·

277 2098 405 2150 nuit
425 2098 592 2149 edere
613 2100 693 2147 vel
709 2104 918 2162 gustare
935 2097 1240 2157 scriblitam,
1263 2097 1356 2146 im·

278 2189 418 2239 puro
483 2176 649 2225 halitu
702 2185 793 2226 tuo
849 2181 1180 2240 corruptam.
1238 2173 1357 2224 vide

281 2251 562 2317 epigr-93.
588 2252 695 2302 1.·1.

349 2331 705 2380 Eme.xv111.
742 2333 768 2378 1
801 2290 1241 2392 Perfnxisse,&c.]
1274 2329 1354 2376 Ex

277 2406 482 2473 frigore
505 2406 755 2456 raucisse.

350 2491 385 2537 2
423 2486 550 2534 Cam
583 2490 654 2546 te,
689 2483 796 2548 ssa]
854 2440 1258 2534 Excusationem
1301 2482 1354 2534 in

282 2570 458 2617 totum
482 2563 801 2626 accipimus:
840 2563 921 2613 vel
940 2562 1146 2611 omnino
1170 2560 1357 2611 recita·

279 2641 432 2692 tione
474 2638 853 2703 supersedeass
876 2645 937 2689 ιιι
980 2639 1077 2688 tibi
1110 2645 1167 2688 et
1205 2637 1357 2689 nobis

205 2759 208 2763 Α
280 2731 497 2783 parcas.

282 2833 289 2838 .
349 2797 524 2846 Ena.
562 2805 684 2844 xlx.
749 2799 776 2844 1
811 2793 1062 2856 Proximo,
1095 2793 1204 2857 ξω]
1261 2793 1358 2842 Est

283 2874 478 2926 flebilis
507 2874 746 2937 quadam
768 2873 995 2924 narratio
1016 2886 1169 2922 casus
1193 2872 1358 2935 cujus-

285 2953 425 3016 dam.
444 2965 550 3017 quo
562 2951 724 3015 periit
740 2949 1024 3014 pulchellus
1040 2961 1359 3013 puer,=quem

287 3030 495 3095 Hylsm‘
530 3035 702 3079 vocat.
766 3027 831 3077 In
866 3026 1078 3093 porticu
1111 3025 1359 3088 Vipsanis,

289 3121 382 3157 seu
423 3105 599 3157 stadio
634 3105 827 3169 potius,
862 3110 1076 3153 centurn
1110 3100 1361 3153 columnis

288 3183 494 3236 sublata
515 3183 576 3247 (l.
599 3187 649 3233 2.
667 3182 829 3247 epigr.
844 3179 952 3245 14.)
967 3179 1194 3244 platanis
1202 3178 1361 3242 juxta

290 3259 510 3311 consitis
526 3273 711 3322 opaca,
734 3266 790 3308 et
807 3259 996 3310 statuis
1017 3255 1248 3308 ferarum
1270 3270 1360 3306 ex·

284 3344 512 3397 ornata3
559 3334 682 3385 dum
704 3333 1020 3385 ludibundus
1042 3346 1177 3397 puer
1198 3340 1253 3381 et
1278 3347 1359 3383 ur-

290 3427 361 3464 sae
385 3413 540 3464 velut
561 3412 831 3473 insultans,
849 3411 930 3461 ori
963 3416 1154 3461 statuas
1196 3409 1363 3460 hianti

289 3503 501 3541 manum
520 3488 790 3547 insereret,
805 3501 838 3536 a
851 3487 1050 3549 vipera,
1064 3501 1183 3551 quae
1205 3486 1257 3536 in
1268 3500 1363 3538 'ore

293 3573 489 3618 statnae
508 3564 732 3627 latebat,
751 3577 974 3626 morsus,
995 3563 1213 3613 interiit.

294 3683 302 3691 .
350 3647 387 3693 2
420 3641 608 3704 Ficta]
642 3643 765 3692 Non
781 3640 938 3705 pictae
958 3656 974 3690 ι
996 3639 1212 3703 fingunt
1227 3640 1363 3690 enim

292 3717 561 3781 statuarii,
576 3718 793 3782 pingunt
828 3718 1072 3781 pictores.
1137 3717 1367 3768 Platano-

291 3795 378 3859 na]
409 3796 608 3846 Locum
634 3794 869 3844 Platanis
886 3794 1159 3844 consitum.

294 3885 295 3888 ’
355 3875 390 3921 8
428 3870 602 3921 Tentat
624 3870 808 3934 hiatus]
839 3870 984 3919 Puer
1004 3871 1364 3935 exploratoris

294 3952 352 3997 et
371 3946 609 3998 faucium
644 3944 990 4018 altitudinem,
1008 3960 1264 4012 manuque
1286 3948 1364 3997 in-

293 4029 456 4087 serta,
479 4022 616 4088 Age,
637 4021 828 4088 inquit,
849 4022 1047 4089 morde,
1061 4022 1194 4088 sera,
1206 4025 1252 4074 si
1272 4039 1365 4089 po·

297 4106 419 4152 tes.·
542 4133 545 4138 -

299 4191 306 4200 ·
358 4181 394 4228 4
428 4179 615 4244 Hylas]
643 4179 858 4242 Species
881 4192 977 4245 pro
997 4192 1204 4242 genere.

361 4260 393 4305 5
432 4254 594 4318 Caeco]
638 4255 951 4317 Tenebroso.
971 4261 1034 4305 ut
1053 4254 1221 4306 videri
1241 4254 1367 4322 quid

304 4330 591 4382 abderetur
633 4345 738 4379 non
782 4336 961 4395 posset
980 4346 1015 4392 ς’
1049 4331 1128 4383 ita
1169 4345 1367 4383 caecum

338 4455 341 4458 .
430 4413 608 4478 Delph.
623 4417 669 4462 et
693 4412 808 4463 Vur.
829 4412 985 4464 Clam·

1286 4412 1527 4463 ·Moertial.

2325 403 2502 499 1169

1432 565 1661 612 antrum.
1697 561 1938 613 Rada-us.
1969 590 1974 593 >

1497 643 1530 688 6
1569 638 1874 702 Vivebatque,
1901 638 2009 702 ξω]
2074 639 2226 689 Ficta
2257 639 2370 691 haec
2407 654 2501 691 seu

1429 729 1721 766 marmorea
1754 730 1896 778 ursa,
1925 725 2193 781 comperta
2230 724 2312 771 est
2344 719 2502 767 letha-

1433 790 1534 861 lior
1554 805 1679 841 ursa
1693 791 1826 854 vivs,
1841 792 1987 856 quasi
2008 792 2210 856 spirans
2232 794 2404 851 anima
2427 795 2502 844 vi·

1432 881 1576 931 perae
1594 881 1710 933 qnae
1728 882 1821 917 sua
1835 867 2088 919 deterior.
2139 871 2208 919 Et
2230 872 2502 934 eleganter

1434 943 1569 994 dixit
1602 945 1618 973 ‘
1646 944 1891 1007 vivebat,’
1933 960 2030 1009 pro
2083 945 2308 1011 habebut
2345 948 2397 996 in
2442 962 2500 997 se

1431 1019 1652 1071 bestiam
1678 1021 1961 1072 viventem.

1498 1102 1530 1146 8
1567 1098 1613 1145 0
1646 1096 1869 1161 facinus]
1903 1098 1953 1149 Ο
1976 1099 2109 1148 male
2130 1097 2343 1164 factum,
2363 1056 2500 1167 quod

1431 1188 1535 1224 uon
1558 1189 1681 1226 vera
1719 1184 1860 1228 esset
1892 1192 2054 1228 ursa·
2098 1181 2229 1229 ιιιιιι
2249 1178 2385 1233 enim
2408 1186 2501 1229 aut

1434 1266 1566 1315 puer
1589 1266 1793 1303 manum
1824 1254 1904 1303 ori
1931 1256 2162 1305 inserere
2184 1256 2505 1319 supersedis-

1432 1333 1546 1389 set3
1594 1336 1686 1379 aut
1734 1335 1916 1380 tenero
1964 1330 2296 1398 formosaque
2339 1347 2501 1399 puero

1439 1404 1559 1454 viva
1580 1420 1701 1456 ursa
1724 1407 2062 1471 pepercisset.

1498 1481 1659 1533 Eric.
1697 1495 1796 1534 xx.
1842 1488 1865 1533 l
1901 1483 2002 1534 Dic
2040 1486 2203 1545 Musa,
2246 1485 2354 1549 lym]
2402 1487 2502 1538 Ca-

1432 1557 1573 1608 nium
1607 1558 1817 1625 poe'tsm
1849 1567 2104 1624 perpetuo
2126 1560 2380 1612 ridentem
2410 1563 2504 1613 de·

1432 1634 1644 1698 scripsit
1680 1636 1714 1686 l.
1739 1639 1786 1686 1.
1815 1636 1981 1700 epigr.
2004 1642 2086 1687 70.
2125 1637 2215 1687 ubi
2247 1654 2365 1687 eum
2399 1640 2499 1689 Pa-

1431 1724 1527 1760 nos
1548 1717 1735 1762 statuae
1767 1719 2055 1776 comparat,
2094 1715 2337 1778 perpetui
2371 1714 2503 1767 risus

1431 1786 1610 1851 specie
1624 1786 1886 1838 conflatae.
2389 1828 2392 1833 -

1472 1869 1529 1914 2
1571 1865 1804 1930 Victuris]
1850 1867 1971 1916 Non
1995 1867 2261 1932 perituris,
2279 1882 2345 1918 eo
2366 1868 2502 1919 natis

1431 1940 1587 2005 genio
1610 1949 1665 1991 et
1681 1940 1812 2006 fato,
1831 1949 1891 1993 ut
1913 1943 2359 1995 immortalitatem
2381 1959 2502 1996 con-

1431 2021 1654 2080 secutae,
1674 2020 1895 2083 posteris
1914 2021 2174 2085 legantur.

1495 2097 1525 2143 3
1562 2094 1859 2161 Temperiem,
1895 2094 2020 2161 ξω]
2076 2098 2364 2151 Historiam
2431 2056 2499 2150 de

1432 2170 1636 2222 Claudii
1659 2173 2001 2237 temporibus.

1496 2254 1529 2299 4
1562 2250 1644 2299 Aa
1664 2265 1770 2313 quc
1803 2252 2006 2316 Neroni,
2042 2253 2150 2317 ξω]
2181 2254 2285 2305 Αιι
2321 2256 2505 2309 scribit

1432 2339 1552 2391 quae
1570 2326 1809 2378 adstruat
1831 2328 2030 2379 Neroni
2052 2336 2295 2396 tauquam
2317 2334 2501 2385 autho-

1433 2403 1500 2465 ri,
1521 2409 1581 2453 ιιι
1605 2404 1863 2470 prodeant
1884 2406 1980 2456 sub
2004 2408 2210 2458 nomine
2236 2409 2501 2460 Neronis?

1431 2482 1531 2531 Vel
1554 2496 1618 2531 an
1642 2482 1707 2533 ad
1721 2482 1885 2534 fidem
1905 2491 1961 2535 et
1978 2486 2252 2536 veritatem
2268 2488 2503 2546 historia»,

1435 2566 1651 2609 revocat
1683 2560 2074 2626 componitque,
2104 2576 2222 2627 quae
2244 2564 2362 2614 vivo
2394 2566 2504 2615 Ne-

1429 2655 1559 2691 rone
1581 2640 1646 2690 ob
1669 2646 1863 2689 metum
1883 2647 1973 2690 aut
1991 2640 2361 2704 adulationem,
2385 2657 2504 2707 quae

1429 2725 1636 2769 mortuo
1658 2734 1726 2770 ex
1759 2719 1960 2770 recenti
1996 2719 2116 2770 odio
2149 2718 2286 2771 falsa
2306 2721 2506 2786 scripta

1429 2796 1586 2849 sunt?
1635 2796 1808 2848 Tacit.
1843 2797 1896 2847 in
1920 2812 2133 2861 prooem.
2164 2797 2355 2848 Annal.
2395 2800 2505 2850 Ne·

1435 2874 1575 2924 ronis
1609 2874 1830 2925 historia
1864 2889 1896 2923 a
1934 2876 2194 2941 plerisque
2230 2876 2502 2941 scriptori·

1432 2954 1530 3005 bus
1551 2953 1945 3005 mendacissime
1963 2954 2137 3005 fuerat
2169 2956 2505 3033 conscripta}

1433 3046 1593 3097 quum
1624 3031 1911 3096 alii,dum
1897 3047 1941 3082 is
1965 3033 2184 3097 viveret,
2205 3036 2505 3101 turpissime

1431 3109 1484 3159 ei
1507 3109 1879 3161 adularentur.
1913 3111 2002 3160 alii
2024 3118 2218 3175 autem,
2238 3128 2301 3163 eo
2333 3113 2506 3165 subla·

1432 3191 1511 3249 to,
1525 3200 1659 3235 nova
1696 3186 1896 3235 scelera
1917 3189 2233 3252 commenti,
2246 3191 2416 3240 mults
2454 3189 2507 3240 ei

1434 3262 1783 3325 adstruerent,
1820 3261 1887 3311 de
1921 3263 2108 3327 quibus
2145 3279 2213 3314 ne
2245 3265 2507 3329 cogitarat

1434 3337 1662 3402 quidem.
1729 3337 1792 3387 Id
1826 3337 2124 3390 observavit
2158 3340 2390 3405 Joseph:
2410 3342 2508 3394 Ju-

1435 3414 1568 3465 daic.
1592 3414 1800 3478 Origin.
1823 3414 1860 3463 l.
1884 3418 1967 3463 20.
1992 3429 2040 3465 οε
2062 3421 2116 3466 5.
2144 3416 2354 3467 Hei-old.

1499 3495 1530 3539 5
1565 3490 1923 3553 Improbijooos
1942 3490 2168 3554 Phaedri]
2202 3492 2324 3543 Non
2347 3493 2505 3543 alium

1337 3581 1341 3585 ·
1433 3566 1673 3631 intelligo
1695 3582 1854 3642 quam
1880 3568 2026 3617 illum
2050 3567 2245 3618 Tiberii
2277 3567 2507 3634 Augusti
2567 3605 2571 3610 ,

1433 3642 1703 3693 libertum:
1741 3657 1893 3707 quem
1928 3645 1946 3673 ‘
1969 3643 2297 3707 improbum'
2327 3652 2508 3720 vocat

1435 3718 1488 3768 id
1525 3727 1625 3783 est,
1648 3720 1956 3769 audaculum
1979 3720 2116 3784 quod
2150 3720 2256 3770 sub
2282 3733 2507 3784 persona

1434 3795 1728 3847 fabularum
1748 3795 2107 3860 AEsopicsrum
2124 3785 2401 3845 traducere
2417 3810 2507 3844 au·

1433 3887 1536 3922 sus
1573 3879 1654 3921 est
1679 3871 1954 3921 hominum
2001 3877 2270 3935 potentum
2314 3885 2505 3923 mores.

1436 3949 1574 3999 Nam
1598 3948 1735 4013 quod
1756 3949 1771 3975 ‘
1785 3948 1937 4012 jocos
1959 3948 1974 3974 ’
2013 3948 2169 4009 dixit,
2191 3949 2424 4012 respexit
2446 3950 2510 3999 il-

1435 4024 1528 4074 lud
1551 4023 1793 4074 Phaedri:
1830 4024 1847 4052 ‘
1871 4024 2033 4074 Fictis
2065 4024 2241 4088 jocari
2279 4040 2374 4076 nos
2402 4041 2509 4077 me-

1435 4101 1650 4151 minerit
1670 4099 1894 4152 fabulis?
1938 4102 2057 4152 Hoc
2075 4103 2363 4153 monuimus
2384 4104 2508 4154 olim
2547 4155 2552 4158 t

1436 4177 1506 4227 ad
1560 4176 1717 4227 Statii
1755 4177 1938 4226 Silvas.
1990 4177 2202 4229 Gronov.
2284 4179 2507 4244 1²1·aede

1436 4252 1787 4317 Mimographi
1830 4252 2044 4316 alicujus
2074 4254 2354 4318 jocularii;
2402 4270 2509 4306 non

1438 4336 1613 4381 autem
1652 4330 1791 4381 illius
1832 4329 1922 4396 qui
1957 4329 2162 4382 fabulas
2201 4333 2506 4393 composuit.

2257 4481 2292 4510 Q
