2985 4937
694 447 771 500 Μ.
819 444 988 494 vsi..
1037 444 1452 494 maurinis
1502 445 1748 496 arma.
1800 446 1943 495 ms.
1992 446 2069 495 Χ
2106 415 2111 420 ’

281 586 487 649 tonum,
523 587 757 638 Caietam
791 587 1026 652 Trojanis
1059 587 1339 649 conditam,

286 664 467 728 Vir-gii.
489 669 540 714 7.
559 673 617 715 et
635 665 792 714 Mart.
816 669 895 715 13.
914 665 1095 730 Epigr.
1119 669 1204 715 82.
1225 665 1337 718 Ms-

283 740 457 802 ticam,
494 740 670 792 Lirin:
707 740 775 792 de
811 740 996 804 quibus
1040 739 1159 791 vide
1197 739 1336 790 Geo-

288 819 501 883 graphos
520 827 576 867 et
598 819 885 870 Leandrum
913 820 965 870 in
988 819 1185 883 primis.

347 900 411 948 10
440 896 544 949 Noc
563 896 616 946 in
634 896 860 959 Lucrina,
879 896 985 962 aisa]
1020 896 1137 947 Nec
1168 895 1336 945 lacum

267 972 553 1024 Lucrinum
583 973 636 1022 in
671 973 975 1037 Campania,
996 972 1145 1036 cujus
1185 986 1339 1037 aqua,

283 1059 339 1100 ut
358 1058 413 1100 et
432 1051 698 1113 Baiarum,
721 1065 869 1117 mque
890 1050 1117 1101 delicata
1136 1056 1191 1118 et
1214 1051 1340 1100 mol-

282 1128 358 1189 lis,
390 1142 451 1178 ac
473 1127 723 1179 Salmacis
754 1127 809 1178 in
842 1127 1017 1189 Caria,
1035 1125 1188 1190 cujus
1221 1123 1384 1176 fons

283 1202 588 1260 effoeminare
629 1203 769 1256 viros
819 1204 1016 1256 dicitur
1068 1217 1101 1253 a
1150 1201 1338 1266 poetis.

284 1281 434 1332 ovid.
472 1288 519 1331 5.
542 1282 759 1331 Metam.
794 1279 993 1332 Auson.
1034 1280 1214 1344 Epigr.
1252 1283 1337 1329 68.

282 1371 334 1413 et
353 1367 433 1413 92.
462 1361 785 1414 Anthol.,1ib.
809 1365 857 1411 1.
880 1375 1001 1425 cap.
1027 1364 1109 1414 17.

342 1445 398 1490 11
436 1441 537 1490 Hic
555 1438 767 1505 sumna]
802 1438 1076 1495 Hactenus
1111 1434 1337 1487 Formia-
1355 1447 1366 1458 ‘

276 1530 394 1570 tum
419 1519 641 1569 tanstulit
656 1532 780 1567 cum
796 1516 908 1571 aliis
929 1516 1161 1567 locorum
1180 1527 1340 1562 amm-

278 1595 540 1657 nitatibus,
565 1593 907 1658 pratumque
925 1590 1164 1642 cunctim
1197 1602 1339 1641 nunc
1404 1632 1408 1638 ,

281 1674 442 1735 ipsum
480 1673 656 1721 locum
703 1667 971 1720 describit.
1031 1666 1214 1731 stetis]
1251 1664 1341 1716 ΙΕ-

281 1762 540 1878 ‘lug-*Neo
560 1825 758 1886 languet
774 1835 948 1885 «equor,
968 1819 1077 1884 qo]
1122 1818 1241 1869 Nec
1264 1825 1339 1871 ta·

276 1909 647 2029 ἲξῖἓιὲαςωι,
662 1898 758 1950 sed
780 1899 886 1949 leni
908 1912 1035 1948 aura
1053 1901 1232 1961 portat
1252 1909 1342 1946 na·

265 2139 386 2183 *tore
422 2132 624 2191 Nonio,
657 2130 923 2195 phaselum
964 2129 1040 2177 ait
1073 2126 1338 2188 navigium

272 2228 377 2264 esse
395 2215 736 2279 Campanam.
784 2210 920 2262 Sunt
941 2206 1031 2272 qui
1050 2211 1240 2269 putent
1263 2204 1340 2254 sic

273 2289 376 2341 dici
396 2307 428 2343 a
448 2288 729 2355 leguminis
763 2285 959 2351 specie.
1024 2283 1157 2332 Sunt
1192 2281 1281 2345 qui
1304 2295 1337 2331 a

273 2367 554 2420 Phaselide
606 2366 725 2415 loco
792 2360 985 2412 deduci
1037 2358 1337 2422 opinentur.

274 2444 413 2509 virg.
477 2446 495 2474 ‘
529 2444 598 2493 Et
618 2441 815 2492 circum
837 2436 994 2503 pictis
1017 2434 1223 2486 vehitur
1241 2445 1338 2484 sua

274 2534 386 2570 rura
414 2517 689 2587 phaselis)

336 2602 395 2646 15
430 2598 577 2647 Mota
615 2591 818 2652 salubre,
847 2587 955 2654 ξω]
1001 2587 1169 2651 AEque
1205 2583 1338 2637 lenis

274 2682 348 2725 cst
375 2672 648 2726 Formiani
687 2670 829 2720 sinus
874 2682 1020 2728 aura,
1055 2672 1211 2729 atque
1249 2663 1339 2713 illa

274 2768 419 2817 quam
431 2752 537 2802 sibi
558 2747 759 2799 faciunt
775 2745 962 2811 puellae
983 2757 1081 2807 per
1096 2746 1337 2792 aestatem

276 2830 534 2893 agitantes
556 2825 697 2885 a'era,
717 2831 857 2874 mota
877 2827 1022 2871 veste
1043 2820 1128 2869 vel
1159 2816 1339 2868 flabel-

271 2909 352 2959 lo.
389 2905 616 2974 Epistol.
641 2908 723 2955 23.
788 2900 1044 2954 Brodaeus
1076 2896 1339 2947 flabellum

275 2998 339 3033 ox
358 2982 634 3049 pavoninis
649 2979 820 3044 pinnis
839 2975 1113 3041 purpureis
1133 2971 1340 3025 confec·

277 3069 388 3112 tum
412 3059 702 3124 iutelligit.
738 3052 948 3106 Miscel.
980 3052 1070 3104 lib.
1104 3056 1184 3103 10.
1217 3066 1335 3116 cap.

275 3145 356 3193 22.

340 3221 403 3267 16
436 3212 578 3276 Setn]
611 3212 781 3262 Linea
793 3207 1095 3274 piscatoria.
1148 3205 1340 3270 Longo]

276 3294 469 3357 Longe.

341 3376 405 3420 18
440 3371 711 3435 Spectatus,
730 3363 837 3435 δια]
869 3365 977 3414 Per
1014 3376 1196 3428 aquam
1226 3362 1341 3425 ·-pel

263 3450 522 3500 lucidam.
575 3445 713 3509 Alte]
747 3442 872 3494 Alte
895 3441 1129 3492 sublatus
1153 3441 1341 3493 lineam

280 3526 532 3576 curvabat
547 3523 796 3589 pondere,
807 3535 911 3586 quo
919 3517 1220 3584 magnitudo
1238 3518 1343 3582 pis·

279 3605 352 3654 cis
377 3601 694 3654 ostenditur.

303 3740 306 3747 ⁴
342 3686 406 3730 10
439 3680 501 3730 Si
533 3679 735 3743 quondo,
756 3674 861 3740 gc]
906 3674 961 3726 Si
995 3672 1201 3738 quando
1236 3685 1341 3721 ma·

278 3774 334 3809 re
355 3759 528 3809 ventis
560 3756 795 3816 tollatur,
820 3767 997 3803 mensa
1026 3751 1238 3801 minime
1259 3764 1343 3799 so·

275 3837 421 3887 licita
444 3839 529 3884 est
552 3833 619 3882 de
641 3831 886 3896 piscibus,
909 3837 970 3879 ut
991 3843 1107 3893 quas
1136 3841 1229 3877 suo
1252 3840 1343 3891 pe·

280 3927 352 3962 nu
371 3927 401 3962 e
422 3926 514 3984 su9
537 3925 718 3976 regno,
739 3909 844 3959 suis
876 3906 1091 3973 piscinis
1122 3906 1248 3955 satis
1274 3904 1344 3953 sit

263 3991 559 4041 instructa.
637 3985 767 4038 AEoli
834 3982 1059 4047 regnum]
1124 3982 1345 4046 Ventos,

282 4068 556 4130 procellas.

343 4149 407 4194 21
445 4140 663 4206 Piscina]
692 4140 930 4192 Piscinas
961 4137 1154 4203 passim
1167 4136 1344 4186 habc-

283 4221 410 4273 bant
438 4221 493 4269 in
523 4219 659 4269 villis
694 4218 801 4268 suis
833 4215 1155 4267 suburbanis.
1228 4214 1346 4264 Ver·

283 4297 393 4360 nas]
416 4297 481 4348 In
497 4297 600 4348 suis
619 4302 764 4347 natos
782 4288 1010 4362 piscinis,
1023 4306 1122 4349 seu
1146 4291 1345 4342 domes·

292 4374 445 4427 ticos.

2300 427 2474 496 1363

1409 619 1414 628 ι
1477 593 1545 640 22
1577 590 1737 644 Natat
1760 592 1840 650 od,
1876 590 1995 654 εμπ]
2039 589 2125 642 Sic
2164 587 2351 654 Epigr.
2380 592 2472 639 30.

1413 665 1503 716 lib.
1524 670 1571 719 4.
1597 680 1731 716 vers.

1475 746 1539 792 23
1577 743 1952 806 Nomenculator,
1990 741 2099 806 qun]
2153 742 2258 794 Qui
2301 741 2473 806 pisces

1413 818 1712 870 nominatim
1746 820 1877 869 citet
1910 826 2232 883 avocetque:
2270 832 2372 867 non
2400 831 2477 866 se-

1405 909 1506 944 cus
1530 910 1590 945 ac
1613 896 2028 946 nomenclatores
2061 895 2304 946 solebant
2325 895 2376 943 in
2401 892 2478 943 fo-

1412 984 1471 1019 ro
1495 976 1552 1021 et
1572 986 1758 1035 campo
1784 971 1977 1022 Martio
2009 971 2174 1022 citare
2194 985 2312 1020 reos
2353 984 2476 1021 con-

1411 1050 1683 1113 vivasque,
1706 1055 1762 1099 et
1797 1062 2076 1114 suggerere
2110 1047 2318 1100 nomina
2349 1046 2479 1097 civi-

1404 1141 1499 1178 um
1535 1126 1754 1177 dominis
1794 1128 1900 1177 suis
1934 1128 1989 1176 in
2024 1126 2218 1177 ambitu
2246 1133 2310 1176 et
2345 1124 2480 1189 peti-

1413 1204 1555 1254 tione
1565 1205 1902 1268 magistratus
1914 1202 2321 1254 salutandorum.
2338 1206 2352 1229 ‘
2366 1202 2416 1253 N
2423 1216 2476 1251 o·

1410 1280 1780 1343 menculator5’
1812 1281 1886 1332 sic
1901 1280 2224 1344 scripserunt
2241 1278 2439 1343 antiqui
2459 1265 2483 1327 :⁴

1411 1364 1473 1407 ut
1497 1364 1553 1407 et
1573 1358 1590 1386 ‘
1610 1356 1931 1420 tempulum,’
1950 1371 2065 1421 pro,
2083 1355 2350 1419 ternplum,
2373 1357 2474 1405 &m

1409 1435 1427 1461 ‘
1451 1432 1660 1496 Mugil,’
1683 1448 1774 1483 seu
1794 1433 1988 1497 capito,
2007 1423 2121 1482 Gr.
2142 1430 2343 1494 γόμφος.
2366 1429 2475 1481 All.

1415 1509 1688 1574 Grosslsoff.
1705 1509 1855 1573 Belg.
1883 1510 2094 1560 Harder.
2133 1509 2273 1559 Gall.
2290 1508 2465 1558 Mutet.

1475 1590 1543 1638 24
1574 1585 1718 1637 Senes
1753 1585 1913 1648 mulli]
1952 1586 2014 1634 ln
2048 1583 2260 1648 piscinis
2297 1597 2476 1636 conse-

1411 1670 1713 1723 nescentes·
1748 1663 1880 1714 tales
1920 1662 2056 1713 enim
2090 1661 2245 1711 animi
2283 1662 2476 1724 potius,

1414 1757 1565 1806 qnam
1598 1756 1792 1792 mensae
1826 1741 1994 1805 gratia
2033 1738 2260 1789 alebant.
2327 1738 2481 1801 Belg.

1412 1821 1637 1894 Barbeel.

1476 1902 1541 1950 25
1575 1895 1856 1960 Permittit]
1887 1896 1997 1965 Per
2021 1892 2393 1957 occupationes
2417 1900 2475 1943 et

1410 1989 1564 2027 ouras
1586 1974 1828 2026 urbanas.

1477 2057 1551 2105 20.
1562 2053 1688 2109 Quot
1707 2051 1986 2102 Formianos
1997 2048 2201 2112 imputat
2211 2045 2336 2110 dies]
2355 2045 2479 2095 Far-

1412 2129 1595 2179 nabius
1617 2128 1880 2192 explicat:
1916 2127 2071 2188 Quot
2091 2124 2223 2187 dies,
2245 2136 2372 2188 quos
2393 2121 2484 2186 ju-

1407 2206 1583 2263 cunde
1606 2219 1762 2270 agere
1783 2204 1972 2256 liceret
1995 2201 2234 2263 Formiis,
2265 2205 2481 2264 possunt

1403 2280 1660 2345 imputari
1682 2279 1828 2346 quasi
1849 2277 2042 2342 perditi
2071 2276 2280 2327 urbanis
2305 2275 2480 2325 curis?

1412 2358 1536 2408 Non
1548 2359 1633 2408 hic
1651 2371 1829 2408 sensus
1844 2354 2120 2405 Martialis.
2147 2353 2295 2404 Dicit
2312 2352 2477 2402 enim:

1410 2436 1584 2489 Quam
1629 2448 1824 2499 paucos
1862 2432 1975 2483 dies
2014 2431 2252 2490 Formiis,
2296 2430 2378 2479 vel
2418 2438 2479 2479 ut

1411 2511 1650 2573 Formiis,
1691 2508 1921 2572 agendos
1957 2506 2238 2557 concedit?
2270 2506 2480 2568 ‘Impu-

1412 2594 1527 2638 tare
1572 2585 1748 2637 nobis'
1788 2583 1928 2648 apud
1971 2583 2249 2642 Senecam,
2292 2581 2478 2630 Sueto·

1412 2665 1575 2724 nium,
1608 2662 1876 2715 ethorum
1912 2665 2200 2723 temporum
2236 2663 2480 2708 auctores
2560 2728 2561 2731 Ἴ

1412 2741 1622 2800 dicitur,
1646 2739 1781 2804 quod
1805 2737 2074 2803 quisquam
2111 2733 2349 2785 benefic-ii
2387 2747 2480 2784 no·
2562 2742 2567 2753 ¹

1413 2819 1492 2871 bis
1526 2817 1709 2868 tribuit
1732 2825 1786 2866 et
1806 2814 2081 2876 concessit,
2103 2812 2250 2878 quasi
2285 2825 2482 2875 expen-

1414 2911 1527 2946 sum
1557 2893 1716 2957 ferre,
1736 2894 1789 2944 iu
1824 2891 2112 2942 rationibus
2148 2889 2480 2951 adscribere:

1413 2982 1470 3024 et
1505 2972 1628 3022 inde
1667 2968 1966 3025 venditare:
2001 2974 2016 2996 ‘
2043 2968 2269 3017 Fructus
2305 2964 2484 3014 amici-

1414 3052 1504 3103 tiae
1520 3064 1720 3113 magnae
1734 3047 1886 3098 cibus
1908 3063 1921 3094 ι
1957 3045 2180 3109 imputat
2196 3043 2331 3092 hunc
2355 3038 2487 3089 rex!

1415 3132 1611 3181 Noster
1655 3127 1747 3177 lib.
1794 3130 1873 3175 12.
1909 3128 1994 3173 48.
2049 3123 2065 3149 ‘
2085 3122 2327 3184 Imputet
2369 3118 2485 3183 ipse

1415 3207 1565 3257 Deus
1580 3213 1763 3255 nectar
1776 3200 1936 3252 mihil
1969 3201 2077 3250 Pro
2090 3196 2345 3250 beneficio
2363 3210 2489 3246 ven-

1415 3285 1568 3335 ditet.
1602 3283 1692 3333 Sic
1715 3282 1730 3310 ‘
1755 3294 1919 3331 annus
1941 3278 2169 3341 imputat
2203 3273 2351 3324 nobis
2375 3273 2485 3323 dies

1407 3358 1703 3427 jucundos,'
1728 3373 1876 3423 quos,
1897 3363 2135 3419 tempore
2159 3353 2277 3403 anni
2305 3351 2390 3410 ita,
2405 3348 2484 3400 fe-

1416 3446 1568 3488 rente
1586 3444 1641 3487 et
1656 3434 1999 3494 concedente,
2012 3429 2247 3494 jucunde
2266 3428 2487 3490 egimus.

1421 3516 1634 3564 Gronov.
1686 3509 1950 3561 Formiani
1972 3522 2102 3572 ergo
2119 3507 2250 3570 dies,
2260 3503 2486 3570 jucundi

1415 3600 1474 3642 et
1490 3591 1646 3642 soluti
1665 3604 1793 3640 cura
1814 3587 2030 3637 urbana.

1479 3672 1555 3719 28
1585 3670 1630 3718 Ο
1679 3663 1939 3731 ianitores]
2011 3662 2068 3711 Si
2126 3673 2249 3710 sane
2276 3698 2281 3703 ⁴
2305 3670 2483 3707 omnes
2522 3690 2529 3691 ff

1415 3746 1468 3797 in
1491 3748 1590 3797 hoc
1615 3746 1745 3794 Mss.
1764 3742 2086 3806 conspirant,
2107 3735 2313 3786 vicerit.
2374 3733 2488 3783 Ali-

1418 3824 1541 3889 oqui
1565 3838 1669 3874 non
1703 3820 1858 3872 facile
1893 3831 2212 3883 spernerem,
2232 3812 2369 3879 quod
2393 3826 2483 3862 an-

1416 3903 1573 3951 tehac
1585 3899 1863 3961 edebatur,
1882 3896 2128 3947 vinitores.
2165 3892 2322 3952 Nam,
2344 3888 2484 3953 quod

1418 3981 1492 4029 ait
1517 3979 1794 4038 Gruterus,
1818 3989 1874 4022 se
1905 3973 2112 4023 nescire
2145 3967 2269 4033 quid
2303 3967 2387 4016 hic
2411 3964 2491 4014 fa-

1419 4056 1528 4107 ciat
1559 4049 1872 4112 ‘vinitores,‘
1892 4049 1981 4098 ubi
2013 4045 2156 4095 nulla
2189 4043 2380 4093 mentio
2416 4041 2489 4090 vi·

1419 4146 1652 4193 nearum,
1707 4128 1851 4177 nulla
1904 4123 2180 4175 vindemiae
2204 4137 2221 4184 ;
2276 4131 2483 4185 possum

1419 4211 1555 4261 idem
1581 4207 1758 4256 dicere
1781 4203 2026 4254 adversus
2051 4200 2304 4255 alterum:
2342 4196 2485 4245 nulla

1419 4286 1505 4336 hic
1536 4284 1734 4334 mentio
1758 4281 1958 4346 januae.
2026 4276 2152 4338 Sed,
2174 4276 2336 4337 aiunt,
2355 4271 2487 4333 jani-

1420 4364 1624 4415 tor-asin
1643 4361 1775 4411 villis
1799 4365 1853 4409 et
1876 4354 2132 4423 praetoriis
2143 4352 2327 4415 fuisse,
2343 4348 2486 4399 nulla
