2985 4937
505 369 678 435 1360

505 543 702 593 eorum,
737 531 893 580 immo
913 528 1255 592 ‚Criticornm,
1289 535 1380 580 aut
1412 528 1566 596 (quos

503 606 594 656 M.
608 607 741 658 Cato
759 608 905 657 dixit
940 608 1230 658 Mortuaria
1272 605 1567 672 Glossaria)

504 682 932 747 Philosophorum
953 683 1063 733 haec
1089 683 1372 747 intelligit?

517 805 524 810 .
571 760 729 811 Erro.
770 774 916 811 xxu.
997 765 1027 811 8
1085 761 1289 811 Basiare
1343 765 1391 811 te
1433 762 1563 826 nolu]

505 838 685 903 Epigr.
710 842 790 890 33.
825 838 918 888 lib.
940 842 990 890 2.
1012 845 1069 889 et
1090 838 1178 889 lib.
1200 843 1248 889 7.
1276 839 1457 903 Epigr.
1480 842 1565 888 66.

489 914 589 963 ‚Ne
608 922 660 963 te
677 914 918 964 salutem.

566 990 728 1039 Erro.
775 1003 941 1041 xxm.
1006 990 1087 1040 De
1121 991 1219 1046 hoc
1241 991 1426 1041 eodem
1454 992 1565 1041 dic·

501 1066 766 1117 tumlibro
788 1070 839 1118 9.
857 1067 1188 1131 >Epigramm.
1210 1071 1325 1118 101.
1360 1068 1449 1118 ubi
1472 1083 1563 1132 pa·

501 1143 652 1193 triam
692 1151 746 1193 et
791 1144 964 1192 studia
1003 1143 1111 1208 ejus
1147 1143 1441 1208 intelliges:
1480 1145 1564 1196 hic

488 1222 604 1285 jam
627 1223 739 1286 agit
759 1222 827 1273 de
851 1229 1012 1278 aetate
1043 1230 1099 1273 et
1119 1221 1373 1275 felicitate
1398 1223 1562 1275 Anto-

498 1313 592 1349 nu.

560 1378 595 1423 2
630 1374 913 1433 Quindecies
942 1381 1089 1439 actas,
1115 1375 1221 1441 ξω]
1264 1376 1444 1430 Annos
1465 1392 1560 1429 nx.

497 1464 562 1499 ex
581 1452 967 1515 computatione
980 1453 1433 1517 chronologorum,
1448 1455 1560 1519 qui-

495 1527 594 1578 bus
638 1529 910 1593 Olympias
945 1536 1027 1579 est
1059 1536 1281 1595 quatuor
1310 1544 1560 1582 annorum

493 1606 754 1669 spatium3
808 1621 967 1656 annos
1007 1620 1174 1656 mxxv.
1227 1620 1294 1657 ex
1354 1607 1559 1658 ratione

494 1680 785 1745 poetarum,
818 1680 1261 1747 quiolympiada
1292 1695 1388 1746 pro
1410 1683 1560 1745 quin·

491 1759 714 1823 quennio
732 1773 820 1810 seu
846 1759 1007 1809 lustro
1029 1765 1298 1820 usurpant.
1345 1759 1560 1824 Primus]

475 1834 791 1898 ‘Cognomen
823 1833 1062 1896 Antonii,
1107 1841 1165 1883 ut
1201 1833 1339 1884 infra
1372 1835 1556 1899 Epigr-

490 1914 574 1960 32.
599 1916 656 1960 et
680 1915 792 1961 101.
813 1910 904 1961 lib.
924 1914 973 1961 9.

501 2025 508 2032 ,
555 1992 586 2038 8
625 1988 771 2056 Nos
799 1988 991 2052 respicit
1025 1988 1194 2052 mos]
1248 1988 1418 2039 Eitra
1452 1987 1557 2039 for-

490 2071 635 2114 tunae
660 2064 825 2115 aleam
849 2065 1076 2130 positos:
1115 2065 1168 2114 in
1195 2080 1324 2131 quos
1346 2065 1557 2118 fortuna

479 2141 580 2204 jus·
594 2141 842 2205 perdidit.

552 2222 584 2267 4
611 2219 717 2268 Nec
738 2219 932 2283 metuit]
973 2219 1024 2274 N
1028 2233 1090 2271 ec
1112 2220 1297 2271 metuit
1319 2226 1552 2272 mortem.

550 2297 594 2343 6.
618 2295 768 2343 Nulla
786 2295 938 2360 subit]
989 2296 1276 2360 Succurrit,
1299 2297 1352 2346 id
1375 2304 1476 2361 est,
1498 2298 1551 2348 in

486 2377 715 2422 mentem
740 2372 901 2422 venit.
934 2373 1140 2423 Tacitus
1163 2374 1252 2423 lib.
1275 2378 1325 2423 3.
1349 2374 1549 2424 Histor.

484 2445 678 2499 &Subit
698 2448 1006 2512 recordatio,
1041 2449 1157 2500 illos
1188 2464 1321 2516 esse,
1349 2452 1439 2517 qui
1460 2466 1552 2502 nu·

484 2537 583 2588 per
603 2523 850 2576 Bedriaci
871 2526 1105 2579 victoriae
1127 2529 1549 2593 temperassent.'

475 2603 699 2654 Gronov.

545 2681 576 2728 7
611 2678 847 2746 Ampliat,
875 2683 990 2747 sa]
1034 2683 1128 2734 Bis
1161 2684 1315 2746 vixit,
1349 2684 1436 2749 qui
1475 2683 1544 2735 ad

481 2748 743 2806 senectam
768 2757 900 2807 bene
916 2760 1047 2810 vixit
1067 2776 1082 2821 3
1105 2762 1389 2824 praeteritae
1406 2762 1544 2812 enim

479 2831 605 2883 vitae
643 2836 1111 2896 gratarecordatio
1133 2848 1445 2901 praesentem
1469 2837 1545 2888 vi-

481 2914 589 2959 tam
606 2910 719 2973 alit,
731 2918 787 2961 et
807 2910 937 2963 facit
946 2913 1327 2977 jucundiorem.

1190 386 1406 436 1³01·AE

544 2988 576 3032 8
616 2984 731 3035 Vita
760 2987 921 3050 priore
946 2987 1081 3053 frui]
1131 2991 1374 3044 Jucunda
1407 2992 1544 3044 bene

476 3067 613 3110 actae
633 3064 762 3113 vitae
785 3065 1165 3118 recordatione.

543 3137 705 3188 Erro.
743 3154 904 3192 xx1v.
970 3141 1035 3192 In
1089 3143 1405 3195 celebrando
1447 3160 1543 3195 suo

475 3214 659 3276 natali,
681 3228 841 3266 annos
873 3220 1167 3281 praeteritos
1188 3228 1425 3273 numerat
1456 3227 1539 3273 57.

476 3298 532 3341 et
551 3289 757 3344 futuros
780 3303 930 3360 optat
956 3302 1035 3349 18.

489 3406 494 3409 -
542 3373 568 3418 1
604 3370 805 3422 Martie
830 3375 1074 3440 Calendoe]
1106 3376 1172 3427 In
1192 3377 1378 3443 quibus
1395 3384 1452 3428 et
1472 3379 1541 3430 ah

473 3445 599 3509 ipsis
623 3449 809 3510 puellis
842 3451 1120 3505 mittuntur
1148 3455 1273 3505 mihi
1308 3470 1541 3507 munera.

472 3523 658 3587 Epigr.
679 3529 762 3576 92.
800 3527 890 3578 lib.
915 3532 966 3579 9.
990 3543 1123 3581 vers.
1148 3535 1227 3581 15.
1266 3539 1323 3582 et
1354 3534 1541 3598 Epigr.

469 3599 655 3649 smil».
672 3607 722 3652 5.
737 3617 870 3654 vers.
890 3608 968 3657 11.
1036 3608 1240 3659 Natalis
1259 3609 1386 3658 item
1404 3609 1540 3659 cele-

453 3675 614 3733 ‘hrari
634 3678 842 3731 solebatr
856 3682 1023 3733 missis
1049 3685 1383 3735 muneribusz
1416 3687 1540 3750 Epi·

469 3767 696 3818 gramm..
708 3761 791 3811 64.
825 3759 1003 3811 lib..s.
1039 3767 1097 3811 et
1115 3760 1312 3826 Epigr.
1340 3766 1422 3812 87.
1445 3762 1536 3814 lib.

470 3834 550 3882 1⁰.

479 3929 486 3937 ·
523 3911 567 3958 -4
625 3910 1027 3976 Quinquagesima
1081 3914 1198 3976 liba,
1243 3914 1349 3979 ξω]
1410 3915 1446 3966 J
1450 3929 1534 3964 am

466 3982 949 4049 quinquagesimum
998 3991 1275 4055 septimum
1308 3992 1534 4044 natalem

465 4071 635 4108 meum
659 4062 868 4112 celebro
899 4064 1021 4115 libis
1052 4072 1109 4114 et
1141 4066 1303 4116 thuris
1332 4081 1533 4117 acerra.

463 4133 586 4197 Vel,
622 4151 653 4186 o
691 4138 901 4189 Martiae
936 4141 1199 4205 calendie,
1224 4143 1408 4193 vestris
1430 4145 1532 4193 aris

455 4210 568 4274 ‚iam
587 4213 1029 4280 -quinquagesima
1049 4217 1157 4268 liba
1179 4224 1234 4269 et
1253 4218 1531 4282 septimam

1457 387 1860 437 VARmRUM

1912 388 1989 436 ΙΝ

1644 544 1877 581 acerram
1919 530 2189 581 addimus:
2229 531 2339 582 sive
2362 531 2475 596 jam
2502 533 2706 597 agitari

1643 608 1871 657 natalem
1892 622 2081 669 meum,
2118 607 2376 672 genioque
2409 608 2574 658 natali
2593 624 2704 660 meo

1643 681 1931 732 sacrificavi
1959 683 2299 748 quinquagies
2314 685 2528 747 septies.

1707 764 1737 806 5
1773 760 1937 826 Facis]
1965 758 2105 810 Aris.
2169 760 2423 824 Acerram]
2458 762 2567 811 Vas
2600 762 2707 814 thu-

1644 832 1876 887 riferum.
2143 879 2147 883 ,

1705 915 1739 960 9
1775 913 1944 962 Tribus
1963 913 2113 977 areis]
2163 913 2350 964 Tribus
2381 913 2507 963 vitae
2545 913 2704 963 curri-

1640 989 1792 1052 culis,
1832 989 2082 1053 pueritia,
2105 990 2349 1055 juventa,
2379 996 2435 1039 et
2457 995 2701 1042 senecta:

1641 1078 1760 1114 nam
1783 1066 2106 1129 decrepitam
2133 1073 2343 1117 aetatem
2366 1067 2464 1116 sihi
2488 1081 2593 1117 non
2616 1081 2704 1117 ex·

1640 1147 1807 1205 optat.
1871 1142 2014 1193 Area
2055 1144 2110 1192 in
2156 1143 2310 1194 Circo
2353 1143 2586 1207 spacium
2627 1151 2704 1195 est
2774 1134 2786 1151 s

1638 1218 1914 1271 curriculi:
1950 1224 2034 1269 25.
2059 1220 2409 1270 missuum-est
2428 1220 2580 1274 unius
2599 1221 2702 1271 diei

1638 1309 1777 1345 area.
1841 1295 2035 1345 Missus
2070 1297 2227 1347 trium
2265 1309 2505 1346 arearum
2549 1293 2703 1346 confi·

1638 1372 1784 1422 ciunt
1824 1386 2094 1423 nnmerum
2140 1387 2408 1436 annorum,
2442 1387 2574 1437 quos
2610 1372 2702 1421 sibi

1636 1456 1796 1500 vovet
1835 1449 2022 1501 Po'e'ta.
2066 1452 2189 1501 Pet.
2227 1451 2450 1500 Scriver.
2491 1450 2701 1513 explosa

1635 1523 1861 1575 lectione
1902 1526 2056 1577 tribus
2101 1526 2277 1586 aureis,
2322 1541 2441 1577 cum
2494 1534 2703 1588 recepta

1635 1602 1962 1665 expositione
1997 1604 2141 1652 aurei
2178 1604 2326 1653 Rom.
2349 1602 2599 1652 aestimati
2620 1606 2701 1652 25.

1637 1677 1879 1742 denariis,
1914 1681 2000 1733 Jo.
2022 1681 2244 1731 Meursii
2265 1680 2546 1741 Mantissa,
2581 1694 2698 1744 cap.

1637 1759 1719 1808 19.
1767 1757 2018 1808 'Raderus
2035 1758 2312 1821 legendum
2333 1764 2514 1807 censet
2529 1758 2705 1806 aureis.

1635 1831 1785 1882 Petit
1818 1833 1955 1883 enim
1978 1833 2184 1896 Poeta,
2212 1841 2272 1883 ut
2300 1834 2365 1883 ad
2401 1847 2562 1883 annos
2584 1848 2701 1898 sep·

1635 1913 1741 1958 tem
1765 1923 1925 1974 supra
1947 1910 2319 1976 qninquaginta
2335 1909 2432 1959 sihi
2453 1909 2702 1973 adjician-

1636 1989 1723 2034 tur
1753 1984 1937 2036 decem
1980 1994 2037 2037 et
2090 1994 2232 2049 octo,
2262 1987 2388 2051 qui,
2436 1986 2700 2051 prioribus

1632 2059 1846 2126 adjecti,
1892 2071 2041 2116 recte
2067 2063 2319 2115 efficiunt
2361 2071 2472 2113 tres
2513 2077 2699 2116 aur-eos

1632 2137 1907 2202 Romanos,
1935 2141 2033 2191 hoc
2067 2147 2165 2206 est,
2199 2140 2704 2206 septuaginta-quin·

1629 2230 1732 2280 que
1752 2215 2009 2269 denarios.
2076 2218 2302 2283 Triplica
2330 2218 2468 2272 enim
2491 2218 2702 2276 vicenos

1631 2293 1812 2357 quinos
1835 2295 2094 2358 denarios,
2127 2303 2478 2359 septuagenos
2515 2295 2702 2360 quinos

1628 2370 1873 2435 colliges:
1924 2371 2055 2423 hanc
2093 2370 2193 2421 sihi
2231 2385 2440 2421 auream
2483 2379 2700 2426 aetatem

1627 2453 1780 2511 optat
1800 2446 1985 2500 Poeta.
2006 2446 2142 2499 Vide
2165 2452 2221 2499 et
2242 2446 2476 2505 Turneb.
2496 2447 2589 2498 lib.
2613 2451 2697 2500 30.

1627 2539 1745 2589 cap.
1767 2530 1849 2576 30.

1693 2606 1755 2652 10
1788 2604 1971 2668 Elysiae
1981 2602 2178 2669 puella]
2210 2601 2563 2668 Proserpinae.
2597 2602 2697 2651 Pe-

1624 2678 1747 2743 tam]
1782 2681 1997 2732 Moriar.

1689 2760 1747 2805 11
1767 2757 1888 2807 Post
1904 2759 2003 2809 hoec
2014 2758 2246 2824 tempora]
2264 2760 2384 2809 Nos.
2396 2772 2605 2824 qnoque
2618 2758 2700 2808 in·

1621 2835 1855 2884 venimus
1867 2835 1919 2883 iu
1931 2838 2155 2900 scripto:
2179 2838 2294 2886 Post
2302 2837 2424 2886 hunc
2438 2849 2522 2884 nec
2531 2835 2698 2885 horas.

1621 2909 1777 2960 Unde
1794 2911 2052 2962 Gruterus
2069 2912 2455 2977 elegantissime
2470 2920 2527 2961 et
2542 2912 2700 2962 veris-

1619 2986 1767 3050 sime,
1790 2988 1907 3038 Post
1929 2989 2052 3039 hunc
2075 2990 2301 3040 Nestora.
2356 2988 2512 3042 Quod
2537 2989 2697 3039 miror

1614 3062 1878 3115 Scriverio
1915 3076 2169 3130 spretum.
2224 3064 2518 3130 Significat,
2559 3066 2695 3116 Post

1615 3140 1718 3190 hoc
1747 3142 1845 3191 aevi
1871 3142 2119 3193 Nestorei
2150 3143 2395 3207 spatium.
2452 3142 2543 3192 Sic
2562 3142 2692 3193 Juv.

1615 3218 1727 3269 Sat.
1751 3225 1832 3271 12.
1887 3220 2085 3271 ‘Vivat
2117 3219 2378 3270 Pacuvius
2420 3220 2506 3269 vel
2555 3219 2694 3271 Nes·

1617 3301 1733 3346 tora
1779 3303 1944 3347 totum
1962 3297 1996 3349 ι’
2046 3297 2100 3347 id
2143 3306 2248 3360 est,
2296 3310 2412 3347 eam
2455 3303 2693 3358 aetatem,

1616 3386 1768 3437 quam
1811 3375 2018 3425 Nestor.
2073 3372 2335 3424 Martialis
2368 3372 2463 3436 lib.
2505 3376 2589 3424 11.
2624 3375 2692 3423 E-

1617 3449 1751 3513 pigr.
1790 3454 1869 3500 12.
1903 3452 1919 3480 ‘
1940 3451 2041 3503 Qui
2077 3450 2323 3500 Mentora
2358 3448 2596 3513 frangis,’
2636 3449 2691 3499 id

1614 3531 1716 3588 est,
1737 3527 2062 3577 Mentoreum
2087 3535 2340 3577 toreuma.
2404 3526 2540 3576 Post
2563 3527 2692 3577 istas

1612 3606 1720 3651 tres
1741 3617 1909 3667 areas,
1930 3604 2032 3653 tria
2049 3604 2197 3669 quasi
2211 3603 2386 3654 secula
2401 3603 2691 3663 Nestorea,

1611 3693 1709 3730 nec
1754 3680 1909 3745 diem,
1962 3681 2150 3747 inquit,
2198 3681 2412 3746 rogabo.
2480 3683 2688 3734 Eodem

1611 3758 1864 3822 pertinet,
1904 3759 2042 3825 quod
2077 3765 2181 3810 ·est
2230 3758 2554 3822 Epigramm.
2600 3765 2687 3810 48.

1609 3835 1626 3862 ‘
1645 3834 1935 3887 Immodico
1964 3843 2113 3886 sexta
2135 3837 2349 3891 Nerone
2372 3836 2512 3886 calet
2529 3834 2568 3885 ε’
2587 3852 2685 3900 pro

1608 3911 1820 3962 thermis
1846 3912 2174 3963 Neronianis.
2200 3912 2487 3962 Gronovius.
2558 3915 2685 3964 Post

1606 3989 1706 4038 lioec
1746 3991 1973 4051 tempora,
2013 3989 2122 4053 mn]
2171 3989 2348 4048 ‚Palam
2391 3996 2507 4053 opt.
2546 3991 2684 4042 Post

1606 4066 1729 4114 hunc
1748 4080 1834 4115 nec
1853 4065 2018 4117 horam
2037 4081 2123 4116 nec
2150 4067 2275 4117 diem
2303 4066 2498 4130 rogabo.
2533 4068 2682 4119 Hinc
2770 4059 2782 4067 ’

1606 4141 1867 4192 Gruterus
1906 4143 2132 4207 colligit
2166 4143 2489 4207 degendum:
2552 4146 2680 4195 Post

1603 4218 1725 4268 hunc
1764 4219 1971 4277 Nestora
2013 4235 2096 4271 nec
2115 4220 2262 4271 ,ἀίιιπ
2307 4222 2486 4285 rogabo
2500 4239 2521 4280 ,·
2568 4226 2677 4275 hoc
