2985 4937
358 3284 373 3302 κ
455 3283 597 3332 rare,

448 412 487 475 1
499 410 625 477 132

449 574 600 622 viam.
666 571 937 636 Interponis
954 571 1148 636 aquam]
1181 573 1268 622 Sic
1303 573 1394 622 ille
1425 586 1517 621 ne·

451 665 605 714 quam
643 650 964 713 paralyticus
1003 650 1142 713 apud
1166 649 1509 699 Petronium:

447 729 463 755 ⁸
488 724 691 787 Hausi,’
707 725 897 788 inquit,
910 727 926 753 ‘
941 726 1148 789 parcius
1165 725 1402 786 merum,'
1418 728 1518 776 &c-

452 802 598 851 Ebrii
617 817 689 851 sc.
704 801 757 849 in
776 801 1034 851 Venerem
1046 803 1328 866 segniores.
1350 803 1518 852 Parce

451 877 668 927 bibebat
701 876 867 927 Rufus
890 878 1050 943 idque
1085 880 1338 939 dilutnm3
1378 880 1518 928 unde

454 954 732 1018 conjiciens
786 954 958 1005 Poeta
996 963 1330 1019 expectasse·
1371 955 1518 1005 illum

453 1031 689 1096 amicam,
722 1039 880 1098 atque
904 1032 1034 1082 adeo
1068 1033 1290 1082 veritum
1327 1047 1400 1081 ne·
1427 1031 1518 1081 im·

453 1109 658 1158 modico
704 1110 846 1173 Lyaei
892 1120 1072 1172 vento,
1119 1111 1520 1174 extingueretur

449 1186 673 1235 veneris
695 1185 859 1250 ignis;
876 1187 1066 1251 quaerit
1087 1201 1153 1235 an
1174 1187 1357 1236 Naevia
1376 1189 1517 1250 (quar

451 1261 530 1310 illi
550 1276 755 1327 semper
788 1263 841 1313 in
875 1277 987 1326 ore,
1014 1277 1174 1327 supra
1206 1264 1373 1327 epigr.
1407 1261 1521 1327 69.)

451 1344 662 1387 noctem
700 1340 1055 1402 promisisset3
1093 1355 1159 1388 ex
1191 1339 1436 1402 suspiriis
1460 1339 1521 1389 il·

451 1413 553 1463 lius
576 1419 632 1462 et
658 1414 868 1464 silentio
902 1429 1111 1478 negasse
1136 1422 1432 1476 autumans,
1454 1414 1521 1464 ad

449 1489 723 1553 largiorem
740 1492 1056 1554 potationem
1076 1493 1267 1542 invitat
1283 1509 1300 1554 ;
1333 1497 1523 1556 utpote

454 1567 650 1630 majora
683 1570 872 1632 pocula
902 1576 958 1619 et
992 1585 1188 1620 merum
1223 1586 1341 1635 quae
1370 1586 1524 1621 curas

449 1642 673 1707 dissipet
696 1647 1024 1712 repulsaeque
1056 1648 1346 1697 molestiam
1369 1648 1525 1697 obru-

454 1728 529 1783 at,
567 1736 632 1771 ex
673 1730 943 1787 praecepto
988 1723 1167 1774 Ovidii
1209 1730 1261 1774 2.
1306 1724 1524 1776 Remad.

454 1803 717 1866 ‘plurima
749 1819 939 1865 sumas,
972 1806 1046 1855 Ut
1082 1812 1353 1870 stupeant
1348 1807 1525 1899 multo

454 1881 611 1930 corda
635 1887 805 1933 soluta
827 1883 1007 1933 mero!

454 1988 461 1997 -
520 1962 551 2006 ³
591 1958 810 2020 Uarium,
842 1958 951 2021 ξω]
996 1959 1370 2009 Duodecimam
1406 1974 1524 2024 par·

454 2042 562 2083 tem
585 2037 820 2097 sextarii,
835 2053 892 2086 su
902 2052 992 2100 pra
1010 2042 1093 2087 28.
1119 2052 1254 2088 vers.
1273 2043 1323 2088 2.

523 2118 552 2160 5
589 2112 891 2177 Sobria-sque,
913 2115 1022 2178 ξω]
1054 2115 1070 2142 ‘
1087 2114 1241 2164 Leuis
1261 2116 1355 2164 alit
1383 2113 1525 2164 flam-

454 2189 598 2239 mas!
1394 2228 1397 2231 -

521 2272 553 2316 8
591 2267 833 2332 Trientes]
879 2269 1063 2319 Triens
1089 2276 1169 2319 est
1209 2271 1367 2320 tertia
1411 2284 1525 2319 sex-

456 2344 577 2392 tarii
600 2358 737 2408 pars,
759 2352 981 2409 quatuor
997 2345 1214 2411 cyathos
1234 2361 1328 2395 seu
1344 2346 1526 2396 uncias

457 2421 750 2474 continens.

524 2503 587 2548 10
621 2499 968 2549 Dormiendum
1011 2499 1107 2563 est]
1146 2499 1267 2550 Tibi
1305 2499 1401 2549 soli
1438 2514 1528 2549 cu-

458 2575 684 2626 bandum
708 2578 759 2626 in
793 2593 960 2627 vacuo
993 2585 1139 2627 toro:
1178 2592 1325 2627 suine
1348 2578 1527 2642 itaque

457 2655 625 2704 somni
649 2657 910 2719 poculum,
943 2660 1214 2720 postquam
1234 2656 1402 2704 amica
1425 2669 1527 2704 non

456 2731 651 2780 veniet.
676 2746 834 2796 supra
856 2734 1020 2796 epigr.
1040 2738 1123 2783 72.

524 2808 686 2859 Eme.
723 2821 882 2858 cvm.
928 2815 960 2859 2
996 2811 1248 2872 Magnam,
1285 2810 1393 2874 ξω]
1427 2814 1529 2862 Re-

459 2883 700 2949 spondes
706 2887 766 2935 L.
794 2886 938 2937 Julio
972 2887 1138 2936 amico
1173 2887 1434 2948 suadenti,
1469 2896 1531 2937 ut

459 2961 667 3025 aliquod
691 2977 929 3026 magnum
946 2978 1077 3024 opus
1099 2963 1372 3024 scriberet,
1394 2966 1530 3028 Epo·

458 3040 633 3102 peiam
667 3039 889 3097 scilicet,
924 3041 1005 3088 vel
1028 3040 1222 3104 Lyrica
1260 3049 1317 3090 et
1340 3041 1529 3106 Bithy-

458 3115 713 3177 rambica,
728 3123 787 3164 ut
810 3116 995 3179 Virgil.
1019 3124 1074 3166 et
1094 3115 1349 3167 Horatius
1366 3120 1530 3182 scrip-

456 3199 659 3242 serunt.
748 3194 1057 3257 Respondet
1094 3209 1153 3245 se
1184 3197 1295 3246 otia
1326 3196 1529 3247 deside-

656 3275 713 3320 et
777 3271 1145 3323 liberalitatem
1200 3273 1533 3330 Maecenatis.

458 3347 721 3412 Magnam]
750 3347 972 3412 Epicum
1006 3356 1062 3399 et
1082 3358 1394 3415 perpetuum
1416 3366 1532 3402 car-

459 3437 597 3474 men.

525 3504 556 3549 8
594 3501 716 3551 ocia
752 3502 929 3565 qualia,
972 3500 1076 3565 ξω]
1133 3499 1217 3551 Ad
1252 3504 1529 3567 Virgilium

459 3577 682 3641 respicit
706 3580 884 3643 Eclog.
903 3582 948 3627 1.
1002 3580 1017 3606 ‘
1033 3579 1084 3629 Ο
1109 3580 1357 3630 Meliboee
1384 3582 1531 3631 Deus

458 3654 610 3705 nobis
649 3656 760 3705 haec
798 3657 903 3705 otiu
940 3655 1086 3706 fecit.
1088 3661 1103 3683 ’
1168 3658 1275 3708 Per
1303 3660 1527 3709 ‘otium’

460 3747 589 3795 ergo
621 3740 676 3781 et
717 3733 962 3797 intelligit
992 3748 1144 3798 agros
1174 3742 1232 3784 et
1266 3738 1533 3801 pecunias,

459 3824 561 3874 quo
584 3810 749 3860 Musis
786 3816 1006 3874 vacet,‘
1026 3826 1128 3861 non
1163 3811 1231 3862 de
1253 3813 1422 3863 lodice
1446 3831 1536 3908 pa

462 3886 628 3936 tanda
648 3886 949 3938 Sollicitus!

522 3968 554 4014 Δ
591 3965 848 4027 Maecenas,
883 3967 991 4031 &ct-J
1021 3967 1390 4030 Locupletavit
1427 3970 1533 4019 Cil-

459 4042 577 4091 nius
619 4042 885 4093 Maecenas
916 4043 1207 4107 Virgilium,
1239 4044 1534 4111 Horatium,

458 4122 557 4168 &c-

525 4201 558 4245 6
592 4195 843 4256 Flammis,
876 4197 983 4261 ξω]
1015 4194 1092 4247 Ut
1122 4197 1263 4246 ultra
1297 4212 1446 4264 rogos
1475 4163 1534 4251 et

460 4272 663 4324 cineres
686 4271 930 4333 supersit.

526 4350 556 4398 7
592 4346 655 4396 In
675 4348 879 4414 steriles,
898 4348 1007 4413 ξω]
1042 4350 1209 4403 Musae
1232 4366 1335 4404 non
1365 4354 1531 4406 liben-

1141 428 1361 477 No'rAE
1407 428 1812 477 VAmoRUM
1868 430 1946 477 IN

1597 577 1683 622 ter
1719 580 1869 623 arant
1898 574 2063 623 litus:
2109 588 2212 625 non
2250 581 2428 625 amant
2472 573 2662 638 studia,

1593 651 1840 700 ‘Praemia
1861 653 1903 700 si
1925 651 2128 700 tollas!

1659 731 1708 776 8-
1742 727 1952 789 Pingue,
1993 728 2098 791 Bra]
2149 729 2397 793 Opimum
2451 726 2659 792 quidem

1596 804 1759 853 solum
1784 819 1993 854 versare
2028 802 2219 869 fatigat
2242 805 2542 869 agricolam,
2571 802 2663 853 sed

1596 882 1920 945 amplissimae
1944 884 2137 945 segetis
2156 896 2275 946 spes
2300 883 2422 931 alitt
2445 894 2548 930 non
2575 879 2667 929 mi·

1596 972 1692 1007 nus
1714 960 1887 1023 magni
1916 960 2091 1023 operis
2114 958 2361 1069 Poetam,
2384 957 2581 1007 fructus
2612 962 2668 1006 et

1598 1036 1801 1100 praemii
1822 1051 1959 1099 spes.

1664 1114 2047 1163 Er1e.c1x.1
2085 1115 2178 1162 Est
2201 1112 2315 1177 tibi]
2349 1113 2578 1161 Excusat
2611 1125 2667 1161 se

1600 1189 1772 1253 Gallo,
1794 1190 1932 1254 quod
1967 1196 2071 1241 non
2106 1204 2258 1240 mane
2292 1190 2358 1238 ad
2394 1202 2510 1240 enm
2535 1190 2669 1238 salu-

1563 1268 1816 1318 *tandum
1857 1275 1973 1331 eat;
2014 1274 2071 1318 et
2118 1268 2248 1317 dicit
2289 1267 2477 1316 librum
2511 1280 2664 1331 quem

1599 1345 1785 1409 mittit,
1799 1346 2042 1394 vicariam
2060 1357 2269 1408 operam
2286 1350 2672 1407 praestaturum,
2761 1344 2767 1350 '

1601 1435 1762 1486 seque
1781 1430 2051 1471 venturum
2071 1421 2136 1470 ad
2156 1435 2381 1471 coenam:
2406 1427 2672 1470 caussatur

1602 1506 1776 1549 autem
1798 1498 2042 1548 domuum
2080 1499 2399 1549 distantiam.
2439 1498 2671 1548 Rumam.
2741 1512 2744 1513 ⁷

1602 1576 1882 1627 Geminum
1903 1578 2022 1628 huic
2045 1582 2161 1627 erat
2192 1581 2275 1627 72.
2305 1575 2476 1640 epigr.
2500 1591 2671 1640 supra.

1603 1654 1777 1718 Sitque
1822 1656 2011 1719 precor]
2078 1654 2281 1705 Alludit
2334 1654 2400 1703 ad
2446 1655 2671 1717 priscam

1603 1729 1896 1832 formulam,
1941 1735 1957 1761 ‘
1979 1731 2133 1784 Quod
2177 1731 2303 1781 felix
2340 1729 2674 1796 faustumque

1602 1807 1700 1935 ἐξ
1726 1884 2111 1949 Transtiberina]
2140 1886 2300 1949 Regio
2323 1900 2507 1949 parum
2526 1898 2674 1935 amoe·

1575 1988 1578 1995 ‹
1602 1976 1690 2024 na,
1713 1962 1799 2012 ubi
1822 1962 1925 2012 faex
1951 1963 2130 2027 populi
2148 1962 2426 2026 Judaeique
2447 1961 2561 2012 fere
2574 1969 2676 2010 sta·

1571 2074 1574 2081 .
1603 2037 1875 2103 bulabant,
1895 2050 1953 2089 et
1975 2039 2122 2103 quasi
2141 2047 2386 2103 separata
2402 2055 2435 2088 a
2455 2051 2675 2102 corpore

1602 2116 1847 2168 civitatis.
1881 2120 2013 2167 Rad.

1667 2201 1697 2246 3
1734 2197 1851 2247 Mea
1890 2197 2139 2259 Vipsanas,
2169 2194 2275 2259 εγω]
2305 2194 2475 2244 Scalis
2498 2193 2676 2243 habito

1604 2274 1791 2336 tribus,
1825 2273 1878 2321 in
1915 2273 2178 2323 coenaculo
2213 2285 2377 2335 prope
2416 2269 2675 2335 porticum

1602 2351 1680 2401 M.
1701 2349 1921 2414 Vipsani
1953 2349 2207 2413 Agrippae
2248 2344 2410 2397 lauris
2446 2361 2677 2413 opacam.

1602 2429 1736 2481 Tota
1759 2442 1884 2490 ergo
1906 2427 2142 2492 superior
2174 2440 2296 2491 pars
2319 2425 2412 2475 ubi
2443 2426 2679 2477 caenaba-

1602 2513 1709 2567 tnr,
1742 2506 2064 2555 coenacnlum
2099 2518 2264 2568 usque
2300 2504 2364 2551 ad
2403 2504 2675 2554 scandulas

1602 2582 1990 2646 appellabatur,
2032 2594 2148 2644 quas
2173 2580 2463 2646 plerunque
2484 2595 2677 2646 paupe·

1603 2660 1746 2709 ribus
1766 2659 2038 2708 locabatnr
2061 2658 2337 2721 inquilinis.
2403 2659 2541 2708 Tum
2576 2658 2676 2708 nisi

1602 2737 1711 2784 alta
1722 2733 1959 2796 fuissent,
1977 2733 2235 2783 Martialis
2249 2734 2372 2782 inde
2387 2735 2672 2802 Vipsapam

1603 2812 1859 2873 porticum
1931 2818 2172 2875 spectare
2245 2825 2349 2860 non
2399 2814 2674 2877 potuisset.

1611 2891 1787 2938 Rader.
1821 2888 2047 2937 Turneb.
2073 2888 2106 2936 l.
2125 2894 2174 2938 4.
2198 2904 2244 2938 c.
2269 2894 2348 2938 11.

1668 2970 1701 3014 6
1724 2966 1795 3014 Es
1810 2965 1955 3027 tanti,
1976 2965 2084 3028 ἱγω]
2110 2966 2180 3014 Et
2199 2966 2308 3028 ejus
2331 2965 2542 3028 quidem
2560 2979 2677 3029 pre-

1605 3043 1668 3093 tii
1689 3057 1751 3092 ac
1786 3041 1960 3091 meriti
1996 3056 2070 3100 es,
2103 3050 2161 3089 nt
2197 3042 2290 3089 tibi
2315 3040 2413 3090 hoc
2447 3040 2673 3091 officium

1605 3128 1870 3184 praestem,
1887 3119 2086 3168 etiamsi
2110 3118 2327 3168 ulterius
2349 3123 2421 3168 sit
2455 3107 2676 3183 migran-

1602 3197 1743 3247 dum.

1668 3279 1700 3324 7
1738 3274 1850 3324 Tibi
1878 3289 1990 3337 non,
2018 3273 2125 3338 ξω]
2166 3274 2287 3323 Non
2329 3275 2548 3323 multum
2584 3272 2680 3323 tibi

1604 3351 1705 3400 erit
1725 3350 1932 3400 honoris
1952 3365 2018 3399 ex
2041 3364 2124 3399 me
2146 3350 2300 3400 unico
2315 3351 2530 3412 cliente,
2551 3349 2678 3398 mul·

1607 3427 1673 3477 tis
1689 3429 1774 3493 qui
1802 3436 1856 3476 te
1871 3428 2189 3476 comitantur
2208 3426 2394 3476 addito
2415 3444 2428 3476 ε
2457 3426 2675 3475 multum

1604 3503 1731 3553 milti
1761 3504 1871 3552 liaec
1900 3503 2279 3567 qualiacunque
2313 3502 2564 3553 scribenti
2588 3502 2675 3550 de·

1608 3587 1871 3631 tereretur
1914 3581 2036 3643 ocii,
2059 3603 2065 3610 ·
2096 3580 2140 3629 si
2197 3580 2461 3630 salutandi
2506 3579 2678 3630 officio

1607 3657 1863 3708 vacarem.
1895 3672 2052 3720 supra
2075 3658 2240 3722 epigr.
2256 3662 2341 3708 71.
2368 3672 2503 3707 vers.
2526 3661 2606 3707 11.
2622 3662 2679 3705 et

1606 3735 1773 3799 epigr.
1795 3739 1875 3784 25.
1899 3734 1934 3783 l.
1956 3739 2036 3784 11.

1608 3840 1616 3847 ·
1671 3816 1705 3861 8
1741 3811 1900 3875 Nego]
1924 3812 2004 3861 Te
2028 3810 2389 3876 prosequendo
2406 3812 2675 3875 meipsum

1607 3891 1838 3953 negligo,
1857 3890 2020 3939 otium
2040 3888 2306 3939 scribendi
2333 3890 2529 3938 amitto.

1672 3973 1706 4017 9
1738 3968 1850 4031 Ipse
1874 3966 2111 4029 salutabo]
2135 3966 2259 4031 Ipse
2295 3973 2348 4015 te
2372 3966 2677 4015 veniam-sa·

1606 4043 1832 4093 lutatum
1853 4043 1993 4092 inter
2016 4041 2344 4104 coenandum,
2360 4042 2439 4089 vel
2458 4056 2490 4089 a
2502 4054 2678 4100 coena3

1605 4123 1816 4173 interim
1840 4138 1936 4187 pro
1970 4137 2055 4172 me
2091 4123 2430 4171 salutatorem
2469 4120 2679 4169 matuti-

1605 4213 1728 4248 num
1751 4199 1927 4262 capias
1956 4199 2092 4248 hune
2133 4197 2384 4247 libellum.
2449 4195 2676 4257 Decimo]

1605 4278 1740 4329 Quae
1784 4277 1942 4327 tertia
1986 4285 2069 4327 est
2110 4281 2234 4325 aute
2276 4281 2508 4337 noctem,
2553 4274 2676 4324 hora

1583 4397 1592 4400 ,
1605 4368 1786 4406 coenae·
