<?xml version="1.0" encoding="UTF-8"?>
<!DOCTYPE html PUBLIC "-//W3C//DTD XHTML 1.0 Transitional//EN"
    "http://www.w3.org/TR/xhtml1/DTD/xhtml1-transitional.dtd">
<html xmlns="http://www.w3.org/1999/xhtml" xml:lang="en" lang="en">
 <head>
  <title>
</title>
<meta http-equiv="Content-Type" content="text/html;charset=utf-8" />
  <meta name='ocr-system' content='tesseract 3.04.00' />
  <meta name='ocr-capabilities' content='ocr_page ocr_carea ocr_par ocr_line ocrx_word'/>
</head>
<body>
  <div class='ocr_page' id='page_1' title='image "./marcivaleriimar09martgoog_0365.png"; bbox 0 0 2985 4937; ppageno 0'>
   <div class='ocr_carea' id='block_1_1' title="bbox 655 415 2134 477">
    <p class='ocr_par' dir='ltr' id='par_1_1' title="bbox 655 415 2134 477">
     <span class='ocr_line' id='line_1_1' title="bbox 655 415 2134 477; baseline 0.007 -10"><span class='ocrx_word' id='word_1_1' title='bbox 655 415 734 470; x_wconf 73' lang='grc' dir='ltr'><strong>Μ.</strong></span> <span class='ocrx_word' id='word_1_2' title='bbox 791 418 959 468; x_wconf 72' lang='lat' dir='ltr'><strong>VAL.</strong></span> <span class='ocrx_word' id='word_1_3' title='bbox 1006 420 1425 472; x_wconf 74' lang='lat' dir='ltr'><strong>MARTlALls</strong></span> <span class='ocrx_word' id='word_1_4' title='bbox 1479 423 1721 472; x_wconf 72' lang='lat' dir='ltr'><strong>umen.</strong></span> <span class='ocrx_word' id='word_1_5' title='bbox 1773 425 1914 474; x_wconf 78' lang='lat' dir='ltr'><strong>Lm.</strong></span> <span class='ocrx_word' id='word_1_6' title='bbox 1962 428 2134 477; x_wconf 81' lang='lat' dir='ltr'><strong>xlu.</strong></span> 
     </span>
    </p>
   </div>
   <div class='ocr_carea' id='block_1_2' title="bbox 275 565 1366 4405">
    <p class='ocr_par' dir='ltr' id='par_1_2' title="bbox 299 565 1366 781">
     <span class='ocr_line' id='line_1_2' title="bbox 311 565 1365 630; baseline 0.004 -17"><span class='ocrx_word' id='word_1_7' title='bbox 311 569 400 613; x_wconf 80' lang='lat' dir='ltr'><strong>tur</strong></span> <span class='ocrx_word' id='word_1_8' title='bbox 415 577 510 627; x_wconf 87' lang='lat' dir='ltr'><strong>pro</strong></span> <span class='ocrx_word' id='word_1_9' title='bbox 532 577 678 613; x_wconf 79' lang='lat' dir='ltr'><strong>more</strong></span> <span class='ocrx_word' id='word_1_10' title='bbox 698 565 953 615; x_wconf 85' lang='lat' dir='ltr'><strong>lautorum</strong></span> <span class='ocrx_word' id='word_1_11' title='bbox 977 579 1126 630; x_wconf 87' lang='lat' dir='ltr'><strong>aper,</strong></span> <span class='ocrx_word' id='word_1_12' title='bbox 1153 567 1234 615; x_wconf 86' lang='lat' dir='ltr'><strong>vel</strong></span> <span class='ocrx_word' id='word_1_13' title='bbox 1270 565 1365 617; x_wconf 86' lang='lat' dir='ltr'><strong>Ar·</strong></span> 
     </span>
     <span class='ocr_line' id='line_1_3' title="bbox 309 639 1366 707; baseline 0.006 -18"><span class='ocrx_word' id='word_1_14' title='bbox 309 639 477 690; x_wconf 86' lang='lat' dir='ltr'><strong>cadici</strong></span> <span class='ocrx_word' id='word_1_15' title='bbox 510 640 650 691; x_wconf 85' lang='lat' dir='ltr'><strong>illius</strong></span> <span class='ocrx_word' id='word_1_16' title='bbox 674 642 907 692; x_wconf 64' lang='lat' dir='ltr'><strong>emulus.</strong></span> <span class='ocrx_word' id='word_1_17' title='bbox 956 642 1137 707; x_wconf 78' lang='lat' dir='ltr'><strong>Epigr.</strong></span> <span class='ocrx_word' id='word_1_18' title='bbox 1159 648 1239 695; x_wconf 81' lang='grc'><strong>16.</strong></span> <span class='ocrx_word' id='word_1_19' title='bbox 1275 644 1366 695; x_wconf 90' lang='lat' dir='ltr'><strong>lib.</strong></span> 
     </span>
     <span class='ocr_line' id='line_1_4' title="bbox 299 717 710 781; baseline 0.002 -14"><span class='ocrx_word' id='word_1_20' title='bbox 299 717 488 781; x_wconf 76' lang='lat' dir='ltr'><strong>spect.</strong></span> <span class='ocrx_word' id='word_1_21' title='bbox 509 732 642 768; x_wconf 85' lang='lat' dir='ltr'><strong>vers.</strong></span> <span class='ocrx_word' id='word_1_22' title='bbox 663 725 710 770; x_wconf 90' lang='lat' dir='ltr'><strong>l.</strong></span> 
     </span>
    </p>

    <p class='ocr_par' dir='ltr' id='par_1_3' title="bbox 292 797 1364 1542">
     <span class='ocr_line' id='line_1_5' title="bbox 356 797 1363 863; baseline 0.002 -17"><span class='ocrx_word' id='word_1_23' title='bbox 356 797 523 846; x_wconf 76' lang='lat' dir='ltr'><strong>Eme.</strong></span> <span class='ocrx_word' id='word_1_24' title='bbox 540 810 678 850; x_wconf 79' lang='grc' dir='ltr'>ιιιιι.</span> <span class='ocrx_word' id='word_1_25' title='bbox 705 800 731 845; x_wconf 98' lang='grc'><strong>1</strong></span> <span class='ocrx_word' id='word_1_26' title='bbox 750 797 829 847; x_wconf 87' lang='lat' dir='ltr'><strong>De</strong></span> <span class='ocrx_word' id='word_1_27' title='bbox 838 797 1031 863; x_wconf 78' lang='lat' dir='ltr'><strong>Libycis</strong></span> <span class='ocrx_word' id='word_1_28' title='bbox 1043 797 1363 863; x_wconf 46' lang='lat' dir='ltr'><strong>taberessscd</strong></span> 
     </span>
     <span class='ocr_line' id='line_1_6' title="bbox 300 870 1364 938; baseline 0.004 -17"><span class='ocrx_word' id='word_1_29' title='bbox 300 871 368 921; x_wconf 87' lang='lat' dir='ltr'><strong>1n</strong></span> <span class='ocrx_word' id='word_1_30' title='bbox 382 870 567 923; x_wconf 79' lang='lat' dir='ltr'><strong>Africa</strong></span> <span class='ocrx_word' id='word_1_31' title='bbox 587 873 811 938; x_wconf 88' lang='lat' dir='ltr'><strong>primum</strong></span> <span class='ocrx_word' id='word_1_32' title='bbox 837 881 978 937; x_wconf 87' lang='lat' dir='ltr'><strong>nata,</strong></span> <span class='ocrx_word' id='word_1_33' title='bbox 997 875 1089 925; x_wconf 77' lang='lat' dir='ltr'><strong>sed</strong></span> <span class='ocrx_word' id='word_1_34' title='bbox 1111 877 1364 926; x_wconf 83' lang='lat' dir='ltr'><strong>translata</strong></span> 
     </span>
     <span class='ocr_line' id='line_1_7' title="bbox 301 947 1362 1016; baseline 0.004 -19"><span class='ocrx_word' id='word_1_35' title='bbox 301 951 355 998; x_wconf 83' lang='lat' dir='ltr'><strong>et</strong></span> <span class='ocrx_word' id='word_1_36' title='bbox 365 947 489 997; x_wconf 82' lang='lat' dir='ltr'><strong>alibi</strong></span> <span class='ocrx_word' id='word_1_37' title='bbox 500 955 683 1013; x_wconf 83' lang='lat' dir='ltr'><strong>postea</strong></span> <span class='ocrx_word' id='word_1_38' title='bbox 697 956 811 999; x_wconf 85' lang='lat' dir='ltr'><strong>sata</strong></span> <span class='ocrx_word' id='word_1_39' title='bbox 820 964 992 1014; x_wconf 89' lang='lat' dir='ltr'><strong>poma,</strong></span> <span class='ocrx_word' id='word_1_40' title='bbox 1007 951 1209 1015; x_wconf 76' lang='lat' dir='ltr'><strong>quibus,</strong></span> <span class='ocrx_word' id='word_1_41' title='bbox 1224 952 1362 1016; x_wconf 87' lang='lat' dir='ltr'><strong>quod</strong></span> 
     </span>
     <span class='ocr_line' id='line_1_8' title="bbox 299 1024 1362 1091; baseline 0.004 -18"><span class='ocrx_word' id='word_1_42' title='bbox 299 1024 366 1073; x_wconf 84' lang='lat' dir='ltr'><strong>iis</strong></span> <span class='ocrx_word' id='word_1_43' title='bbox 398 1024 628 1089; x_wconf 78' lang='lat' dir='ltr'><strong>lignosus</strong></span> <span class='ocrx_word' id='word_1_44' title='bbox 655 1024 869 1077; x_wconf 78' lang='lat' dir='ltr'><strong>abesset</strong></span> <span class='ocrx_word' id='word_1_45' title='bbox 904 1027 1137 1091; x_wconf 83' lang='lat' dir='ltr'><strong>nucleus,</strong></span> <span class='ocrx_word' id='word_1_46' title='bbox 1175 1041 1362 1077; x_wconf 87' lang='lat' dir='ltr'><strong>nomeu</strong></span> 
     </span>
     <span class='ocr_line' id='line_1_9' title="bbox 301 1099 1359 1167; baseline 0.004 -17"><span class='ocrx_word' id='word_1_47' title='bbox 301 1115 365 1150; x_wconf 84' lang='lat' dir='ltr'><strong>ex</strong></span> <span class='ocrx_word' id='word_1_48' title='bbox 383 1119 416 1150; x_wconf 79' lang='lat' dir='ltr'><strong>a</strong></span> <span class='ocrx_word' id='word_1_49' title='bbox 437 1107 492 1150; x_wconf 90' lang='lat' dir='ltr'><strong>et</strong></span> <span class='ocrx_word' id='word_1_50' title='bbox 510 1099 673 1166; x_wconf 70' lang='grc' dir='ltr'>πυρήν.</span> <span class='ocrx_word' id='word_1_51' title='bbox 714 1103 911 1152; x_wconf 85' lang='lat' dir='ltr'><strong>Plinius</strong></span> <span class='ocrx_word' id='word_1_52' title='bbox 933 1103 1023 1153; x_wconf 88' lang='lat' dir='ltr'><strong>lib.</strong></span> <span class='ocrx_word' id='word_1_53' title='bbox 1040 1107 1118 1153; x_wconf 75' lang='grc'><strong>13.</strong></span> <span class='ocrx_word' id='word_1_54' title='bbox 1140 1118 1257 1167; x_wconf 86' lang='lat' dir='ltr'><strong>cap.</strong></span> <span class='ocrx_word' id='word_1_55' title='bbox 1279 1108 1359 1154; x_wconf 84' lang='grc'><strong>19.</strong></span> 
     </span>
     <span class='ocr_line' id='line_1_10' title="bbox 304 1179 1362 1244; baseline 0.003 -14"><span class='ocrx_word' id='word_1_56' title='bbox 304 1187 360 1230; x_wconf 89' lang='lat' dir='ltr'><strong>et</strong></span> <span class='ocrx_word' id='word_1_57' title='bbox 382 1179 419 1230; x_wconf 89' lang='lat'><strong>1.</strong></span> <span class='ocrx_word' id='word_1_58' title='bbox 444 1184 525 1229; x_wconf 84' lang='grc'><strong>15.</strong></span> <span class='ocrx_word' id='word_1_59' title='bbox 561 1193 677 1244; x_wconf 82' lang='lat' dir='ltr'><strong>cap.</strong></span> <span class='ocrx_word' id='word_1_60' title='bbox 693 1184 774 1230; x_wconf 88' lang='grc'><strong>14.</strong></span> <span class='ocrx_word' id='word_1_61' title='bbox 829 1180 1088 1230; x_wconf 79' lang='lat' dir='ltr'><strong>Malorum</strong></span> <span class='ocrx_word' id='word_1_62' title='bbox 1121 1188 1362 1244; x_wconf 80' lang='lat' dir='ltr'><strong>granato·</strong></span> 
     </span>
     <span class='ocr_line' id='line_1_11' title="bbox 299 1256 1362 1320; baseline 0.003 -16"><span class='ocrx_word' id='word_1_63' title='bbox 299 1269 412 1305; x_wconf 84' lang='lat' dir='ltr'><strong>rum</strong></span> <span class='ocrx_word' id='word_1_64' title='bbox 434 1270 626 1320; x_wconf 77' lang='lat' dir='ltr'><strong>genera</strong></span> <span class='ocrx_word' id='word_1_65' title='bbox 647 1256 782 1306; x_wconf 85' lang='lat' dir='ltr'><strong>duo:</strong></span> <span class='ocrx_word' id='word_1_66' title='bbox 836 1256 989 1306; x_wconf 86' lang='lat' dir='ltr'><strong>alteri</strong></span> <span class='ocrx_word' id='word_1_67' title='bbox 1027 1257 1241 1306; x_wconf 86' lang='lat' dir='ltr'><strong>nucleus</strong></span> <span class='ocrx_word' id='word_1_68' title='bbox 1277 1262 1362 1307; x_wconf 88' lang='lat' dir='ltr'><strong>est</strong></span> 
     </span>
     <span class='ocr_line' id='line_1_12' title="bbox 292 1323 1359 1396; baseline 0.005 -17"><span class='ocrx_word' id='word_1_69' title='bbox 292 1329 557 1395; x_wconf 78' lang='lat' dir='ltr'><strong>lignosus:</strong></span> <span class='ocrx_word' id='word_1_70' title='bbox 592 1323 861 1383; x_wconf 75' lang='lat' dir='ltr'><strong>alteri&#39;aut</strong></span> <span class='ocrx_word' id='word_1_71' title='bbox 887 1333 1077 1396; x_wconf 79' lang='lat' dir='ltr'><strong>nullus,</strong></span> <span class='ocrx_word' id='word_1_72' title='bbox 1101 1341 1191 1383; x_wconf 86' lang='lat' dir='ltr'><strong>aut</strong></span> <span class='ocrx_word' id='word_1_73' title='bbox 1213 1343 1359 1385; x_wconf 87' lang='lat' dir='ltr'><strong>certe</strong></span> 
     </span>
     <span class='ocr_line' id='line_1_13' title="bbox 296 1410 1359 1478; baseline 0.008 -20"><span class='ocrx_word' id='word_1_74' title='bbox 296 1410 570 1472; x_wconf 79' lang='lat' dir='ltr'><strong>minimus3</strong></span> <span class='ocrx_word' id='word_1_75' title='bbox 619 1411 687 1460; x_wconf 84' lang='lat' dir='ltr'><strong>ob</strong></span> <span class='ocrx_word' id='word_1_76' title='bbox 725 1412 778 1463; x_wconf 84' lang='lat' dir='ltr'><strong>id</strong></span> <span class='ocrx_word' id='word_1_77' title='bbox 817 1413 1167 1478; x_wconf 81' lang='lat' dir='ltr'><strong>‘apyrenum&#39;</strong></span> <span class='ocrx_word' id='word_1_78' title='bbox 1207 1429 1359 1466; x_wconf 85' lang='lat' dir='ltr'><strong>voca·</strong></span> 
     </span>
     <span class='ocr_line' id='line_1_14' title="bbox 297 1488 614 1542; baseline 0.009 -6"><span class='ocrx_word' id='word_1_79' title='bbox 297 1494 425 1542; x_wconf 82' lang='lat' dir='ltr'><strong>tum.</strong></span> <span class='ocrx_word' id='word_1_80' title='bbox 461 1488 614 1538; x_wconf 80' lang='lat' dir='ltr'><strong>Brod.</strong></span> 
     </span>
    </p>

    <p class='ocr_par' dir='ltr' id='par_1_4' title="bbox 293 1566 1361 1782">
     <span class='ocr_line' id='line_1_15' title="bbox 293 1566 1361 1635; baseline 0.011 -26"><span class='ocrx_word' id='word_1_81' title='bbox 293 1585 312 1608; x_wconf 63' lang='grc' dir='ltr'>η</span> <span class='ocrx_word' id='word_1_82' title='bbox 375 1568 408 1613; x_wconf 82' lang='grc'><strong>2</strong></span> <span class='ocrx_word' id='word_1_83' title='bbox 465 1566 551 1615; x_wconf 80' lang='lat' dir='ltr'><strong>De</strong></span> <span class='ocrx_word' id='word_1_84' title='bbox 595 1566 922 1632; x_wconf 69' lang='lat' dir='ltr'><strong>Nomentanis,</strong></span> <span class='ocrx_word' id='word_1_85' title='bbox 962 1570 1071 1635; x_wconf 55' lang='grc' dir='ltr'><strong>ξω]</strong></span> <span class='ocrx_word' id='word_1_86' title='bbox 1122 1570 1205 1620; x_wconf 83' lang='lat' dir='ltr'><strong>Ex</strong></span> <span class='ocrx_word' id='word_1_87' title='bbox 1240 1569 1361 1621; x_wconf 87' lang='lat' dir='ltr'><strong>villa</strong></span> 
     </span>
     <span class='ocr_line' id='line_1_16' title="bbox 298 1639 1357 1709; baseline 0.008 -21"><span class='ocrx_word' id='word_1_88' title='bbox 298 1653 417 1689; x_wconf 83' lang='lat' dir='ltr'><strong>mea</strong></span> <span class='ocrx_word' id='word_1_89' title='bbox 455 1639 506 1689; x_wconf 89' lang='lat' dir='ltr'><strong>in</strong></span> <span class='ocrx_word' id='word_1_90' title='bbox 552 1656 678 1705; x_wconf 83' lang='lat' dir='ltr'><strong>agro</strong></span> <span class='ocrx_word' id='word_1_91' title='bbox 716 1642 871 1695; x_wconf 87' lang='lat' dir='ltr'><strong>Nom.</strong></span> <span class='ocrx_word' id='word_1_92' title='bbox 926 1645 1014 1709; x_wconf 86' lang='lat' dir='ltr'><strong>qui</strong></span> <span class='ocrx_word' id='word_1_93' title='bbox 1067 1645 1135 1695; x_wconf 86' lang='lat' dir='ltr'><strong>ad</strong></span> <span class='ocrx_word' id='word_1_94' title='bbox 1169 1650 1256 1697; x_wconf 82' lang='lat'><strong>10.</strong></span> <span class='ocrx_word' id='word_1_95' title='bbox 1290 1646 1357 1697; x_wconf 83' lang='lat' dir='ltr'><strong>ab</strong></span> 
     </span>
     <span class='ocr_line' id='line_1_17' title="bbox 300 1717 713 1782; baseline 0.012 -16"><span class='ocrx_word' id='word_1_96' title='bbox 300 1717 442 1767; x_wconf 87' lang='lat' dir='ltr'><strong>Urbe</strong></span> <span class='ocrx_word' id='word_1_97' title='bbox 463 1718 713 1782; x_wconf 75' lang='lat' dir='ltr'><strong>lapidem.</strong></span> 
     </span>
    </p>

    <p class='ocr_par' dir='ltr' id='par_1_5' title="bbox 293 1793 1355 1942">
     <span class='ocr_line' id='line_1_18' title="bbox 362 1793 1355 1864; baseline 0.009 -21"><span class='ocrx_word' id='word_1_98' title='bbox 362 1793 530 1844; x_wconf 77' lang='lat' dir='ltr'><strong>Eme.</strong></span> <span class='ocrx_word' id='word_1_99' title='bbox 549 1809 711 1847; x_wconf 80' lang='lat' dir='ltr'><strong>xuu.</strong></span> <span class='ocrx_word' id='word_1_100' title='bbox 742 1802 775 1847; x_wconf 90' lang='grc'><strong>2</strong></span> <span class='ocrx_word' id='word_1_101' title='bbox 816 1797 986 1849; x_wconf 73' lang='lat' dir='ltr'><strong>Vm</strong></span> <span class='ocrx_word' id='word_1_102' title='bbox 1009 1800 1214 1864; x_wconf 65' lang='lat' dir='ltr'><strong>tuberes]</strong></span> <span class='ocrx_word' id='word_1_103' title='bbox 1246 1802 1355 1852; x_wconf 89' lang='lat' dir='ltr'><strong>Do-</strong></span> 
     </span>
     <span class='ocr_line' id='line_1_19' title="bbox 293 1869 1337 1942; baseline 0.01 -22"><span class='ocrx_word' id='word_1_104' title='bbox 293 1869 365 1920; x_wconf 87' lang='lat' dir='ltr'><strong>mi</strong></span> <span class='ocrx_word' id='word_1_105' title='bbox 387 1871 529 1922; x_wconf 81' lang='lat' dir='ltr'><strong>nati:</strong></span> <span class='ocrx_word' id='word_1_106' title='bbox 565 1879 624 1921; x_wconf 86' lang='lat' dir='ltr'><strong>ut</strong></span> <span class='ocrx_word' id='word_1_107' title='bbox 645 1875 964 1938; x_wconf 83' lang='lat' dir='ltr'><strong>praecedenti</strong></span> <span class='ocrx_word' id='word_1_108' title='bbox 985 1877 1169 1942; x_wconf 78' lang='lat' dir='ltr'><strong>Epigr.</strong></span> <span class='ocrx_word' id='word_1_109' title='bbox 1194 1893 1271 1931; x_wconf 79' lang='lat' dir='ltr'><strong>vs.</strong></span> <span class='ocrx_word' id='word_1_110' title='bbox 1288 1884 1337 1930; x_wconf 92' lang='grc'><strong>2.</strong></span> 
     </span>
    </p>

    <p class='ocr_par' dir='ltr' id='par_1_6' title="bbox 283 1949 1356 2559">
     <span class='ocr_line' id='line_1_20' title="bbox 357 1949 1356 2018; baseline 0.008 -20"><span class='ocrx_word' id='word_1_111' title='bbox 357 1949 691 2000; x_wconf 59' lang='lat' dir='ltr'><strong>Emmxnv.</strong></span> <span class='ocrx_word' id='word_1_112' title='bbox 727 1955 754 1999; x_wconf 92' lang='lat'>1</span> <span class='ocrx_word' id='word_1_113' title='bbox 795 1952 912 2002; x_wconf 82' lang='lat' dir='ltr'><strong>Esse</strong></span> <span class='ocrx_word' id='word_1_114' title='bbox 928 1954 1202 2018; x_wconf 50' lang='lat' dir='ltr'><strong>patena-m]</strong></span> <span class='ocrx_word' id='word_1_115' title='bbox 1236 1956 1356 2005; x_wconf 89' lang='lat' dir='ltr'><strong>Nou</strong></span> 
     </span>
     <span class='ocr_line' id='line_1_21' title="bbox 291 2024 1355 2096; baseline 0.007 -22"><span class='ocrx_word' id='word_1_116' title='bbox 291 2024 478 2074; x_wconf 87' lang='lat' dir='ltr'><strong>credas</strong></span> <span class='ocrx_word' id='word_1_117' title='bbox 512 2024 611 2076; x_wconf 85' lang='lat' dir='ltr'><strong>boc</strong></span> <span class='ocrx_word' id='word_1_118' title='bbox 639 2024 891 2078; x_wconf 76' lang='lat' dir='ltr'>farcimen</span> <span class='ocrx_word' id='word_1_119' title='bbox 928 2042 1042 2079; x_wconf 89' lang='lat' dir='ltr'><strong>esse</strong></span> <span class='ocrx_word' id='word_1_120' title='bbox 1077 2044 1108 2079; x_wconf 90' lang='lat' dir='ltr'><strong>e</strong></span> <span class='ocrx_word' id='word_1_121' title='bbox 1146 2031 1355 2096; x_wconf 85' lang='lat' dir='ltr'><strong>papillis</strong></span> 
     </span>
     <span class='ocr_line' id='line_1_22' title="bbox 291 2101 1353 2169; baseline 0.01 -18"><span class='ocrx_word' id='word_1_122' title='bbox 291 2101 397 2152; x_wconf 84' lang='lat' dir='ltr'><strong>suis</strong></span> <span class='ocrx_word' id='word_1_123' title='bbox 422 2118 454 2152; x_wconf 89' lang='lat' dir='ltr'><strong>a</strong></span> <span class='ocrx_word' id='word_1_124' title='bbox 468 2109 618 2168; x_wconf 86' lang='lat' dir='ltr'><strong>partu</strong></span> <span class='ocrx_word' id='word_1_125' title='bbox 636 2118 785 2155; x_wconf 68' lang='lat' dir='ltr'><strong>coesae</strong></span> <span class='ocrx_word' id='word_1_126' title='bbox 802 2108 1043 2169; x_wconf 85' lang='lat' dir='ltr'><strong>resectis,</strong></span> <span class='ocrx_word' id='word_1_127' title='bbox 1056 2108 1149 2158; x_wconf 84' lang='lat' dir='ltr'><strong>sed</strong></span> <span class='ocrx_word' id='word_1_128' title='bbox 1171 2109 1353 2161; x_wconf 84' lang='lat' dir='ltr'><strong>etiam-</strong></span> 
     </span>
     <span class='ocr_line' id='line_1_23' title="bbox 283 2178 1354 2249; baseline 0.008 -21"><span class='ocrx_word' id='word_1_129' title='bbox 283 2178 418 2229; x_wconf 87' lang='lat' dir='ltr'><strong>&#39;dum</strong></span> <span class='ocrx_word' id='word_1_130' title='bbox 439 2180 619 2230; x_wconf 82' lang='lat' dir='ltr'><strong>vivere</strong></span> <span class='ocrx_word' id='word_1_131' title='bbox 641 2179 694 2229; x_wconf 89' lang='lat' dir='ltr'><strong>in</strong></span> <span class='ocrx_word' id='word_1_132' title='bbox 718 2196 811 2232; x_wconf 86' lang='lat' dir='ltr'><strong>sue</strong></span> <span class='ocrx_word' id='word_1_133' title='bbox 834 2184 1079 2249; x_wconf 75' lang='lat' dir='ltr'><strong>papillas,</strong></span> <span class='ocrx_word' id='word_1_134' title='bbox 1113 2184 1192 2235; x_wconf 83' lang='lat' dir='ltr'><strong>ita</strong></span> <span class='ocrx_word' id='word_1_135' title='bbox 1213 2186 1354 2237; x_wconf 89' lang='lat' dir='ltr'><strong>lacte</strong></span> 
     </span>
     <span class='ocr_line' id='line_1_24' title="bbox 289 2257 1355 2326; baseline 0.009 -21"><span class='ocrx_word' id='word_1_136' title='bbox 289 2257 579 2308; x_wconf 72' lang='lat' dir='ltr'><strong>exundant.</strong></span> <span class='ocrx_word' id='word_1_137' title='bbox 609 2258 921 2325; x_wconf 82' lang='lat' dir='ltr'><strong>Scriverius,</strong></span> <span class='ocrx_word' id='word_1_138' title='bbox 966 2262 1085 2312; x_wconf 80' lang='lat' dir='ltr'><strong>Esse</strong></span> <span class='ocrx_word' id='word_1_139' title='bbox 1112 2268 1355 2326; x_wconf 62' lang='lat' dir='ltr'><strong>poleam·</strong></span> 
     </span>
     <span class='ocr_line' id='line_1_25' title="bbox 287 2334 1352 2403; baseline 0.008 -21"><span class='ocrx_word' id='word_1_140' title='bbox 287 2334 402 2382; x_wconf 72' lang='lat' dir='ltr'><strong>dm</strong></span> <span class='ocrx_word' id='word_1_141' title='bbox 432 2348 631 2384; x_wconf 64' lang='lat' dir='ltr'><strong>umen.-</strong></span> <span class='ocrx_word' id='word_1_142' title='bbox 672 2349 792 2385; x_wconf 89' lang='lat' dir='ltr'><strong>nam</strong></span> <span class='ocrx_word' id='word_1_143' title='bbox 827 2337 974 2401; x_wconf 88' lang='lat' dir='ltr'><strong>alias,</strong></span> <span class='ocrx_word' id='word_1_144' title='bbox 1004 2338 1191 2403; x_wconf 83' lang='lat' dir='ltr'><strong>inquit,</strong></span> <span class='ocrx_word' id='word_1_145' title='bbox 1233 2354 1352 2390; x_wconf 87' lang='lat' dir='ltr'><strong>cum</strong></span> 
     </span>
     <span class='ocr_line' id='line_1_26' title="bbox 289 2411 1352 2483; baseline 0.008 -22"><span class='ocrx_word' id='word_1_146' title='bbox 289 2411 457 2462; x_wconf 86' lang='lat' dir='ltr'><strong>muria</strong></span> <span class='ocrx_word' id='word_1_147' title='bbox 489 2411 741 2478; x_wconf 82' lang='lat' dir='ltr'><strong>thynnive</strong></span> <span class='ocrx_word' id='word_1_148' title='bbox 777 2415 1059 2481; x_wconf 77' lang='lat' dir='ltr'><strong>liquamine</strong></span> <span class='ocrx_word' id='word_1_149' title='bbox 1094 2422 1186 2467; x_wconf 85' lang='lat' dir='ltr'><strong>aut</strong></span> <span class='ocrx_word' id='word_1_150' title='bbox 1225 2431 1352 2483; x_wconf 77' lang='lat' dir='ltr'><strong>garo</strong></span> 
     </span>
     <span class='ocr_line' id='line_1_27' title="bbox 289 2490 1351 2559; baseline 0.006 -20"><span class='ocrx_word' id='word_1_151' title='bbox 289 2490 671 2556; x_wconf 84' lang='lat' dir='ltr'><strong>apponebatur.</strong></span> <span class='ocrx_word' id='word_1_152' title='bbox 708 2492 864 2543; x_wconf 83' lang='lat' dir='ltr'><strong>Hand</strong></span> <span class='ocrx_word' id='word_1_153' title='bbox 887 2494 997 2544; x_wconf 88' lang='lat' dir='ltr'><strong>scio</strong></span> <span class='ocrx_word' id='word_1_154' title='bbox 1019 2509 1172 2559; x_wconf 78' lang='lat' dir='ltr'><strong>quarn</strong></span> <span class='ocrx_word' id='word_1_155' title='bbox 1196 2494 1351 2545; x_wconf 88' lang='lat' dir='ltr'><strong>bene.</strong></span> 
     </span>
    </p>

    <p class='ocr_par' dir='ltr' id='par_1_7' title="bbox 283 2568 1354 3093">
     <span class='ocr_line' id='line_1_28' title="bbox 353 2568 1354 2635; baseline 0.003 -17"><span class='ocrx_word' id='word_1_156' title='bbox 353 2568 519 2619; x_wconf 77' lang='lat' dir='ltr'><strong>Eme.</strong></span> <span class='ocrx_word' id='word_1_157' title='bbox 542 2581 672 2618; x_wconf 74' lang='lat' dir='ltr'><strong>nv.</strong></span> <span class='ocrx_word' id='word_1_158' title='bbox 708 2574 734 2619; x_wconf 94' lang='lat'>1</span> <span class='ocrx_word' id='word_1_159' title='bbox 760 2569 952 2635; x_wconf 73' lang='lat' dir='ltr'><strong>Libyca</strong></span> <span class='ocrx_word' id='word_1_160' title='bbox 971 2570 1106 2620; x_wconf 72' lang='lat' dir='ltr'><strong>nobis</strong></span> <span class='ocrx_word' id='word_1_161' title='bbox 1124 2569 1354 2633; x_wconf 70' lang='lat' dir='ltr'><strong>voluens]</strong></span> 
     </span>
     <span class='ocr_line' id='line_1_29' title="bbox 290 2645 1352 2713; baseline 0 -17"><span class='ocrx_word' id='word_1_162' title='bbox 290 2645 530 2710; x_wconf 70' lang='lat' dir='ltr'><strong>Gaineys,</strong></span> <span class='ocrx_word' id='word_1_163' title='bbox 576 2648 786 2713; x_wconf 58' lang='grc' dir='ltr'>ειη-Κεφ.</span> <span class='ocrx_word' id='word_1_164' title='bbox 816 2647 976 2711; x_wconf 77' lang='lat' dir='ltr'><strong>Angl.</strong></span> <span class='ocrx_word' id='word_1_165' title='bbox 1016 2646 1082 2696; x_wconf 90' lang='lat' dir='ltr'><strong>Id</strong></span> <span class='ocrx_word' id='word_1_166' title='bbox 1126 2653 1241 2697; x_wconf 85' lang='lat' dir='ltr'><strong>est:</strong></span> <span class='ocrx_word' id='word_1_167' title='bbox 1294 2647 1352 2697; x_wconf 79' lang='lat' dir='ltr'><strong>si</strong></span> 
     </span>
     <span class='ocr_line' id='line_1_30' title="bbox 285 2722 1352 2793; baseline 0.001 -21"><span class='ocrx_word' id='word_1_168' title='bbox 285 2722 412 2772; x_wconf 78' lang='lat' dir='ltr'><strong>mihi</strong></span> <span class='ocrx_word' id='word_1_169' title='bbox 432 2722 584 2793; x_wconf 86' lang='lat' dir='ltr'><strong>copia</strong></span> <span class='ocrx_word' id='word_1_170' title='bbox 600 2732 741 2773; x_wconf 90' lang='lat' dir='ltr'><strong>esset</strong></span> <span class='ocrx_word' id='word_1_171' title='bbox 754 2724 1145 2788; x_wconf 77' lang='lat' dir='ltr'><strong>peregrinarum</strong></span> <span class='ocrx_word' id='word_1_172' title='bbox 1164 2723 1352 2789; x_wconf 80' lang='lat' dir='ltr'><strong>avium,</strong></span> 
     </span>
     <span class='ocr_line' id='line_1_31' title="bbox 284 2798 1352 2864; baseline 0.003 -16"><span class='ocrx_word' id='word_1_173' title='bbox 284 2798 402 2849; x_wconf 82' lang='lat' dir='ltr'><strong>illas</strong></span> <span class='ocrx_word' id='word_1_174' title='bbox 425 2800 689 2851; x_wconf 87' lang='lat' dir='ltr'><strong>mitterem</strong></span> <span class='ocrx_word' id='word_1_175' title='bbox 709 2815 725 2861; x_wconf 88' lang='lat'>;</span> <span class='ocrx_word' id='word_1_176' title='bbox 760 2815 879 2864; x_wconf 77' lang='lat' dir='ltr'><strong>quae</strong></span> <span class='ocrx_word' id='word_1_177' title='bbox 907 2814 1026 2850; x_wconf 88' lang='lat' dir='ltr'><strong>cum</strong></span> <span class='ocrx_word' id='word_1_178' title='bbox 1049 2799 1242 2862; x_wconf 81' lang='lat' dir='ltr'><strong>desint,</strong></span> <span class='ocrx_word' id='word_1_179' title='bbox 1262 2801 1352 2851; x_wconf 87' lang='lat' dir='ltr'><strong>bo·</strong></span> 
     </span>
     <span class='ocr_line' id='line_1_32' title="bbox 285 2875 1352 2940; baseline 0.003 -15"><span class='ocrx_word' id='word_1_180' title='bbox 285 2875 341 2925; x_wconf 83' lang='lat' dir='ltr'><strong>ni</strong></span> <span class='ocrx_word' id='word_1_181' title='bbox 382 2877 594 2926; x_wconf 82' lang='lat' dir='ltr'><strong>consule</strong></span> <span class='ocrx_word' id='word_1_182' title='bbox 626 2876 961 2927; x_wconf 84' lang='lat' dir='ltr'><strong>domesticas.</strong></span> <span class='ocrx_word' id='word_1_183' title='bbox 994 2876 1209 2940; x_wconf 72' lang='lat' dir='ltr'><strong>Libyca]</strong></span> <span class='ocrx_word' id='word_1_184' title='bbox 1244 2877 1352 2928; x_wconf 88' lang='lat' dir='ltr'><strong>Nn·</strong></span> 
     </span>
     <span class='ocr_line' id='line_1_33' title="bbox 283 2951 1352 3020; baseline 0.004 -18"><span class='ocrx_word' id='word_1_185' title='bbox 283 2952 502 3004; x_wconf 76' lang='lat' dir='ltr'><strong>midicas</strong></span> <span class='ocrx_word' id='word_1_186' title='bbox 525 2953 742 3017; x_wconf 79' lang='lat' dir='ltr'><strong>gallinas</strong></span> <span class='ocrx_word' id='word_1_187' title='bbox 763 2952 909 3004; x_wconf 83' lang='lat' dir='ltr'><strong>dicit.</strong></span> <span class='ocrx_word' id='word_1_188' title='bbox 936 2954 1164 3003; x_wconf 75' lang='lat' dir='ltr'><strong>Phasides</strong></span> <span class='ocrx_word' id='word_1_189' title='bbox 1178 2951 1352 3020; x_wconf 63' lang='lat' dir='ltr'><strong>baone]</strong></span> 
     </span>
     <span class='ocr_line' id='line_1_34' title="bbox 290 3027 1061 3093; baseline -0.001 -14"><span class='ocrx_word' id='word_1_190' title='bbox 290 3027 568 3079; x_wconf 81' lang='lat' dir='ltr'><strong>Pbasiani:</strong></span> <span class='ocrx_word' id='word_1_191' title='bbox 602 3027 758 3091; x_wconf 86' lang='lat' dir='ltr'><strong>infra,</strong></span> <span class='ocrx_word' id='word_1_192' title='bbox 778 3027 1061 3093; x_wconf 74' lang='lat' dir='ltr'><strong>Epigr.⁷2.</strong></span> 
     </span>
    </p>

    <p class='ocr_par' dir='ltr' id='par_1_8' title="bbox 350 3103 1349 3171">
     <span class='ocr_line' id='line_1_35' title="bbox 350 3103 1349 3171; baseline 0.005 -17"><span class='ocrx_word' id='word_1_193' title='bbox 350 3108 383 3154; x_wconf 91' lang='grc'><strong>2</strong></span> <span class='ocrx_word' id='word_1_194' title='bbox 410 3104 573 3154; x_wconf 77' lang='lat' dir='ltr'><strong>Certis</strong></span> <span class='ocrx_word' id='word_1_195' title='bbox 587 3103 720 3168; x_wconf 76' lang='lat' dir='ltr'><strong>aves]</strong></span> <span class='ocrx_word' id='word_1_196' title='bbox 738 3105 918 3171; x_wconf 77' lang='lat' dir='ltr'><strong>Epigr.</strong></span> <span class='ocrx_word' id='word_1_197' title='bbox 931 3107 1067 3156; x_wconf 87' lang='grc'><strong>40.1.</strong></span> <span class='ocrx_word' id='word_1_198' title='bbox 1083 3111 1135 3158; x_wconf 83' lang='grc'><strong>7.</strong></span> <span class='ocrx_word' id='word_1_199' title='bbox 1155 3121 1288 3158; x_wconf 85' lang='lat' dir='ltr'><strong>vers.</strong></span> <span class='ocrx_word' id='word_1_200' title='bbox 1302 3113 1349 3160; x_wconf 90' lang='lat'><strong>1.</strong></span> 
     </span>
    </p>

    <p class='ocr_par' dir='ltr' id='par_1_9' title="bbox 279 3182 1350 3770">
     <span class='ocr_line' id='line_1_36' title="bbox 351 3182 1350 3249; baseline 0.001 -17"><span class='ocrx_word' id='word_1_201' title='bbox 351 3182 517 3232; x_wconf 69' lang='lat' dir='ltr'><strong>Erre.</strong></span> <span class='ocrx_word' id='word_1_202' title='bbox 532 3195 685 3232; x_wconf 72' lang='grc' dir='ltr'>ιινι.</span> <span class='ocrx_word' id='word_1_203' title='bbox 726 3183 940 3232; x_wconf 80' lang='lat' dir='ltr'><strong>Lemma</strong></span> <span class='ocrx_word' id='word_1_204' title='bbox 967 3183 1066 3232; x_wconf 86' lang='lat' dir='ltr'><strong>hoc</strong></span> <span class='ocrx_word' id='word_1_205' title='bbox 1087 3186 1350 3249; x_wconf 77' lang='lat' dir='ltr'><strong>corrigen-</strong></span> 
     </span>
     <span class='ocr_line' id='line_1_37' title="bbox 288 3257 1348 3325; baseline 0.001 -15"><span class='ocrx_word' id='word_1_206' title='bbox 288 3259 416 3310; x_wconf 89' lang='lat' dir='ltr'><strong>dum</strong></span> <span class='ocrx_word' id='word_1_207' title='bbox 432 3258 591 3309; x_wconf 70' lang='lat' dir='ltr'><strong>*dicit</strong></span> <span class='ocrx_word' id='word_1_208' title='bbox 630 3257 926 3321; x_wconf 72' lang='lat' dir='ltr'><strong>Salmasius,</strong></span> <span class='ocrx_word' id='word_1_209' title='bbox 965 3260 1348 3325; x_wconf 77' lang='lat' dir='ltr'><strong>legendumque</strong></span> 
     </span>
     <span class='ocr_line' id='line_1_38' title="bbox 275 3335 1349 3400; baseline 0 -14"><span class='ocrx_word' id='word_1_210' title='bbox 275 3338 547 3400; x_wconf 74' lang='lat' dir='ltr'><strong>Proecoqua</strong></span> <span class='ocrx_word' id='word_1_211' title='bbox 567 3337 879 3400; x_wconf 68' lang='lat' dir='ltr'><strong>ncipereica.</strong></span> <span class='ocrx_word' id='word_1_212' title='bbox 915 3335 1049 3386; x_wconf 73' lang='lat' dir='ltr'><strong>Haec</strong></span> <span class='ocrx_word' id='word_1_213' title='bbox 1067 3343 1188 3385; x_wconf 87' lang='lat' dir='ltr'><strong>sunt</strong></span> <span class='ocrx_word' id='word_1_214' title='bbox 1217 3335 1349 3386; x_wconf 68' lang='grc' dir='ltr'><strong>ι·Αι·</strong></span> 
     </span>
     <span class='ocr_line' id='line_1_39' title="bbox 279 3411 1349 3477; baseline -0.002 -12"><span class='ocrx_word' id='word_1_215' title='bbox 279 3414 519 3465; x_wconf 88' lang='lat' dir='ltr'><strong>meniaca</strong></span> <span class='ocrx_word' id='word_1_216' title='bbox 539 3411 861 3477; x_wconf 85' lang='lat' dir='ltr'><strong>nucipruna’</strong></span> <span class='ocrx_word' id='word_1_217' title='bbox 897 3411 1074 3463; x_wconf 87' lang='lat' dir='ltr'><strong>Plinii.</strong></span> <span class='ocrx_word' id='word_1_218' title='bbox 1107 3412 1349 3463; x_wconf 78' lang='lat' dir='ltr'><strong>‘-Praeco</strong></span> 
     </span>
     <span class='ocr_line' id='line_1_40' title="bbox 280 3487 1349 3557; baseline 0 -18"><span class='ocrx_word' id='word_1_219' title='bbox 280 3488 416 3557; x_wconf 87' lang='lat' dir='ltr'><strong>qua’</strong></span> <span class='ocrx_word' id='word_1_220' title='bbox 455 3490 538 3539; x_wconf 80' lang='lat' dir='ltr'><strong>vel</strong></span> <span class='ocrx_word' id='word_1_221' title='bbox 578 3487 896 3552; x_wconf 83' lang='lat' dir='ltr'><strong>‘praecocia&#39;</strong></span> <span class='ocrx_word' id='word_1_222' title='bbox 949 3487 1179 3538; x_wconf 87' lang='lat' dir='ltr'><strong>Persica</strong></span> <span class='ocrx_word' id='word_1_223' title='bbox 1197 3497 1349 3551; x_wconf 87' lang='lat' dir='ltr'><strong>sunt,</strong></span> 
     </span>
     <span class='ocr_line' id='line_1_41' title="bbox 280 3564 1347 3631; baseline -0.001 -15"><span class='ocrx_word' id='word_1_224' title='bbox 280 3574 444 3631; x_wconf 85' lang='lat' dir='ltr'><strong>atque</strong></span> <span class='ocrx_word' id='word_1_225' title='bbox 458 3565 535 3616; x_wconf 89' lang='lat' dir='ltr'><strong>ita</strong></span> <span class='ocrx_word' id='word_1_226' title='bbox 552 3564 900 3615; x_wconf 88' lang='lat' dir='ltr'><strong>dicebantur‘</strong></span> <span class='ocrx_word' id='word_1_227' title='bbox 918 3564 1133 3614; x_wconf 84' lang='lat' dir='ltr'><strong>Persica</strong></span> <span class='ocrx_word' id='word_1_228' title='bbox 1148 3579 1347 3628; x_wconf 80' lang='lat' dir='ltr'><strong>praeco·</strong></span> 
     </span>
     <span class='ocr_line' id='line_1_42' title="bbox 282 3639 1349 3708; baseline -0.003 -14"><span class='ocrx_word' id='word_1_229' title='bbox 282 3642 403 3708; x_wconf 89' lang='lat' dir='ltr'><strong>cia,’</strong></span> <span class='ocrx_word' id='word_1_230' title='bbox 439 3649 501 3693; x_wconf 90' lang='lat' dir='ltr'><strong>ut</strong></span> <span class='ocrx_word' id='word_1_231' title='bbox 538 3643 755 3694; x_wconf 89' lang='lat' dir='ltr'><strong>Persica</strong></span> <span class='ocrx_word' id='word_1_232' title='bbox 791 3642 1059 3706; x_wconf 85' lang='lat' dir='ltr'><strong>duracina,</strong></span> <span class='ocrx_word' id='word_1_233' title='bbox 1098 3639 1349 3707; x_wconf 80' lang='lat' dir='ltr'><strong>Asiatica,</strong></span> 
     </span>
     <span class='ocr_line' id='line_1_43' title="bbox 281 3722 388 3770; baseline 0 -1"><span class='ocrx_word' id='word_1_234' title='bbox 281 3722 388 3770; x_wconf 74' lang='lat' dir='ltr'><strong>&amp;c-</strong></span> 
     </span>
    </p>

    <p class='ocr_par' dir='ltr' id='par_1_10' title="bbox 276 3793 1346 4405">
     <span class='ocr_line' id='line_1_44' title="bbox 348 3793 1346 3861; baseline -0.001 -14"><span class='ocrx_word' id='word_1_235' title='bbox 348 3801 383 3847; x_wconf 90' lang='grc'><strong>2</strong></span> <span class='ocrx_word' id='word_1_236' title='bbox 418 3795 563 3845; x_wconf 71' lang='lat' dir='ltr'><strong>Nunc</strong></span> <span class='ocrx_word' id='word_1_237' title='bbox 584 3795 638 3845; x_wconf 76' lang='lat' dir='ltr'><strong>in</strong></span> <span class='ocrx_word' id='word_1_238' title='bbox 664 3793 921 3859; x_wconf 71' lang='lat' dir='ltr'><strong>adoptivis,</strong></span> <span class='ocrx_word' id='word_1_239' title='bbox 941 3793 1049 3858; x_wconf 57' lang='grc' dir='ltr'><strong>ξω]</strong></span> <span class='ocrx_word' id='word_1_240' title='bbox 1097 3793 1183 3845; x_wconf 86' lang='lat' dir='ltr'><strong>An</strong></span> <span class='ocrx_word' id='word_1_241' title='bbox 1223 3794 1346 3861; x_wconf 85' lang='lat' dir='ltr'><strong>quia</strong></span> 
     </span>
     <span class='ocr_line' id='line_1_45' title="bbox 280 3870 1344 3935; baseline 0 -11"><span class='ocrx_word' id='word_1_242' title='bbox 280 3874 334 3923; x_wconf 90' lang='lat' dir='ltr'><strong>in</strong></span> <span class='ocrx_word' id='word_1_243' title='bbox 356 3873 539 3924; x_wconf 83' lang='lat' dir='ltr'><strong>nativa</strong></span> <span class='ocrx_word' id='word_1_244' title='bbox 576 3873 742 3935; x_wconf 83' lang='lat' dir='ltr'><strong>stirpe</strong></span> <span class='ocrx_word' id='word_1_245' title='bbox 775 3870 931 3933; x_wconf 78' lang='lat' dir='ltr'><strong>vilia3</strong></span> <span class='ocrx_word' id='word_1_246' title='bbox 981 3886 1151 3935; x_wconf 91' lang='lat' dir='ltr'><strong>pruno</strong></span> <span class='ocrx_word' id='word_1_247' title='bbox 1185 3871 1344 3924; x_wconf 85' lang='lat' dir='ltr'><strong>insita</strong></span> 
     </span>
     <span class='ocr_line' id='line_1_46' title="bbox 276 3948 1342 4003; baseline 0 -1"><span class='ocrx_word' id='word_1_248' title='bbox 276 3951 413 4002; x_wconf 83' lang='lat' dir='ltr'><strong>fiunt</strong></span> <span class='ocrx_word' id='word_1_249' title='bbox 432 3949 653 4000; x_wconf 89' lang='lat' dir='ltr'><strong>nobilia?</strong></span> <span class='ocrx_word' id='word_1_250' title='bbox 687 3956 747 3998; x_wconf 89' lang='lat' dir='ltr'><strong>ut</strong></span> <span class='ocrx_word' id='word_1_251' title='bbox 767 3948 928 3998; x_wconf 82' lang='lat' dir='ltr'><strong>habet</strong></span> <span class='ocrx_word' id='word_1_252' title='bbox 945 3948 1151 3999; x_wconf 85' lang='lat' dir='ltr'><strong>Pallad.</strong></span> <span class='ocrx_word' id='word_1_253' title='bbox 1186 3949 1277 4000; x_wconf 86' lang='lat' dir='ltr'><strong>lib.</strong></span> <span class='ocrx_word' id='word_1_254' title='bbox 1293 3955 1342 4003; x_wconf 80' lang='lat'><strong>4.</strong></span> 
     </span>
     <span class='ocr_line' id='line_1_47' title="bbox 277 4024 1343 4092; baseline -0.001 -15"><span class='ocrx_word' id='word_1_255' title='bbox 277 4027 464 4077; x_wconf 83' lang='lat' dir='ltr'><strong>deins.</strong></span> <span class='ocrx_word' id='word_1_256' title='bbox 506 4024 589 4075; x_wconf 91' lang='lat' dir='ltr'><strong>An</strong></span> <span class='ocrx_word' id='word_1_257' title='bbox 609 4027 732 4092; x_wconf 86' lang='lat' dir='ltr'><strong>quia</strong></span> <span class='ocrx_word' id='word_1_258' title='bbox 755 4025 807 4073; x_wconf 89' lang='lat' dir='ltr'><strong>in</strong></span> <span class='ocrx_word' id='word_1_259' title='bbox 830 4039 921 4074; x_wconf 86' lang='lat' dir='ltr'><strong>sua</strong></span> <span class='ocrx_word' id='word_1_260' title='bbox 943 4025 1157 4075; x_wconf 78' lang='lat' dir='ltr'><strong>Perside</strong></span> <span class='ocrx_word' id='word_1_261' title='bbox 1186 4025 1343 4076; x_wconf 81' lang='lat' dir='ltr'><strong>noxia</strong></span> 
     </span>
     <span class='ocr_line' id='line_1_48' title="bbox 276 4100 1342 4161; baseline -0.003 -7"><span class='ocrx_word' id='word_1_262' title='bbox 276 4110 350 4154; x_wconf 62' lang='lat' dir='ltr'><strong>et⁴</strong></span> <span class='ocrx_word' id='word_1_263' title='bbox 367 4116 665 4161; x_wconf 82' lang='lat' dir='ltr'><strong>venenosa,</strong></span> <span class='ocrx_word' id='word_1_264' title='bbox 650 4116 663 4129; x_wconf 92' lang='lat'><strong>·</strong></span> <span class='ocrx_word' id='word_1_265' title='bbox 716 4100 810 4150; x_wconf 90' lang='lat' dir='ltr'><strong>sed</strong></span> <span class='ocrx_word' id='word_1_266' title='bbox 834 4100 1087 4148; x_wconf 84' lang='lat' dir='ltr'><strong>translata</strong></span> <span class='ocrx_word' id='word_1_267' title='bbox 1118 4107 1342 4151; x_wconf 85' lang='lat' dir='ltr'><strong>mutato·</strong></span> 
     </span>
     <span class='ocr_line' id='line_1_49' title="bbox 279 4175 1339 4247; baseline -0.003 -16"><span class='ocrx_word' id='word_1_268' title='bbox 279 4195 384 4247; x_wconf 86' lang='lat' dir='ltr'><strong>que</strong></span> <span class='ocrx_word' id='word_1_269' title='bbox 404 4179 535 4230; x_wconf 81' lang='lat' dir='ltr'><strong>coelo</strong></span> <span class='ocrx_word' id='word_1_270' title='bbox 558 4184 616 4228; x_wconf 92' lang='lat' dir='ltr'><strong>et</strong></span> <span class='ocrx_word' id='word_1_271' title='bbox 638 4177 749 4227; x_wconf 84' lang='lat' dir='ltr'><strong>solo</strong></span> <span class='ocrx_word' id='word_1_272' title='bbox 770 4176 947 4227; x_wconf 83' lang='lat' dir='ltr'><strong>dulcia</strong></span> <span class='ocrx_word' id='word_1_273' title='bbox 968 4175 1099 4227; x_wconf 77' lang='lat' dir='ltr'><strong>fiunt</strong></span> <span class='ocrx_word' id='word_1_274' title='bbox 1125 4189 1181 4228; x_wconf 90' lang='lat' dir='ltr'><strong>et</strong></span> <span class='ocrx_word' id='word_1_275' title='bbox 1202 4179 1339 4228; x_wconf 85' lang='lat' dir='ltr'><strong>salu·</strong></span> 
     </span>
     <span class='ocr_line' id='line_1_50' title="bbox 276 4254 1344 4321; baseline -0.004 -12"><span class='ocrx_word' id='word_1_276' title='bbox 276 4258 426 4309; x_wconf 82' lang='lat' dir='ltr'><strong>bria?</strong></span> <span class='ocrx_word' id='word_1_277' title='bbox 459 4271 527 4306; x_wconf 82' lang='lat' dir='ltr'><strong>ex</strong></span> <span class='ocrx_word' id='word_1_278' title='bbox 561 4255 807 4321; x_wconf 87' lang='lat' dir='ltr'><strong>opinione</strong></span> <span class='ocrx_word' id='word_1_279' title='bbox 840 4254 1155 4306; x_wconf 84' lang='lat' dir='ltr'><strong>Columelloe.</strong></span> <span class='ocrx_word' id='word_1_280' title='bbox 1188 4255 1344 4311; x_wconf 83' lang='lat' dir='ltr'><strong>Vide</strong></span> 
     </span>
     <span class='ocr_line' id='line_1_51' title="bbox 279 4331 1342 4405; baseline -0.002 -19"><span class='ocrx_word' id='word_1_281' title='bbox 279 4334 478 4404; x_wconf 76' lang='grc' dir='ltr'>ΑΙοίιιι.</span> <span class='ocrx_word' id='word_1_282' title='bbox 502 4331 760 4405; x_wconf 71' lang='lat' dir='ltr'><strong>Emblem.</strong></span> <span class='ocrx_word' id='word_1_283' title='bbox 796 4334 908 4382; x_wconf 89' lang='grc'><strong>142.</strong></span> <span class='ocrx_word' id='word_1_284' title='bbox 940 4336 997 4382; x_wconf 91' lang='lat' dir='ltr'><strong>et</strong></span> <span class='ocrx_word' id='word_1_285' title='bbox 1034 4331 1218 4393; x_wconf 87' lang='lat' dir='ltr'><strong>Claud.</strong></span> <span class='ocrx_word' id='word_1_286' title='bbox 1239 4333 1342 4384; x_wconf 87' lang='lat' dir='ltr'><strong>Mi-</strong></span> 
     </span>
    </p>
   </div>
   <div class='ocr_carea' id='block_1_3' title="bbox 2329 416 2497 482">
    <p class='ocr_par' dir='ltr' id='par_1_11' title="bbox 2329 416 2497 482">
     <span class='ocr_line' id='line_1_52' title="bbox 2329 416 2497 482; baseline 0.012 -2"><span class='ocrx_word' id='word_1_287' title='bbox 2329 416 2497 482; x_wconf 76' lang='lat'>14:31</span> 
     </span>
    </p>
   </div>
   <div class='ocr_carea' id='block_1_4' title="bbox 1429 566 2499 2018">
    <p class='ocr_par' dir='ltr' id='par_1_12' title="bbox 1440 566 2154 624">
     <span class='ocr_line' id='line_1_53' title="bbox 1440 566 2154 624; baseline 0.01 -6"><span class='ocrx_word' id='word_1_288' title='bbox 1440 568 1594 619; x_wconf 69' lang='lat' dir='ltr'><strong>noem</strong></span> <span class='ocrx_word' id='word_1_289' title='bbox 1617 570 1683 620; x_wconf 90' lang='lat' dir='ltr'><strong>ad</strong></span> <span class='ocrx_word' id='word_1_290' title='bbox 1708 570 1846 622; x_wconf 86' lang='lat' dir='ltr'><strong>idem</strong></span> <span class='ocrx_word' id='word_1_291' title='bbox 1869 566 2154 624; x_wconf 84' lang='lat' dir='ltr'><strong>Emblema.</strong></span> 
     </span>
    </p>

    <p class='ocr_par' dir='ltr' id='par_1_13' title="bbox 1435 646 2499 929">
     <span class='ocr_line' id='line_1_54' title="bbox 1439 646 2499 719; baseline 0.015 -25"><span class='ocrx_word' id='word_1_292' title='bbox 1439 671 1446 674; x_wconf 91' lang='lat'>-</span> <span class='ocrx_word' id='word_1_293' title='bbox 1507 646 1669 699; x_wconf 76' lang='lat' dir='ltr'><strong>Eme.</strong></span> <span class='ocrx_word' id='word_1_294' title='bbox 1688 662 1866 701; x_wconf 69' lang='lat' dir='ltr'><strong>xnvn.</strong></span> <span class='ocrx_word' id='word_1_295' title='bbox 1888 655 1913 700; x_wconf 88' lang='lat' dir='ltr'><strong>l</strong></span> <span class='ocrx_word' id='word_1_296' title='bbox 1941 651 2190 703; x_wconf 76' lang='lat' dir='ltr'><strong>Picentina</strong></span> <span class='ocrx_word' id='word_1_297' title='bbox 2211 654 2375 719; x_wconf 81' lang='lat' dir='ltr'><strong>Ceres]</strong></span> <span class='ocrx_word' id='word_1_298' title='bbox 2396 658 2499 710; x_wconf 82' lang='lat' dir='ltr'><strong>Pa·</strong></span> 
     </span>
     <span class='ocr_line' id='line_1_55' title="bbox 1435 721 2498 790; baseline 0.012 -19"><span class='ocrx_word' id='word_1_299' title='bbox 1435 721 1520 772; x_wconf 88' lang='lat' dir='ltr'><strong>nis</strong></span> <span class='ocrx_word' id='word_1_300' title='bbox 1577 724 1883 777; x_wconf 72' lang='lat' dir='ltr'><strong>Picentinus</strong></span> <span class='ocrx_word' id='word_1_301' title='bbox 1925 743 1992 777; x_wconf 85' lang='lat' dir='ltr'><strong>ex</strong></span> <span class='ocrx_word' id='word_1_302' title='bbox 2030 728 2158 780; x_wconf 87' lang='lat' dir='ltr'><strong>alica</strong></span> <span class='ocrx_word' id='word_1_303' title='bbox 2193 745 2283 780; x_wconf 81' lang='lat' dir='ltr'><strong>seu</strong></span> <span class='ocrx_word' id='word_1_304' title='bbox 2318 734 2498 790; x_wconf 83' lang='lat' dir='ltr'><strong>tritico</strong></span> 
     </span>
     <span class='ocr_line' id='line_1_56' title="bbox 1438 805 2497 876; baseline 0.011 -27"><span class='ocrx_word' id='word_1_305' title='bbox 1438 806 1552 862; x_wconf 91' lang='lat' dir='ltr'><strong>opt.</strong></span> <span class='ocrx_word' id='word_1_306' title='bbox 1582 810 1865 855; x_wconf 82' lang='lat' dir='ltr'><strong>macerato.</strong></span> <span class='ocrx_word' id='word_1_307' title='bbox 1923 805 2080 856; x_wconf 82' lang='lat' dir='ltr'><strong>Niveo</strong></span> <span class='ocrx_word' id='word_1_308' title='bbox 2100 811 2288 859; x_wconf 71' lang='lat' dir='ltr'><strong>nectare</strong></span> <span class='ocrx_word' id='word_1_309' title='bbox 2306 812 2497 876; x_wconf 75' lang='lat' dir='ltr'><strong>crescit]</strong></span> 
     </span>
     <span class='ocr_line' id='line_1_57' title="bbox 1436 876 1617 929; baseline 0.017 -3"><span class='ocrx_word' id='word_1_310' title='bbox 1436 876 1617 929; x_wconf 83' lang='lat' dir='ltr'><strong>Lacte.</strong></span> 
     </span>
    </p>

    <p class='ocr_par' dir='ltr' id='par_1_14' title="bbox 1433 954 2497 1328">
     <span class='ocr_line' id='line_1_58' title="bbox 1464 954 2497 1026; baseline 0.014 -25"><span class='ocrx_word' id='word_1_311' title='bbox 1464 968 1467 972; x_wconf 62' lang='grc'>’</span> <span class='ocrx_word' id='word_1_312' title='bbox 1485 954 1650 1004; x_wconf 78' lang='lat' dir='ltr'><strong>Eme.</strong></span> <span class='ocrx_word' id='word_1_313' title='bbox 1669 968 1864 1009; x_wconf 69' lang='lat' dir='ltr'><strong>xnvm.</strong></span> <span class='ocrx_word' id='word_1_314' title='bbox 1881 958 2120 1009; x_wconf 78' lang='lat' dir='ltr'><strong>2Boletos</strong></span> <span class='ocrx_word' id='word_1_315' title='bbox 2133 961 2345 1026; x_wconf 68' lang='lat' dir='ltr'><strong>mittere]</strong></span> <span class='ocrx_word' id='word_1_316' title='bbox 2362 965 2497 1014; x_wconf 87' lang='lat' dir='ltr'><strong>Fun·</strong></span> 
     </span>
     <span class='ocr_line' id='line_1_59' title="bbox 1437 1034 2496 1104; baseline 0.012 -26"><span class='ocrx_word' id='word_1_317' title='bbox 1437 1043 1618 1093; x_wconf 80' lang='lat' dir='ltr'><strong>gerum</strong></span> <span class='ocrx_word' id='word_1_318' title='bbox 1664 1047 1827 1095; x_wconf 78' lang='lat' dir='ltr'><strong>genus</strong></span> <span class='ocrx_word' id='word_1_319' title='bbox 1871 1034 2262 1089; x_wconf 85' lang='lat' dir='ltr'><strong>nobilissimum.</strong></span> <span class='ocrx_word' id='word_1_320' title='bbox 2314 1040 2496 1104; x_wconf 80' lang='lat' dir='ltr'><strong>Epigr.</strong></span> 
     </span>
     <span class='ocr_line' id='line_1_60' title="bbox 1436 1107 2495 1203; baseline 0.011 -48"><span class='ocrx_word' id='word_1_321' title='bbox 1436 1107 1519 1158; x_wconf 90' lang='grc'><strong>21.</strong></span> <span class='ocrx_word' id='word_1_322' title='bbox 1560 1107 1653 1158; x_wconf 92' lang='lat' dir='ltr'><strong>lib.</strong></span> <span class='ocrx_word' id='word_1_323' title='bbox 1672 1115 1722 1160; x_wconf 92' lang='lat'><strong>1.</strong></span> <span class='ocrx_word' id='word_1_324' title='bbox 1758 1124 1892 1161; x_wconf 86' lang='lat' dir='ltr'><strong>vers.</strong></span> <span class='ocrx_word' id='word_1_325' title='bbox 1910 1115 1962 1161; x_wconf 89' lang='grc'><strong>2.</strong></span> <span class='ocrx_word' id='word_1_326' title='bbox 1982 1111 1989 1118; x_wconf 77' lang='grc'>”</span> <span class='ocrx_word' id='word_1_327' title='bbox 2013 1107 2226 1179; x_wconf 59' lang='lat' dir='ltr'><strong>Difficile</strong></span> <span class='ocrx_word' id='word_1_328' title='bbox 2245 1117 2342 1203; x_wconf 56' lang='lat' dir='ltr'><strong>est)</strong></span> <span class='ocrx_word' id='word_1_329' title='bbox 2383 1115 2495 1180; x_wconf 73' lang='lat' dir='ltr'><strong>Iphi</strong></span> 
     </span>
     <span class='ocr_line' id='line_1_61' title="bbox 1435 1185 2491 1254; baseline 0.009 -21"><span class='ocrx_word' id='word_1_330' title='bbox 1435 1185 1637 1235; x_wconf 83' lang='lat' dir='ltr'><strong>malunt</strong></span> <span class='ocrx_word' id='word_1_331' title='bbox 1658 1186 1835 1251; x_wconf 86' lang='lat' dir='ltr'><strong>edere,</strong></span> <span class='ocrx_word' id='word_1_332' title='bbox 1859 1203 2014 1254; x_wconf 86' lang='lat' dir='ltr'><strong>quam</strong></span> <span class='ocrx_word' id='word_1_333' title='bbox 2053 1189 2232 1240; x_wconf 88' lang='lat' dir='ltr'><strong>amicis</strong></span> <span class='ocrx_word' id='word_1_334' title='bbox 2264 1197 2491 1243; x_wconf 74' lang='lat' dir='ltr'><strong>mittere.</strong></span> 
     </span>
     <span class='ocr_line' id='line_1_62' title="bbox 1433 1260 1832 1328; baseline 0.02 -20"><span class='ocrx_word' id='word_1_335' title='bbox 1433 1260 1553 1323; x_wconf 87' lang='lat' dir='ltr'><strong>Vel,</strong></span> <span class='ocrx_word' id='word_1_336' title='bbox 1574 1263 1696 1328; x_wconf 85' lang='lat' dir='ltr'><strong>quia</strong></span> <span class='ocrx_word' id='word_1_337' title='bbox 1711 1265 1832 1316; x_wconf 87' lang='lat' dir='ltr'><strong>rari.</strong></span> 
     </span>
    </p>

    <p class='ocr_par' dir='ltr' id='par_1_15' title="bbox 1432 1335 2494 1554">
     <span class='ocr_line' id='line_1_63' title="bbox 1501 1335 2494 1410; baseline 0.01 -23"><span class='ocrx_word' id='word_1_338' title='bbox 1501 1335 1663 1390; x_wconf 55' lang='lat' dir='ltr'><strong>Eam.</strong></span> <span class='ocrx_word' id='word_1_339' title='bbox 1681 1353 1837 1391; x_wconf 81' lang='lat' dir='ltr'><strong>xux.</strong></span> <span class='ocrx_word' id='word_1_340' title='bbox 1872 1346 1904 1392; x_wconf 91' lang='grc'><strong>2</strong></span> <span class='ocrx_word' id='word_1_341' title='bbox 1929 1345 2031 1393; x_wconf 66' lang='lat' dir='ltr'><strong>Car</strong></span> <span class='ocrx_word' id='word_1_342' title='bbox 2046 1344 2228 1410; x_wconf 70' lang='lat' dir='ltr'><strong>potins]</strong></span> <span class='ocrx_word' id='word_1_343' title='bbox 2262 1346 2370 1397; x_wconf 87' lang='lat' dir='ltr'><strong>Cur</strong></span> <span class='ocrx_word' id='word_1_344' title='bbox 2390 1361 2494 1397; x_wconf 90' lang='lat' dir='ltr'><strong>non</strong></span> 
     </span>
     <span class='ocr_line' id='line_1_64' title="bbox 1432 1414 2491 1488; baseline 0.009 -25"><span class='ocrx_word' id='word_1_345' title='bbox 1432 1414 1660 1465; x_wconf 79' lang='lat' dir='ltr'><strong>uvedula</strong></span> <span class='ocrx_word' id='word_1_346' title='bbox 1676 1417 1850 1481; x_wconf 85' lang='lat' dir='ltr'><strong>potius</strong></span> <span class='ocrx_word' id='word_1_347' title='bbox 1872 1432 2037 1483; x_wconf 83' lang='lat' dir='ltr'><strong>quam</strong></span> <span class='ocrx_word' id='word_1_348' title='bbox 2041 1415 2267 1471; x_wconf 84' lang='lat' dir='ltr'><strong>ficedula</strong></span> <span class='ocrx_word' id='word_1_349' title='bbox 2285 1422 2307 1471; x_wconf 84' lang='lat'>?</span> <span class='ocrx_word' id='word_1_350' title='bbox 2337 1420 2491 1488; x_wconf 73' lang='lat' dir='ltr'><strong>Belg.</strong></span> 
     </span>
     <span class='ocr_line' id='line_1_65' title="bbox 1432 1488 1628 1554; baseline 0.011 -15"><span class='ocrx_word' id='word_1_351' title='bbox 1432 1488 1628 1554; x_wconf 78' lang='lat' dir='ltr'><strong>Sm‘ppe.</strong></span> 
     </span>
    </p>

    <p class='ocr_par' dir='ltr' id='par_1_16' title="bbox 1429 1568 2491 2018">
     <span class='ocr_line' id='line_1_66' title="bbox 1499 1568 2488 1637; baseline 0.009 -21"><span class='ocrx_word' id='word_1_352' title='bbox 1499 1568 1792 1621; x_wconf 74' lang='lat' dir='ltr'><strong>Er1o.1..1</strong></span> <span class='ocrx_word' id='word_1_353' title='bbox 1831 1571 2109 1637; x_wconf 70' lang='lat' dir='ltr'><strong>Rumpimus</strong></span> <span class='ocrx_word' id='word_1_354' title='bbox 2125 1573 2341 1624; x_wconf 76' lang='lat' dir='ltr'><strong>altricem</strong></span> <span class='ocrx_word' id='word_1_355' title='bbox 2357 1579 2488 1626; x_wconf 74' lang='lat' dir='ltr'><strong>tene·</strong></span> 
     </span>
     <span class='ocr_line' id='line_1_67' title="bbox 1431 1642 2491 1713; baseline 0.008 -20"><span class='ocrx_word' id='word_1_356' title='bbox 1431 1642 1509 1707; x_wconf 81' lang='lat' dir='ltr'><strong>ro]</strong></span> <span class='ocrx_word' id='word_1_357' title='bbox 1544 1646 1757 1710; x_wconf 82' lang='lat' dir='ltr'><strong>Negant</strong></span> <span class='ocrx_word' id='word_1_358' title='bbox 1780 1653 1948 1697; x_wconf 88' lang='lat' dir='ltr'><strong>tamen</strong></span> <span class='ocrx_word' id='word_1_359' title='bbox 1971 1648 2111 1713; x_wconf 75' lang='lat' dir='ltr'><strong>gigni</strong></span> <span class='ocrx_word' id='word_1_360' title='bbox 2142 1650 2491 1702; x_wconf 79' lang='lat' dir='ltr'><strong>extuberante</strong></span> 
     </span>
     <span class='ocr_line' id='line_1_68' title="bbox 1434 1721 2483 1789; baseline 0.007 -19"><span class='ocrx_word' id='word_1_361' title='bbox 1434 1727 1577 1771; x_wconf 86' lang='lat' dir='ltr'><strong>terra</strong></span> <span class='ocrx_word' id='word_1_362' title='bbox 1598 1721 1692 1771; x_wconf 84' lang='lat' dir='ltr'><strong>aut</strong></span> <span class='ocrx_word' id='word_1_363' title='bbox 1730 1722 1893 1773; x_wconf 75' lang='lat' dir='ltr'><strong>rimas</strong></span> <span class='ocrx_word' id='word_1_364' title='bbox 1921 1732 2166 1789; x_wconf 78' lang='lat' dir='ltr'><strong>urgente,</strong></span> <span class='ocrx_word' id='word_1_365' title='bbox 2202 1740 2302 1787; x_wconf 88' lang='lat' dir='ltr'><strong>nec</strong></span> <span class='ocrx_word' id='word_1_366' title='bbox 2327 1734 2483 1778; x_wconf 63' lang='lat' dir='ltr'><strong>terrai</strong></span> 
     </span>
     <span class='ocr_line' id='line_1_69' title="bbox 1430 1798 2485 1867; baseline 0.008 -21"><span class='ocrx_word' id='word_1_367' title='bbox 1430 1798 1695 1848; x_wconf 66' lang='lat' dir='ltr'><strong>cohaerere</strong></span> <span class='ocrx_word' id='word_1_368' title='bbox 1735 1801 1922 1851; x_wconf 86' lang='lat' dir='ltr'><strong>tubera</strong></span> <span class='ocrx_word' id='word_1_369' title='bbox 1959 1800 2104 1853; x_wconf 81' lang='lat' dir='ltr'><strong>fibris</strong></span> <span class='ocrx_word' id='word_1_370' title='bbox 2142 1810 2233 1853; x_wconf 90' lang='lat' dir='ltr'><strong>aut</strong></span> <span class='ocrx_word' id='word_1_371' title='bbox 2272 1805 2485 1867; x_wconf 83' lang='lat' dir='ltr'><strong>capilla-</strong></span> 
     </span>
     <span class='ocr_line' id='line_1_70' title="bbox 1430 1873 2480 1944; baseline 0.011 -23"><span class='ocrx_word' id='word_1_372' title='bbox 1430 1873 1641 1938; x_wconf 80' lang='lat' dir='ltr'><strong>mentis,</strong></span> <span class='ocrx_word' id='word_1_373' title='bbox 1659 1874 1863 1927; x_wconf 84' lang='lat' dir='ltr'><strong>Plinius</strong></span> <span class='ocrx_word' id='word_1_374' title='bbox 1885 1879 1920 1928; x_wconf 90' lang='lat' dir='ltr'><strong>l.</strong></span> <span class='ocrx_word' id='word_1_375' title='bbox 1939 1882 2020 1929; x_wconf 79' lang='lat'><strong>19.</strong></span> <span class='ocrx_word' id='word_1_376' title='bbox 2039 1893 2154 1944; x_wconf 85' lang='lat' dir='ltr'><strong>cap.</strong></span> <span class='ocrx_word' id='word_1_377' title='bbox 2171 1883 2220 1931; x_wconf 91' lang='grc'><strong>2.</strong></span> <span class='ocrx_word' id='word_1_378' title='bbox 2242 1880 2480 1938; x_wconf 71' lang='grc' dir='ltr'>Βίοεοοι.</span> 
     </span>
     <span class='ocr_line' id='line_1_71' title="bbox 1429 1950 2482 2018; baseline 0.008 -18"><span class='ocrx_word' id='word_1_379' title='bbox 1429 1950 1519 2002; x_wconf 84' lang='lat' dir='ltr'><strong>lib.</strong></span> <span class='ocrx_word' id='word_1_380' title='bbox 1537 1954 1589 2003; x_wconf 86' lang='grc'><strong>2.</strong></span> <span class='ocrx_word' id='word_1_381' title='bbox 1616 1965 1734 2018; x_wconf 80' lang='lat' dir='ltr'><strong>cap.</strong></span> <span class='ocrx_word' id='word_1_382' title='bbox 1756 1957 1869 2005; x_wconf 78' lang='grc'><strong>139.</strong></span> <span class='ocrx_word' id='word_1_383' title='bbox 1908 1955 2042 2005; x_wconf 85' lang='lat' dir='ltr'><strong>Vide</strong></span> <span class='ocrx_word' id='word_1_384' title='bbox 2075 1961 2133 2006; x_wconf 88' lang='lat' dir='ltr'><strong>et</strong></span> <span class='ocrx_word' id='word_1_385' title='bbox 2170 1954 2482 2012; x_wconf 74' lang='lat' dir='ltr'><strong>Atbenaeu&#39;m</strong></span> 
     </span>
    </p>
   </div>
   <div class='ocr_carea' id='block_1_5' title="bbox 1428 2028 2490 2163">
    <p class='ocr_par' dir='ltr' id='par_1_17' title="bbox 1428 2028 2490 2163">
     <span class='ocr_line' id='line_1_72' title="bbox 1428 2028 2490 2163; baseline 0.009 -21"><span class='ocrx_word' id='word_1_386' title='bbox 1428 2028 1467 2078; x_wconf 68' lang='lat' dir='ltr'>l</span> <span class='ocrx_word' id='word_1_387' title='bbox 1488 2031 1540 2143; x_wconf 56' lang='grc' dir='ltr'>ἒ</span> <span class='ocrx_word' id='word_1_388' title='bbox 1549 2093 1702 2149; x_wconf 77' lang='lat' dir='ltr'><strong>Poma</strong></span> <span class='ocrx_word' id='word_1_389' title='bbox 1715 2096 1915 2147; x_wconf 72' lang='lat' dir='ltr'><strong>secanda</strong></span> <span class='ocrx_word' id='word_1_390' title='bbox 1929 2097 2113 2161; x_wconf 73' lang='lat' dir='ltr'><strong>sum]</strong></span> <span class='ocrx_word' id='word_1_391' title='bbox 2134 2094 2338 2163; x_wconf 72' lang='grc' dir='ltr'><strong>Ἀκύρυε</strong></span> <span class='ocrx_word' id='word_1_392' title='bbox 2352 2096 2490 2150; x_wconf 79' lang='lat' dir='ltr'><strong>fruc·</strong></span> 
     </span>
    </p>
   </div>
   <div class='ocr_carea' id='block_1_6' title="bbox 1413 2176 2488 4397">
    <p class='ocr_par' dir='ltr' id='par_1_18' title="bbox 1429 2176 1532 2220">
     <span class='ocr_line' id='line_1_73' title="bbox 1429 2176 1532 2220; baseline -0.012 0"><span class='ocrx_word' id='word_1_393' title='bbox 1429 2176 1532 2220; x_wconf 79' lang='lat' dir='ltr'><strong>tus.</strong></span> 
     </span>
    </p>

    <p class='ocr_par' dir='ltr' id='par_1_19' title="bbox 1426 2248 2488 2608">
     <span class='ocr_line' id='line_1_74' title="bbox 1496 2248 2488 2317; baseline 0.007 -19"><span class='ocrx_word' id='word_1_394' title='bbox 1496 2248 1661 2301; x_wconf 69' lang='lat' dir='ltr'><strong>Erre.</strong></span> <span class='ocrx_word' id='word_1_395' title='bbox 1684 2263 1757 2301; x_wconf 97' lang='grc' dir='ltr'><strong>ιι.</strong></span> <span class='ocrx_word' id='word_1_396' title='bbox 1793 2250 2056 2303; x_wconf 54' lang='grc' dir='ltr'><strong>Μανῆ</strong></span> <span class='ocrx_word' id='word_1_397' title='bbox 2075 2253 2488 2317; x_wconf 71' lang='lat' dir='ltr'><strong>corona10bser-</strong></span> 
     </span>
     <span class='ocr_line' id='line_1_75' title="bbox 1429 2328 2487 2394; baseline 0.007 -17"><span class='ocrx_word' id='word_1_398' title='bbox 1429 2334 1521 2383; x_wconf 83' lang='lat' dir='ltr'><strong>vat</strong></span> <span class='ocrx_word' id='word_1_399' title='bbox 1536 2328 1861 2379; x_wconf 84' lang='lat' dir='ltr'><strong>Scriverius</strong></span> <span class='ocrx_word' id='word_1_400' title='bbox 1847 2344 1898 2379; x_wconf 87' lang='grc' dir='ltr'><strong>ιιι</strong></span> <span class='ocrx_word' id='word_1_401' title='bbox 1915 2329 2129 2381; x_wconf 82' lang='lat' dir='ltr'><strong>membr.</strong></span> <span class='ocrx_word' id='word_1_402' title='bbox 2144 2331 2281 2394; x_wconf 73' lang='lat' dir='ltr'><strong>legi:</strong></span> <span class='ocrx_word' id='word_1_403' title='bbox 2311 2332 2487 2383; x_wconf 69' lang='grc' dir='ltr'>Τανάι-</span> 
     </span>
     <span class='ocr_line' id='line_1_76' title="bbox 1426 2402 2488 2477; baseline 0.006 -24"><span class='ocrx_word' id='word_1_404' title='bbox 1426 2404 1757 2454; x_wconf 71' lang='lat' dir='ltr'><strong>ramdeeuna.</strong></span> <span class='ocrx_word' id='word_1_405' title='bbox 1791 2402 1856 2454; x_wconf 92' lang='lat' dir='ltr'><strong>In</strong></span> <span class='ocrx_word' id='word_1_406' title='bbox 1881 2404 2130 2456; x_wconf 86' lang='lat' dir='ltr'><strong>Arondel.</strong></span> <span class='ocrx_word' id='word_1_407' title='bbox 2146 2415 2270 2477; x_wconf 79' lang='lat' dir='ltr'><strong>¹erat</strong></span> <span class='ocrx_word' id='word_1_408' title='bbox 2292 2415 2488 2459; x_wconf 85' lang='lat' dir='ltr'><strong>utrum·</strong></span> 
     </span>
     <span class='ocr_line' id='line_1_77' title="bbox 1428 2482 2486 2546; baseline 0.008 -17"><span class='ocrx_word' id='word_1_409' title='bbox 1428 2495 1565 2546; x_wconf 86' lang='lat' dir='ltr'><strong>que:</strong></span> <span class='ocrx_word' id='word_1_410' title='bbox 1627 2482 1889 2533; x_wconf 72' lang='lat' dir='ltr'><strong>Turdorum</strong></span> <span class='ocrx_word' id='word_1_411' title='bbox 1928 2483 2121 2533; x_wconf 57' lang='lat' dir='ltr'><strong>decursio</strong></span> <span class='ocrx_word' id='word_1_412' title='bbox 2162 2484 2263 2535; x_wconf 72' lang='lat' dir='ltr'><strong>sive</strong></span> <span class='ocrx_word' id='word_1_413' title='bbox 2301 2500 2486 2537; x_wconf 76' lang='lat' dir='ltr'><strong>corona.</strong></span> 
     </span>
     <span class='ocr_line' id='line_1_78' title="bbox 1428 2557 1659 2608; baseline 0 0"><span class='ocrx_word' id='word_1_414' title='bbox 1428 2557 1659 2608; x_wconf 79' lang='lat' dir='ltr'><strong>Gronov·</strong></span> 
     </span>
    </p>

    <p class='ocr_par' dir='ltr' id='par_1_20' title="bbox 1422 2635 2487 2919">
     <span class='ocr_line' id='line_1_79' title="bbox 1497 2635 2487 2701; baseline 0.006 -17"><span class='ocrx_word' id='word_1_415' title='bbox 1497 2640 1524 2685; x_wconf 92' lang='lat'>1</span> <span class='ocrx_word' id='word_1_416' title='bbox 1558 2636 1711 2686; x_wconf 73' lang='lat' dir='ltr'><strong>Texta</strong></span> <span class='ocrx_word' id='word_1_417' title='bbox 1724 2636 1863 2700; x_wconf 79' lang='lat' dir='ltr'><strong>rosis,</strong></span> <span class='ocrx_word' id='word_1_418' title='bbox 1883 2635 1987 2701; x_wconf 56' lang='grc' dir='ltr'><strong>ξω]</strong></span> <span class='ocrx_word' id='word_1_419' title='bbox 2007 2637 2071 2688; x_wconf 87' lang='lat' dir='ltr'><strong>In</strong></span> <span class='ocrx_word' id='word_1_420' title='bbox 2088 2638 2487 2690; x_wconf 74' lang='lat' dir='ltr'><strong>lautissImorum</strong></span> 
     </span>
     <span class='ocr_line' id='line_1_80' title="bbox 1426 2712 2486 2767; baseline 0.002 -4"><span class='ocrx_word' id='word_1_421' title='bbox 1426 2712 1677 2764; x_wconf 80' lang='lat' dir='ltr'><strong>conviviis</strong></span> <span class='ocrx_word' id='word_1_422' title='bbox 1723 2713 1988 2765; x_wconf 84' lang='lat' dir='ltr'><strong>dabantur</strong></span> <span class='ocrx_word' id='word_1_423' title='bbox 2021 2729 2228 2765; x_wconf 63' lang='lat' dir='ltr'><strong>corona</strong></span> <span class='ocrx_word' id='word_1_424' title='bbox 2267 2730 2298 2765; x_wconf 93' lang='lat' dir='ltr'><strong>e</strong></span> <span class='ocrx_word' id='word_1_425' title='bbox 2335 2716 2486 2767; x_wconf 85' lang='lat' dir='ltr'><strong>nardi</strong></span> 
     </span>
     <span class='ocr_line' id='line_1_81' title="bbox 1423 2787 2485 2857; baseline 0.005 -18"><span class='ocrx_word' id='word_1_426' title='bbox 1423 2787 1565 2840; x_wconf 87' lang='lat' dir='ltr'><strong>folio.</strong></span> <span class='ocrx_word' id='word_1_427' title='bbox 1619 2790 1759 2841; x_wconf 90' lang='lat' dir='ltr'><strong>Plin.</strong></span> <span class='ocrx_word' id='word_1_428' title='bbox 1804 2792 1892 2843; x_wconf 90' lang='lat' dir='ltr'><strong>lib.</strong></span> <span class='ocrx_word' id='word_1_429' title='bbox 1918 2795 2004 2844; x_wconf 87' lang='grc'><strong>21.</strong></span> <span class='ocrx_word' id='word_1_430' title='bbox 2047 2806 2166 2857; x_wconf 86' lang='lat' dir='ltr'><strong>cap.</strong></span> <span class='ocrx_word' id='word_1_431' title='bbox 2194 2795 2245 2844; x_wconf 79' lang='lat'><strong>8.</strong></span> <span class='ocrx_word' id='word_1_432' title='bbox 2288 2789 2485 2848; x_wconf 81' lang='lat' dir='ltr'><strong>Athen.</strong></span> 
     </span>
     <span class='ocr_line' id='line_1_82' title="bbox 1422 2866 1615 2919; baseline -0.01 -1"><span class='ocrx_word' id='word_1_433' title='bbox 1422 2866 1515 2919; x_wconf 87' lang='lat' dir='ltr'><strong>lib.</strong></span> <span class='ocrx_word' id='word_1_434' title='bbox 1531 2871 1615 2917; x_wconf 80' lang='lat'><strong>15.</strong></span> 
     </span>
    </p>

    <p class='ocr_par' dir='ltr' id='par_1_21' title="bbox 1418 2935 2486 3919">
     <span class='ocr_line' id='line_1_83' title="bbox 1486 2935 2485 3009; baseline 0.003 -17"><span class='ocrx_word' id='word_1_435' title='bbox 1486 2946 1520 2992; x_wconf 78' lang='lat'><em>2</em></span> <span class='ocrx_word' id='word_1_436' title='bbox 1552 2943 1633 2992; x_wconf 78' lang='lat' dir='ltr'><strong>De</strong></span> <span class='ocrx_word' id='word_1_437' title='bbox 1650 2943 1827 3008; x_wconf 69' lang='lat' dir='ltr'><strong>turdis,</strong></span> <span class='ocrx_word' id='word_1_438' title='bbox 1860 2935 1968 3008; x_wconf 57' lang='lat' dir='ltr'><strong>aa]</strong></span> <span class='ocrx_word' id='word_1_439' title='bbox 2005 2942 2406 3009; x_wconf 75' lang='lat' dir='ltr'><strong>Epigr.4⁷.1ib.</strong></span> <span class='ocrx_word' id='word_1_440' title='bbox 2431 2948 2485 2995; x_wconf 81' lang='lat' dir='ltr'><strong>a.</strong></span> 
     </span>
     <span class='ocr_line' id='line_1_84' title="bbox 1421 3019 2484 3071; baseline 0.002 -3"><span class='ocrx_word' id='word_1_441' title='bbox 1421 3032 1561 3069; x_wconf 79' lang='lat' dir='ltr'><strong>vers.</strong></span> <span class='ocrx_word' id='word_1_442' title='bbox 1593 3023 1672 3069; x_wconf 88' lang='grc'><strong>11.</strong></span> <span class='ocrx_word' id='word_1_443' title='bbox 1749 3020 1905 3071; x_wconf 79' lang='lat' dir='ltr'><strong>Serta</strong></span> <span class='ocrx_word' id='word_1_444' title='bbox 1949 3020 2217 3070; x_wconf 85' lang='lat' dir='ltr'><strong>turdorum</strong></span> <span class='ocrx_word' id='word_1_445' title='bbox 2275 3019 2484 3071; x_wconf 87' lang='lat' dir='ltr'><strong>redimi-</strong></span> 
     </span>
     <span class='ocr_line' id='line_1_85' title="bbox 1424 3095 2484 3161; baseline 0.003 -16"><span class='ocrx_word' id='word_1_446' title='bbox 1424 3095 1551 3145; x_wconf 85' lang='lat' dir='ltr'><strong>bant</strong></span> <span class='ocrx_word' id='word_1_447' title='bbox 1585 3098 1800 3159; x_wconf 77' lang='lat' dir='ltr'><strong>lancem.</strong></span> <span class='ocrx_word' id='word_1_448' title='bbox 1847 3097 1949 3153; x_wconf 81' lang='lat' dir='ltr'><strong>Vel</strong></span> <span class='ocrx_word' id='word_1_449' title='bbox 1983 3096 2165 3161; x_wconf 80' lang='lat' dir='ltr'><strong>accipe</strong></span> <span class='ocrx_word' id='word_1_450' title='bbox 2205 3097 2378 3161; x_wconf 84' lang='lat' dir='ltr'><strong>potius</strong></span> <span class='ocrx_word' id='word_1_451' title='bbox 2417 3096 2484 3148; x_wconf 87' lang='lat' dir='ltr'><strong>de</strong></span> 
     </span>
     <span class='ocr_line' id='line_1_86' title="bbox 1420 3170 2484 3237; baseline -0.001 -14"><span class='ocrx_word' id='word_1_452' title='bbox 1420 3172 1609 3223; x_wconf 85' lang='lat' dir='ltr'><strong>vimine</strong></span> <span class='ocrx_word' id='word_1_453' title='bbox 1633 3173 1685 3222; x_wconf 91' lang='lat' dir='ltr'><strong>in</strong></span> <span class='ocrx_word' id='word_1_454' title='bbox 1717 3172 1896 3222; x_wconf 88' lang='lat' dir='ltr'><strong>orbem</strong></span> <span class='ocrx_word' id='word_1_455' title='bbox 1919 3170 2077 3235; x_wconf 85' lang='lat' dir='ltr'><strong>flexo,</strong></span> <span class='ocrx_word' id='word_1_456' title='bbox 2114 3188 2144 3223; x_wconf 87' lang='lat' dir='ltr'><strong>a</strong></span> <span class='ocrx_word' id='word_1_457' title='bbox 2165 3187 2268 3237; x_wconf 86' lang='lat' dir='ltr'><strong>quo</strong></span> <span class='ocrx_word' id='word_1_458' title='bbox 2291 3172 2484 3237; x_wconf 87' lang='lat' dir='ltr'><strong>pende-</strong></span> 
     </span>
     <span class='ocr_line' id='line_1_87' title="bbox 1419 3250 2485 3314; baseline -0.001 -12"><span class='ocrx_word' id='word_1_459' title='bbox 1419 3251 1548 3302; x_wconf 89' lang='lat' dir='ltr'><strong>bant</strong></span> <span class='ocrx_word' id='word_1_460' title='bbox 1569 3252 1724 3302; x_wconf 83' lang='lat' dir='ltr'><strong>turdi.</strong></span> <span class='ocrx_word' id='word_1_461' title='bbox 1761 3250 1901 3302; x_wconf 88' lang='lat' dir='ltr'><strong>Hinc</strong></span> <span class='ocrx_word' id='word_1_462' title='bbox 1914 3252 2035 3302; x_wconf 88' lang='lat' dir='ltr'><strong>mibi</strong></span> <span class='ocrx_word' id='word_1_463' title='bbox 2054 3252 2318 3314; x_wconf 84' lang='lat' dir='ltr'><strong>corollam,</strong></span> <span class='ocrx_word' id='word_1_464' title='bbox 2335 3251 2485 3314; x_wconf 86' lang='lat' dir='ltr'><strong>dicit,</strong></span> 
     </span>
     <span class='ocr_line' id='line_1_88' title="bbox 1423 3327 2485 3394; baseline 0 -16"><span class='ocrx_word' id='word_1_465' title='bbox 1423 3335 1546 3378; x_wconf 83' lang='lat' dir='ltr'><strong>texe</strong></span> <span class='ocrx_word' id='word_1_466' title='bbox 1563 3347 1577 3391; x_wconf 80' lang='lat'><em>3</em></span> <span class='ocrx_word' id='word_1_467' title='bbox 1592 3340 1749 3394; x_wconf 54' lang='lat' dir='ltr'><strong>*quam</strong></span> <span class='ocrx_word' id='word_1_468' title='bbox 1765 3336 1821 3379; x_wconf 92' lang='lat' dir='ltr'><strong>et</strong></span> <span class='ocrx_word' id='word_1_469' title='bbox 1832 3327 2052 3393; x_wconf 78' lang='lat' dir='ltr'><strong>gestabo</strong></span> <span class='ocrx_word' id='word_1_470' title='bbox 2068 3328 2257 3390; x_wconf 87' lang='lat' dir='ltr'><strong>libens,</strong></span> <span class='ocrx_word' id='word_1_471' title='bbox 2270 3336 2326 3379; x_wconf 87' lang='lat' dir='ltr'><strong>et</strong></span> <span class='ocrx_word' id='word_1_472' title='bbox 2346 3335 2485 3393; x_wconf 87' lang='lat' dir='ltr'><strong>post·</strong></span> 
     </span>
     <span class='ocr_line' id='line_1_89' title="bbox 1421 3404 2486 3457; baseline 0.002 -2"><span class='ocrx_word' id='word_1_473' title='bbox 1421 3420 1486 3455; x_wconf 91' lang='lat' dir='ltr'><strong>ea</strong></span> <span class='ocrx_word' id='word_1_474' title='bbox 1507 3413 1712 3455; x_wconf 87' lang='lat' dir='ltr'><strong>coctam</strong></span> <span class='ocrx_word' id='word_1_475' title='bbox 1744 3404 2021 3455; x_wconf 82' lang='lat' dir='ltr'><strong>devorabo.</strong></span> <span class='ocrx_word' id='word_1_476' title='bbox 2092 3405 2180 3455; x_wconf 89' lang='lat' dir='ltr'><strong>Sic</strong></span> <span class='ocrx_word' id='word_1_477' title='bbox 2202 3404 2366 3456; x_wconf 79' lang='lat' dir='ltr'><strong>hodie</strong></span> <span class='ocrx_word' id='word_1_478' title='bbox 2400 3421 2486 3457; x_wconf 92' lang='lat' dir='ltr'><strong>co·</strong></span> 
     </span>
     <span class='ocr_line' id='line_1_90' title="bbox 1420 3480 2486 3549; baseline 0.003 -17"><span class='ocrx_word' id='word_1_479' title='bbox 1420 3497 1563 3533; x_wconf 80' lang='lat' dir='ltr'><strong>ronae</strong></span> <span class='ocrx_word' id='word_1_480' title='bbox 1585 3480 1830 3533; x_wconf 85' lang='lat' dir='ltr'><strong>feruntur</strong></span> <span class='ocrx_word' id='word_1_481' title='bbox 1853 3497 2039 3533; x_wconf 80' lang='lat' dir='ltr'><strong>venum</strong></span> <span class='ocrx_word' id='word_1_482' title='bbox 2061 3482 2328 3549; x_wconf 80' lang='lat' dir='ltr'><strong>inferum,</strong></span> <span class='ocrx_word' id='word_1_483' title='bbox 2345 3500 2376 3535; x_wconf 90' lang='lat' dir='ltr'><strong>e</strong></span> <span class='ocrx_word' id='word_1_484' title='bbox 2408 3486 2486 3535; x_wconf 87' lang='lat' dir='ltr'><strong>vi-</strong></span> 
     </span>
     <span class='ocr_line' id='line_1_91' title="bbox 1419 3559 2485 3612; baseline 0.003 -3"><span class='ocrx_word' id='word_1_485' title='bbox 1419 3559 1573 3610; x_wconf 83' lang='lat' dir='ltr'><strong>minis</strong></span> <span class='ocrx_word' id='word_1_486' title='bbox 1595 3559 1791 3610; x_wconf 80' lang='lat' dir='ltr'><strong>circulo</strong></span> <span class='ocrx_word' id='word_1_487' title='bbox 1809 3573 1900 3609; x_wconf 84' lang='lat' dir='ltr'><strong>seu</strong></span> <span class='ocrx_word' id='word_1_488' title='bbox 1919 3574 2062 3609; x_wconf 87' lang='lat' dir='ltr'><strong>ramo</strong></span> <span class='ocrx_word' id='word_1_489' title='bbox 2078 3561 2132 3609; x_wconf 90' lang='lat' dir='ltr'><strong>in</strong></span> <span class='ocrx_word' id='word_1_490' title='bbox 2148 3561 2325 3611; x_wconf 87' lang='lat' dir='ltr'><strong>orbem</strong></span> <span class='ocrx_word' id='word_1_491' title='bbox 2348 3560 2485 3612; x_wconf 84' lang='lat' dir='ltr'><strong>flexo</strong></span> 
     </span>
     <span class='ocr_line' id='line_1_92' title="bbox 1418 3636 2484 3703; baseline 0.001 -17"><span class='ocrx_word' id='word_1_492' title='bbox 1418 3636 1598 3688; x_wconf 84' lang='lat' dir='ltr'><strong>factae.</strong></span> <span class='ocrx_word' id='word_1_493' title='bbox 1669 3638 1838 3688; x_wconf 83' lang='lat' dir='ltr'><strong>Favet</strong></span> <span class='ocrx_word' id='word_1_494' title='bbox 1887 3636 2011 3688; x_wconf 81' lang='lat' dir='ltr'><strong>huic</strong></span> <span class='ocrx_word' id='word_1_495' title='bbox 2060 3638 2484 3703; x_wconf 82' lang='lat' dir='ltr'><strong>interpretationi</strong></span> 
     </span>
     <span class='ocr_line' id='line_1_93' title="bbox 1418 3711 2485 3779; baseline 0.003 -17"><span class='ocrx_word' id='word_1_496' title='bbox 1418 3712 1642 3778; x_wconf 75' lang='lat' dir='ltr'><strong>ipsemet</strong></span> <span class='ocrx_word' id='word_1_497' title='bbox 1675 3711 1873 3764; x_wconf 84' lang='lat' dir='ltr'><strong>Auctor</strong></span> <span class='ocrx_word' id='word_1_498' title='bbox 1910 3727 2070 3777; x_wconf 84' lang='lat' dir='ltr'><strong>supra</strong></span> <span class='ocrx_word' id='word_1_499' title='bbox 2105 3713 2193 3763; x_wconf 87' lang='lat' dir='ltr'><strong>lib.</strong></span> <span class='ocrx_word' id='word_1_500' title='bbox 2210 3718 2259 3763; x_wconf 76' lang='lat'><strong>8.</strong></span> <span class='ocrx_word' id='word_1_501' title='bbox 2302 3714 2485 3779; x_wconf 77' lang='lat' dir='ltr'><strong>Epigr.</strong></span> 
     </span>
     <span class='ocr_line' id='line_1_94' title="bbox 1419 3789 2480 3853; baseline 0.001 -12"><span class='ocrx_word' id='word_1_502' title='bbox 1419 3794 1502 3842; x_wconf 79' lang='grc'><strong>47.</strong></span> <span class='ocrx_word' id='word_1_503' title='bbox 1540 3790 1556 3817; x_wconf 87' lang='lat'>‘</span> <span class='ocrx_word' id='word_1_504' title='bbox 1571 3789 1691 3840; x_wconf 88' lang='lat' dir='ltr'><strong>Illic</strong></span> <span class='ocrx_word' id='word_1_505' title='bbox 1707 3804 1953 3841; x_wconf 84' lang='lat' dir='ltr'><strong>coronam</strong></span> <span class='ocrx_word' id='word_1_506' title='bbox 1973 3789 2251 3853; x_wconf 81' lang='lat' dir='ltr'><strong>pinguibus</strong></span> <span class='ocrx_word' id='word_1_507' title='bbox 2268 3803 2480 3853; x_wconf 80' lang='lat' dir='ltr'><strong>gravem</strong></span> 
     </span>
     <span class='ocr_line' id='line_1_95' title="bbox 1419 3867 1619 3919; baseline -0.005 -1"><span class='ocrx_word' id='word_1_508' title='bbox 1419 3867 1619 3919; x_wconf 87' lang='lat' dir='ltr'><strong>turdis.’</strong></span> 
     </span>
    </p>

    <p class='ocr_par' dir='ltr' id='par_1_22' title="bbox 1414 3943 2484 4088">
     <span class='ocr_line' id='line_1_96' title="bbox 1459 3943 2484 4006; baseline -0.002 -10"><span class='ocrx_word' id='word_1_509' title='bbox 1459 3947 1625 3996; x_wconf 79' lang='lat' dir='ltr'><strong>Eme.</strong></span> <span class='ocrx_word' id='word_1_510' title='bbox 1642 3956 1741 3995; x_wconf 87' lang='grc' dir='ltr'>ιιι.</span> <span class='ocrx_word' id='word_1_511' title='bbox 1762 3948 1795 3994; x_wconf 89' lang='grc'><strong>2</strong></span> <span class='ocrx_word' id='word_1_512' title='bbox 1831 3943 2021 3993; x_wconf 70' lang='lat' dir='ltr'><strong>Cetera</strong></span> <span class='ocrx_word' id='word_1_513' title='bbox 2039 3944 2182 3992; x_wconf 74' lang='lat' dir='ltr'><strong>redde</strong></span> <span class='ocrx_word' id='word_1_514' title='bbox 2202 3943 2331 4006; x_wconf 74' lang='lat' dir='ltr'><strong>coco]</strong></span> <span class='ocrx_word' id='word_1_515' title='bbox 2351 3944 2484 3994; x_wconf 82' lang='lat' dir='ltr'><strong>Tan·</strong></span> 
     </span>
     <span class='ocr_line' id='line_1_97' title="bbox 1414 4021 2373 4088; baseline -0.002 -15"><span class='ocrx_word' id='word_1_516' title='bbox 1414 4038 1567 4088; x_wconf 85' lang='lat' dir='ltr'><strong>quam</strong></span> <span class='ocrx_word' id='word_1_517' title='bbox 1582 4021 1783 4088; x_wconf 79' lang='lat' dir='ltr'><strong>saporis</strong></span> <span class='ocrx_word' id='word_1_518' title='bbox 1804 4035 1906 4071; x_wconf 88' lang='lat' dir='ltr'><strong>non</strong></span> <span class='ocrx_word' id='word_1_519' title='bbox 1925 4035 2076 4085; x_wconf 79' lang='lat' dir='ltr'><strong>aeque</strong></span> <span class='ocrx_word' id='word_1_520' title='bbox 2096 4021 2252 4085; x_wconf 77' lang='lat' dir='ltr'><strong>grati.</strong></span> <span class='ocrx_word' id='word_1_521' title='bbox 2368 4032 2373 4035; x_wconf 76' lang='grc'>’</span> 
     </span>
    </p>

    <p class='ocr_par' dir='ltr' id='par_1_23' title="bbox 1413 4097 2484 4397">
     <span class='ocr_line' id='line_1_98' title="bbox 1479 4097 2483 4162; baseline -0.006 -12"><span class='ocrx_word' id='word_1_522' title='bbox 1479 4101 1641 4155; x_wconf 75' lang='lat' dir='ltr'><strong>Eme,</strong></span> <span class='ocrx_word' id='word_1_523' title='bbox 1662 4111 1785 4148; x_wconf 89' lang='grc' dir='ltr'>ιιιι.</span> <span class='ocrx_word' id='word_1_524' title='bbox 1852 4097 2114 4161; x_wconf 85' lang='lat' dir='ltr'><strong>Apposito</strong></span> <span class='ocrx_word' id='word_1_525' title='bbox 2151 4097 2329 4162; x_wconf 78' lang='lat' dir='ltr'><strong>pingui</strong></span> <span class='ocrx_word' id='word_1_526' title='bbox 2374 4104 2483 4148; x_wconf 84' lang='lat' dir='ltr'><strong>tur.</strong></span> 
     </span>
     <span class='ocr_line' id='line_1_99' title="bbox 1416 4173 2484 4238; baseline -0.002 -11"><span class='ocrx_word' id='word_1_527' title='bbox 1416 4186 1552 4238; x_wconf 83' lang='lat' dir='ltr'><strong>ture,</strong></span> <span class='ocrx_word' id='word_1_528' title='bbox 1587 4173 1949 4226; x_wconf 84' lang='lat' dir='ltr'><strong>abstinendum</strong></span> <span class='ocrx_word' id='word_1_529' title='bbox 1970 4188 2004 4223; x_wconf 89' lang='lat' dir='ltr'><strong>a</strong></span> <span class='ocrx_word' id='word_1_530' title='bbox 2022 4173 2238 4224; x_wconf 85' lang='lat' dir='ltr'><strong>lactucis</strong></span> <span class='ocrx_word' id='word_1_531' title='bbox 2272 4174 2405 4225; x_wconf 87' lang='lat' dir='ltr'><strong>dicit</strong></span> <span class='ocrx_word' id='word_1_532' title='bbox 2425 4180 2484 4225; x_wconf 88' lang='lat' dir='ltr'><strong>et</strong></span> 
     </span>
     <span class='ocr_line' id='line_1_100' title="bbox 1413 4248 2482 4317; baseline -0.003 -12"><span class='ocrx_word' id='word_1_533' title='bbox 1413 4252 1658 4317; x_wconf 86' lang='lat' dir='ltr'><strong>cochleis,</strong></span> <span class='ocrx_word' id='word_1_534' title='bbox 1668 4249 1832 4301; x_wconf 85' lang='lat' dir='ltr'><strong>veluti</strong></span> <span class='ocrx_word' id='word_1_535' title='bbox 1847 4248 2131 4313; x_wconf 82' lang='lat' dir='ltr'><strong>vilioribus,</strong></span> <span class='ocrx_word' id='word_1_536' title='bbox 2143 4253 2482 4303; x_wconf 81' lang='lat' dir='ltr'><strong>stomachum-</strong></span> 
     </span>
     <span class='ocr_line' id='line_1_101' title="bbox 1420 4325 2283 4397; baseline -0.004 -16"><span class='ocrx_word' id='word_1_537' title='bbox 1420 4341 1523 4397; x_wconf 85' lang='lat' dir='ltr'><strong>que</strong></span> <span class='ocrx_word' id='word_1_538' title='bbox 1546 4328 1856 4381; x_wconf 85' lang='lat' dir='ltr'><strong>servandum</strong></span> <span class='ocrx_word' id='word_1_539' title='bbox 1876 4325 2283 4380; x_wconf 81' lang='lat' dir='ltr'><strong>delicatioribus.</strong></span> 
     </span>
    </p>
   </div>
  </div>
 </body>
</html>
