2985 4937
520 370 692 438 1434

513 522 589 588 Y,
611 529 741 593 sive,
762 538 819 583 nt
845 532 1191 603 Hieronymus
1223 541 1453 608 scripsit,
1488 546 1580 597 tri·

517 607 694 668 anguli
726 606 946 662 formam
989 614 1041 664 in
1078 617 1299 667 volando
1317 619 1579 677 efficiant3

518 683 691 730 tamen
724 683 941 749 singulae
974 704 1191 756 corpore
1217 709 1307 745 suo
1328 703 1367 745 Φ
1384 712 1576 763 reprae·

514 763 739 809 sentent.
807 761 960 814 Unde
996 764 1192 819 Auson.
1216 770 1270 819 in
1303 774 1574 840 Eidylliist

514 830 531 858 ‘
557 831 689 883 Haec
712 838 850 898 gruis
880 839 1074 906 effigies
1111 846 1444 904 Palamedica
1461 869 1579 920 por·

512 906 702 971 rigitur
721 913 793 964 o:
831 915 1037 971 Vossius.

577 989 739 1060 Eme.
757 1007 954 1048 nxxvr.
987 1004 1018 1048 2
1033 1000 1120 1050 Sic
1130 1004 1276 1069 sopit,
1288 1007 1392 1070 ξω]
1407 1009 1573 1076 Prop-

512 1069 595 1113 ter
617 1070 858 1131 pretium.
891 1074 906 1100 ‘
930 1075 1099 1142 Magis
1119 1080 1209 1131 illa
1221 1082 1433 1149 juvant,
1454 1103 1571 1152 quae

509 1141 670 1204 pluris
694 1151 972 1201 emuntur!

571 1220 737 1273 Eme.
762 1238 979 1278 nxxvu.
1034 1236 1059 1281 l
1084 1232 1282 1301 Dulcia]
1316 1238 1496 1292 Po’e'tis
1517 1250 1573 1292 et

507 1296 812 1361 quibusdam
887 1305 1197 1373 philosophis
1283 1326 1574 1382 receptum,

506 1384 723 1435 cycnum
746 1378 925 1429 mortis
949 1385 1217 1445 praescium
1252 1404 1367 1440 cum
1390 1394 1570 1459 volup-

505 1453 618 1498 tate
639 1457 694 1500 et
711 1461 869 1505 cantu
892 1459 1036 1510 mori.
1100 1462 1204 1514 Sed
1228 1476 1424 1531 negant
1457 1471 1569 1522 Pli-

507 1524 644 1588 nius,
675 1528 924 1596 AElianus,
960 1537 1067 1589 Jul.
1089 1539 1341 1609 Scaliger,
1373 1548 1565 1616 aliique

502 1601 715 1654 sanioris
724 1605 934 1669 judicii.
1002 1616 1203 1678 Deserta
1223 1622 1411 1690 lingna]
1445 1629 1565 1681 Hoc

501 1678 710 1742 est‚jam
734 1682 1010 1739 deficiente
1033 1692 1224 1760 lingua.
1283 1699 1419 1752 Nam
1443 1707 1458 1733 ‘
1476 1705 1566 1757 de·

498 1750 689 1805 ficere'
730 1769 810 1811 est
846 1763 1120 1821 λείπεσθαιε
1169 1782 1225 1824 et
1246 1778 1261 1805 ‘
1289 1777 1567 1847 defectu&

500 1831 587 1893 qui
629 1833 840 1890 deficit:
896 1843 1033 1894 unde
1050 1848 1066 1875 ‘
1111 1847 1354 1905 defectus
1378 1848 1569 1923 annis,'

498 1908 564 1959 de
587 1925 732 1966 seue.
795 1920 883 1972 Sic
905 1924 923 1952 ‘
947 1925 1245 1981 indefectus
1265 1932 1281 1956 ⁹
1302 1932 1558 1990 ἄλειπτος.

496 1985 573 2036 ita
595 1994 914 2048 vocabantur
936 2002 1149 2055 athletae
1173 2009 1260 2073 qui
1299 2014 1435 2064 vinci
1456 2030 1560 2066 non

494 2072 757 2128 poterant.
792 2073 1000 2130 Salmas.

560 2142 720 2196 Erro.
747 2160 993 2206 nxxvur.
1052 2163 1077 2208 l
1123 2161 1377 2229 Gigonis]
1430 2168 1557 2218 Por.

494 2217 779 2288 phyrionis,
798 2228 945 2292 cujus
962 2236 1197 2288 meminit
1218 2239 1405 2292 Horat.
1422 2245 1557 2297 libro

491 2296 539 2344 3.
575 2294 693 2347 Ode
710 2305 761 2351 4.
786 2304 1053 2361 claudian.
1084 2310 1135 2363 in
1158 2314 1558 2381 Gigantomach.

490 2371 732 2428 Eustath.
754 2381 821 2430 ad
845 2382 998 2437 Iliad.
1014 2391 1058 2450 ξ.

552 2458 586 2506 2
618 2458 966 2528 Porphyrionis
994 2468 1157 2535 hahet]
1191 2473 1555 2545 Purpurionis,

488 2531 580 2596 qni
595 2536 776 2601 auriga
789 2541 1030 2606 Neronis,
1042 2546 1280 2602 factionis
1302 2554 1554 2610 Prasinae.

484 2607 622 2674 Vide
667 2620 724 2663 et
759 2616 911 2669 anam
961 2622 1123 2687 Limia
1173 2624 1554 2693 expositionem

485 2685 638 2751 hujus
679 2686 997 2759 Epigramm.
1036 2700 1132 2752 lib.
1166 2708 1216 2754 1.
1262 2707 1551 2764 Quae-tion.

483 2761 762 2829 Epistolic.
831 2776 880 2822 5.
946 2775 1225 2840 Gigantem
1296 2782 1551 2838 Pindarus

480 2838 644 2905 Pyth.
668 2845 784 2895 Eid.
808 2861 934 2900 vm.
971 2851 1225 2917 Apollinis
1244 2871 1368 2908 arcu
1387 2860 1551 2913 domi·

482 2922 592 2967 tum
617 2930 815 2976 narrat.
847 2927 935 2977 De
957 2929 1040 2978 avi
1060 2945 1208 2995 vero,
1224 2948 1256 2982 a
1279 2937 1453 2988 colore
1471 2940 1549 2991 sic

481 2992 644 3059 dicta,
664 3007 855 3062 praeter
876 3002 1043 3056 Arist.
1079 3007 1221 3060 Plin.
1255 3011 1385 3062 mira
1406 3030 1548 3079 quoe-

391 3087 412 3107 ›
479 3069 601 3121 dam
619 3084 798 3126 narrat
828 3080 1056 3132 AElianus
1078 3083 1146 3133 de
1178 3085 1548 3144 flia-Anima·

475 3146 621 3212 lium,
640 3151 678 3200 l.
699 3156 749 3204 3.
773 3161 920 3208 ο.42.
944 3166 1001 3211 et
1021 3160 1113 3213 lib.
1129 3168 1179 3215 5.
1201 3179 1316 3230 cap.
1335 3172 1416 3221 28.

542 3226 707 3280 Eme.
729 3245 929 3285 unx.
961 3241 988 3287 1
1007 3239 1201 3305 Spirat]
1235 3244 1548 3314 Improprie,

475 3312 548 3352 ex
592 3310 854 3360 sententia
898 3313 1087 3366 scholae
1132 3318 1544 3389 Peripateticum

473 3376 677 3442 spirare
697 3399 822 3436 vero
841 3389 1011 3452 pisces
1044 3397 1316 3449 contendit
1337 3399 1541 3453 Plinius

472 3454 565 3505 lib.
584 3461 633 3507 8.
654 3473 772 3524 cap.
794 3467 842 3514 7.
907 3467 1118 3519 Advecto
1136 3486 1321 3537 ‹equos-e
1348 3478 1540 3542 mullas]

457 3530 611 3583 ·Vase
629 3535 788 3597 pleno
812 3554 948 3605 aqua
965 3545 1181 3597 marina.

538 3607 705 3660 Eme.
727 3624 904 3668 nxxx.
952 3623 983 3667 2
1024 3621 1137 3671 Non
1155 3624 1281 3674 volet
1300 3634 1537 3697 exustam,

467 3685 572 3750 ξω]
608 3688 725 3739 Prae
745 3693 1059 3758 pinguedine
1076 3698 1129 3748 in
1147 3715 1345 3753 summo
1363 3720 1538 3771 aequo·

470 3775 529 3811 re
561 3761 756 3831 fluitat,
788 3769 877 3819 ubi
915 3785 949 3820 a
980 3774 1088 3824 sole
1127 3776 1412 3830 torrefacta
1447 3798 1535 3833 ne·

467 3839 580 3905 quit
602 3857 659 3892 se
684 3858 904 3898 curvare
940 3864 1113 3915 neque
1137 3855 1468 3921 immergere.

528 3917 693 3969 Eme.
716 3934 945 3975 Lxxxu.
980 3931 1005 3974 1
1027 3929 1182 3979 Ebrio
1201 3932 1411 3999 Baiano,
1427 3940 1534 4003 ὅκκ]

462 3989 677 4045 Satura:
714 3999 799 4046 vel
821 4014 1009 4052 mersa.
1063 4005 1292 4070 Lucrino]
1312 4009 1532 4067 ,Ostreis

459 4067 697 4141 Lucrinis
734 4076 988 4137 optimum
1032 4079 1350 4145 adjudicavit
1384 4103 1531 4152 sapo-

462 4155 572 4192 rem
597 4146 739 4211 Serg.
759 4148 909 4205 Orat.
935 4153 1174 4208 Macrcb.
1206 4160 1390 4214 2..Sat.
1411 4178 1530 4230 cap.

463 4218 546 4267 11.
1457 4270 1464 4279 -

524 4297 558 4345 2
593 4295 780 4364 Nobile,
797 4302 905 4375 θα]
938 4305 1166 4361 Condior
1184 4326 1339 4376 garo:
1372 4315 1530 4384 infra,

1228 401 1444 452 No'rAE
1498 406 1896 458 VAmoRuM
1946 413 2025 460 IN
2080 417 2081 420 ’

1655 548 1834 614 Epigr.
1861 556 1974 605 182.
1998 559 2058 604 nt
2076 563 2201 607 ante
2219 564 2366 609 satur
2395 573 2541 611 eram
2570 563 2707 630 aqua

1652 625 1910 680 Lucrinae.

1716 705 1882 756 Eme.
1905 721 2147 762 nxxxm.
2201 715 2227 760 1
2255 713 2391 763 Liris
2422 719 2574 777 am,
2610 716 2710 781 qm]

1652 779 1730 830 Fl.
1771 780 2086 850 Campaniae,
2139 788 2440 840 Minturnas
2502 801 2707 855 praeter·

1649 853 1831 922 fluens,
1850 863 1932 911 cui
1958 863 2206 926 praesidet
2224 867 2429 918 Marica
2453 868 2708 934 Nympha,

1649 932 1813 982 Fauni
1837 950 1998 999 uxor3
2031 939 2135 1001 vel,
2173 947 2232 991 ut
2263 942 2349 991 alii
2387 945 2590 1009 volunt,
2611 947 2708 997 Ve-

1648 1026 1764 1077 nus,
1792 1016 1879 1064 cui
1912 1020 2158 1069 sacellum
2179 1021 2336 1085 Juxta
2362 1023 2506 1074 Lirin
2535 1041 2706 1079 consc-
2793 1041 2798 1048 ·

1650 1096 1868 1141 eratum·

1714 1166 1881 1218 Erro.
1918 1182 2157 1222 Lxxxrv.
2204 1176 2237 1224 2
2283 1175 2570 1242 Visceribus,
2606 1181 2708 1245 ξω]

1644 1243 1909 1296 Jecinore.
1934 1248 2136 1299 Plinius
2155 1251 2246 1301 lib.
2263 1256 2343 1303 32.
2364 1269 2484 1320 cap.
2510 1262 2559 1307 8.
2627 1261 2710 1309 Ce-

1644 1324 1751 1370 tera
1766 1322 1862 1373 vile
1877 1324 2030 1388 sapit]
2046 1325 2212 1391 Supp.
2233 1329 2374 1381 md.
2400 1332 2706 1386 Hellenism.

1726 1398 1891 1448 Eric.
1915 1412 2126 1452 cxxxv.
2160 1406 2192 1451 2
2220 1405 2412 1455 Peltoeoe
2428 1409 2586 1474 prior,
2607 1410 2706 1474 afa]

1642 1471 1969 1548 AEgyptiacae
1986 1475 2379 1544 Alexandrinae',
2397 1483 2464 1533 ab
2481 1482 2706 1539 Alexan-

1640 1547 1738 1598 dro
1763 1550 1925 1600 Pellae
1948 1553 2277 1605 Macedonioe
2303 1558 2434 1609 urbe
2452 1567 2598 1622 nate,
2621 1565 2702 1629 qui

1639 1628 1873 1678 condidit
1892 1628 2132 1682 Alexand
2140 1633 2284 1685 riam.

1704 1705 1867 1755 Eme.
1907 1720 2148 1759 mxxxvi.
2203 1715 2225 1760 1
2283 1712 2562 1779 Tenedia,
2601 1717 2701 1781 εἷα]

1637 1779 1799 1830 Testa
1820 1782 2015 1852 hirsuta
2035 1791 2089 1835 et
2111 1787 2366 1839 aculeata.

1699 1861 1732 1907 2
1766 1859 1951 1924 Mouis,
1973 1863 2080 1927 ξω]
2120 1864 2252 1914 Cibo
2275 1873 2476 1930 gratus.

1699 1935 1865 1985 Eme.
1904 1950 2165 1991 nxxxvu,
2218 1945 2243 1991 1
2287 1937 2555 2007 Sanguine,
2598 1950 2700 2014 ξω]

1634 2012 1936 2064 Queruntur
1970 2016 2203 2069 Murices
2239 2020 2468 2086 iniquam
2508 2031 2695 2075 sortem

1633 2103 1799 2150 suam,
1832 2097 1887 2142 et
1909 2093 2268 2147 crudelitatem
2288 2098 2585 2152 hominnm:
2627 2112 2698 2167 ut,

1634 2167 1770 2231 quod
1794 2169 2092 2233 sanguinem
2117 2188 2261 2224 suum
2298 2176 2544 2229 hauriant
2564 2196 2699 2241 aves,

1632 2258 1816 2295 carnes
1834 2261 1960 2298 vero
1981 2249 2217 2301 homines
2234 2252 2534 2307 absumant.
2556 2258 2696 2308 *vide

1632 2320 1812 2387 Epigr.
1837 2327 1920 2373 24.
1945 2325 1980 2375 Ι.
2002 2332 2051 2377 5.
2078 2341 2217 2378 vers.
2239 2335 2287 2380 5.

1691 2402 1724 2447 2
1755 2399 1840 2462 Et,
1861 2415 1953 2451 non
1969 2408 2040 2452 cst
2059 2403 2147 2454 Ιιοο
2162 2397 2301 2466 satis,
2321 2407 2429 2472 ξω]
2455 2410 2693 2475 Namque

1627 2473 1767 2525 inter
1784 2479 2052 2542 conchylia
2067 2483 2256 2533 mensis
2271 2483 2574 2536 inferuntur
2591 2504 2693 2537 mu·

1624 2551 1781 2604 tices.
1801 2551 2012 2606 Δῦναται
2024 2556 2346 2623 γὰρβάπειν,
2361 2561 2449 2612 οὐκ
2464 2563 2692 2614 ἐσθίεσθαι

1622 2631 1784 2698 μόνον,
1812 2634 1872 2684 τὸ
1900 2639 1988 2696 τῆς
2018 2636 2258 2704 πορφύρας
2285 2639 2440 2706 κρέα.
2478 2645 2692 2696 Lucian.

1627 2711 1839 2764 Κυνικός.

1692 2790 2154 2843 Ermnxxxvm.
2179 2798 2207 2843 1
2236 2795 2571 2862 Venetissint]
2588 2798 2690 2848 Ita·

1622 2864 1688 2916 lis
1713 2866 1954 2931 Henetis‚
1973 2884 2076 2920 non
2099 2871 2284 2922 Gallis.

1687 2947 1720 3011 2
1751 2944 2070 3009 Principium,
2102 2947 2210 3012 qm]
2259 2947 2442 3013 Epigr.
2483 2956 2567 3003 31.
2601 2952 2685 3002 lib.

1624 3023 1705 3070 10.
1729 3034 1864 3071 vers.
1883 3027 1935 3073 4.

1686 3096 1847 3148 Eme.
1871 3110 2116 3150 mxxxix.
2168 3105 2195 3150 1
2219 3101 2408 3153 Luam
2441 3105 2683 3168 Euganei,

1617 3172 1724 3237 ξω]
1743 3173 1997 3225 Colorene
2018 3176 2196 3227 albus?
2219 3191 2282 3227 an
2303 3194 2466 3230 carne
2492 3181 2682 3232 mollis?

1620 3262 1684 3297 an
1708 3250 2000 3302 mandendo
2025 3255 2338 3305 araneosus?
2372 3265 2434 3307 ut
2455 3258 2526 3308 de
2549 3261 2683 3310 colo·

1617 3326 1770 3376 casiis
1793 3342 1970 3392 supra,
2006 3331 2326 3395 Epigramm.
2352 3339 2436 3386 57.
2471 3351 2538 3386 au
2560 3338 2682 3387 allu-

1616 3402 1697 3453 dit
1736 3404 1802 3455 ad
1845 3407 2120 3470 Euganeas
2157 3416 2216 3460 et
2253 3410 2528 3466 Altinates<
2561 3430 2679 3466 oves

1605 3479 1763 3543 juxta
1776 3482 2061 3547 Timavum,
2075 3502 2191 3551 quae
2211 3488 2443 3539 lanarum
2463 3492 2680 3543 mollitie

1612 3556 1906 3623 laudantur,
1943 3561 2082 3612 unde
2115 3569 2170 3613 et
2208 3564 2420 3628 poetice
2452 3569 2677 3632 piscibus

1612 3648 1707 3683 ora
1720 3635 1948 3698 ejusdem
1965 3636 2419 3705 fl..excipientibus
2432 3644 2574 3697 idem
2592 3647 2679 3698 tri·

1611 3708 1758 3760 buit?
1783 3713 1996 3764 Fan-nab.
2029 3714 2235 3766 Addam
2259 3720 2396 3783 qnod
2419 3721 2675 3774 Gruterus

1612 3785 1806 3839 refert:
1831 3789 1955 3854 Qui,
1976 3805 2095 3841 cum
2115 3807 2300 3857 carpos
2323 3804 2378 3846 et
2401 3798 2568 3849 lucios
2587 3801 2680 3851 im-

1610 3863 1774 3914 mittit
1788 3866 2093 3917 salientibus
2110 3884 2258 3933 aquae
2279 3868 2584 3938 frigidioris,
2600 3879 2674 3926 in-

1609 3945 1692 3988 tra
1715 3951 1814 3990 xx.
1838 3940 1976 3991 diem
1998 3941 2131 3995 fiunt
2153 3959 2311 4009 supra
2331 3956 2508 3999 cutem
2532 3954 2673 4016 quasi

1606 4016 1743 4065 lanei
1762 4033 1778 4078 ς
1811 4019 1962 4069 villos
1980 4028 2126 4070 certe
2147 4022 2399 4074 exhibent
2423 4032 2541 4078 toto
2561 4029 2671 4079 dor·

1606 4107 1663 4142 so
1685 4095 1939 4145 notabiles
1961 4097 2135 4147 colore
2167 4099 2437 4152 einen-itio:
2473 4104 2511 4153 ii
2544 4120 2671 4170 prae-

1604 4170 1803 4233 sertim,
1823 4186 1949 4236 quos
1967 4174 2256 4238 piscatores
2277 4179 2580 4233 vendebant
2593 4183 2668 4234 fa·

1605 4245 1762 4294 miliae
1782 4246 1892 4310 ejus
1910 4262 2005 4312 pro
2023 4250 2300 4316 Rhenanis,
2316 4270 2477 4319 quum
2495 4269 2666 4311 essent

1603 4320 1873 4375 lacustres.
1906 4323 2154 4378 Faciatue
2172 4326 2313 4379 istud
2335 4331 2572 4387 Martiali
2592 4338 2663 4387 in·
