2985 4937
719 427 791 474 M.
845 426 1009 475 vAL.
1058 426 1482 477 MARTtAMS
1534 426 1777 476 EPIGR.
1827 429 1967 475 LIB.
2015 426 2095 477 11.

297 564 414 619 dida
425 571 578 627 cute,
588 565 828 617 cruribus
845 573 902 616 et
920 573 1139 631 pectore
1160 567 1366 620 setosis.

297 644 410 695 Non
434 644 606 708 probo
649 645 813 694 virum
838 660 1012 696 comas
1044 647 1096 695 in
1132 648 1365 697 statione

295 729 574 785 ponentem
596 738 741 774 more
763 722 1107 788 foeminarum,
1124 739 1222 774 nec
1244 740 1363 775 con·

295 806 374 848 tra
426 799 651 862 capillos
705 799 1074 852 disturbatum.
1155 802 1363 852 Fur-nub.

290 875 505 938 Triplex
531 889 661 939 ergo
700 877 1002 941 capillorum
1027 891 1209 941 genus,
1240 875 1363 927 flexi

293 951 354 1005 ad
371 953 640 1016 pectinem
679 968 772 1004 seu
797 953 937 1018 pexi,
965 952 1087 1003 flexi
1124 954 1362 1003 calamis·

293 1030 403 1092 tris,
426 1038 482 1081 et
509 1030 725 1082 turbati.
789 1030 1023 1083 Primum
1057 1044 1223 1093 genus
1257 1030 1362 1079 ele-

290 1109 512 1171 gantiae3
566 1110 787 1159 alterum
824 1108 1097 1169 mollitiei;
1149 1107 1361 1157 tertium

290 1186 395 1237 sine
413 1185 687 1248 elegantia
701 1194 754 1235 et
778 1192 1075 1235 venustate.
1113 1183 1324 1235 Musam.

345 1266 378 1313 2
411 1262 622 1315 Sordida
643 1261 775 1325 nolo]
829 1266 845 1291 ⁴
871 1263 965 1312 Est
983 1258 1196 1311 modus’
1234 1276 1361 1325 ergo

255 1369 261 1377 ·
293 1337 308 1365 ‘
329 1337 381 1386 in
407 1339 591 1401 rebus,
615 1345 737 1389 sunt
758 1339 892 1389 certi
915 1337 1141 1402 denique
1160 1338 1330 1391 fines.’

348 1419 378 1467 3
434 1415 545 1465 Nec
589 1415 708 1479 tibi]
776 1415 893 1465 Nec
960 1415 1055 1467 tibi
1098 1415 1167 1465 sit
1219 1415 1360 1465 nulla

286 1490 443 1543 barba
505 1492 573 1543 ad
628 1491 838 1543 modum
897 1490 1221 1542 foeminarum
1303 1499 1360 1543 et

287 1566 722 1621 effoeminatorum
759 1569 1031 1621 Gallorum
1063 1583 1154 1618 seu
1192 1567 1360 1632 Phry·

282 1659 417 1708 gum,
477 1645 574 1709 qui
609 1652 841 1695 mentum
883 1644 1212 1708 depilabant,
1242 1658 1360 1707 nec,

281 1723 373 1772 ὅτε.
408 1722 594 1787 inquit
633 1723 903 1773 liederus:
983 1723 1087 1786 vel,
1128 1737 1226 1772 nec
1261 1721 1358 1773 tibi

283 1798 348 1847 sit
387 1798 566 1848 instar
616 1799 851 1849 mollium
905 1800 1116 1851 illorum
1178 1800 1358 1850 mitras

286 1875 633 1936 gestantium,
698 1874 862 1926 barba
935 1889 1136 1925 summo
1214 1875 1359 1922 cultu

278 1950 480 2005 ¹nutrita
517 1956 581 1999 et
616 1949 680 1998 ad
726 1950 999 2014 speculum
1048 1948 1366 2014 composita,

284 2038 375 2075 nec
411 2032 597 2076 tamen
632 2034 834 2083 contra,
873 2018 1129 2090 promissa
1166 2032 1222 2074 et
1259 2022 1359 2075 dis·

284 2101 505 2167 turbata,
547 2116 614 2152 ex
670 2102 915 2167 neglectu
969 2102 1054 2152 vel
1106 2098 1356 2152 affectato

283 2180 525 2242 squalore
553 2192 774 2232 reorum.
841 2178 1134 2242 Mitt-urum]
1169 2179 1357 2229 Foemi-

284 2267 491 2307 aarum:
530 2262 790 2306 matronae
814 2252 952 2306 enim
975 2258 1155 2306 Romae
1178 2256 1357 2306 mitras

282 2329 541 2384 ferebant.
609 2333 778 2383 Barba
793 2322 1003 2397 reorum]
1044 2333 1260 2383 Inculta
1279 2347 1356 2384 sc.

281 2417 330 2458 et
350 2409 586 2459 horrida.

338 2491 371 2536 4
410 2488 546 2536 Nolo
584 2487 777 2552 parum]
845 2488 1040 2539 Parum
1082 2488 1176 2537 viri
1215 2488 1355 2546 dicee

286 2561 471 2614 bantur
497 2562 814 2614 effoemiuati.

340 2647 368 2692 5
407 2643 560 2692 Nunc
597 2643 711 2705 tibi,
738 2644 845 2708 ξω]
897 2645 912 2671 ‘
939 2643 1163 2708 Hispida
1195 2658 1354 2694 mem·

225 2721 228 2732 ’
281 2716 372 2768 bra
394 2718 648 2784 quidem,’
669 2722 770 2771 διο.
788 2720 986 2772 Juven.
1009 2724 1059 2772 2.
1082 2725 1160 2771 10.

339 2800 375 2846 6
403 2796 506 2848 Sed
530 2811 681 2858 mens,
698 2796 803 2861 θα]
837 2796 944 2846 Sed
963 2796 1137 2847 auimo
1161 2811 1218 2846 es
1242 2797 1350 2860 gla-

279 2872 388 2938 bro,
409 2874 829 2937 catachrestice,
860 2874 914 2924 id
938 2882 1039 2931 est,
1075 2874 1240 2937 molli,
1264 2889 1353 2937 pa-

282 2966 386 3003 rum
403 2952 569 3002 virili.
635 2952 782 3001 Mens
814 2950 973 3014 υιεῑεα]
1018 2949 1352 3001 Effoeminata

281 3035 331 3082 et
366 3027 582 3079 luxuria
620 3028 857 3092 madens,
888 3027 944 3077 οὔ
975 3028 1161 3090 πυκινὴ,
1193 3026 1349 3093 ἀραιά.

363 3183 528 3234 Eme.
561 3194 790 3231 xxxvu.
823 3185 851 3229 1
885 3179 1074 3244 Verris]
1123 3180 1352 3231 Notatur

283 3257 498 3310 bominis
523 3259 693 3323 gulosi
714 3267 770 3309 et
793 3257 991 3307 sordidi
1008 3257 1350 3322 impudentia,

285 3337 368 3399 qui
389 3352 452 3388 ea
479 3351 599 3401 quae
621 3334 829 3386 caeteris
851 3334 1082 3385 convivis
1107 3336 1352 3399 apposita

285 3420 453 3475 erant,
486 3417 744 3475 verreret,
789 3420 845 3462 et
891 3412 1095 3476 mappis
1139 3412 1351 3462 condita

268 3489 487 3542 domum
515 3488 784 3540 mitteret:
822 3486 1192 3553 γαστριμαργίας
1205 3503 1351 3554 argu·

285 3575 514 3618 mentum
592 3563 819 3629 ἆρπάζειν
885 3565 1118 3627 ἐσθίοντα,
1182 3565 1351 3629 inquit

286 3640 474 3692 Athen.
543 3655 703 3693 tvm.
770 3647 825 3692 et
880 3642 945 3691 τὰ
1003 3642 1089 3691 τοῦ
1141 3642 1350 3701 πλησίον

287 3720 579 3771 ἐπισπᾶσθαι.
624 3718 813 3783 Verris]
845 3719 1025 3783 Rapis.

343 3802 375 3848 2
405 3799 648 3849 Mammas
683 3797 908 3862 suminis]
952 3798 1144 3848 Sumen
1168 3813 1233 3847 ex
1260 3813 1348 3863 pa·

288 3874 420 3938 pillis
450 3888 627 3939 porcoe
676 3874 743 3924 ab
776 3873 922 3925 edito
963 3873 1094 3925 foetu
1139 3877 1349 3938 occisae,

289 3966 488 4018 quoque
525 3951 688 4015 magis
725 3951 954 4001 lacteum
991 3957 1105 4001 erat
1126 3951 1222 4000 boc
1243 3965 1349 4002 am·

288 4030 415 4092 plius
451 4028 949 4089 commendabatur3
995 4030 1032 4079 l.
1057 4033 1139 4079 18.
1181 4030 1349 4094 epigr.

289 4109 364 4155 44.
427 4106 770 4169 Imbria-eraque
813 4105 965 4170 porci]
1029 4105 1348 4155 vertebram

291 4182 510 4248 demptis
565 4182 742 4234 costis.
787 4181 1039 4246 Anglice:
1074 4183 1155 4231 the
1192 4183 1346 4233 chine.

293 4258 605 4322 Auriculam,
622 4259 684 4311 P.
706 4258 1015 4322 Scriverius,
1038 4273 1152 4323 quae
1173 4257 1348 4309 imbri-

294 4348 400 4384 cem
418 4333 607 4386 refert.

2333 415 2503 479 1147

1506 573 1536 618 3
1579 569 1985 634 Communemque,
2023 569 2132 634 sa]
2189 567 2502 634 Appositam

1441 645 1641 695 duobus
1664 646 1916 696 convivis.
1931 644 2187 709 Attagen‚
2210 646 2307 696 Gr.
2336 647 2504 696 Ἀττα-

1436 723 1547 785 γᾶς.
1614 721 1703 773 Al.
1738 721 2019 772 Hasd-bun.
2056 722 2270 785 Munus,
2292 722 2385 773 Gr.
2406 720 2507 783 τρί·

1434 808 1558 862 Ὕλα.
1572 800 1721 862 Belg.
1736 800 1958 850 Burbeel.
1971 800 2166 863 Lupus,
2187 799 2284 848 Gr.
2306 798 2505 862 λάβραξ.

1437 875 1594 939 Belg.
1616 875 1921 926 Zee-snoeok.
1957 875 2216 939 Muraena,
2231 872 2380 937 finita,
2406 876 2503 925 Gr.

1437 950 1683 1017 σμύραινα.
1751 951 1835 1002 Al.
1880 953 2135 1002 Mem-ael.
2185 950 2292 1001 Sed
2317 952 2506 1002 Murae-

1434 1031 1576 1092 nula,
1598 1030 1750 1093 Belg.
1784 1045 1868 1079 een
1894 1028 2223 1092 Negent-ooge.
2581 1038 2588 1047 “

1500 1112 1531 1155 5
1592 1107 1854 1171 Femurque
1901 1103 2045 1170 pulli]
2112 1103 2330 1170 Optima
2377 1105 2504 1170 pulli

1434 1199 1576 1249 pars,
1609 1184 1777 1235 femur
1809 1192 1865 1234 et
1886 1185 1986 1234 ala.

1498 1266 1531 1311 6
1600 1261 1980 1324 Stillantemque,
2036 1261 2145 1326 &exj
2211 1260 2503 1310 stillantem

1432 1337 1585 1399 aliea,
1618 1335 1921 1402 qna-fartus
1943 1344 2078 1401 erat,
2102 1336 2189 1386 vel
2223 1343 2501 1387 natantem

1432 1415 1485 1464 in
1511 1414 1842 1465 condimento
1863 1414 2032 1478 alicae,
2052 1429 2169 1479 quae
2194 1412 2256 1465 fit
2275 1429 2341 1463 ex
2378 1430 2473 1464 zea
2487 1432 2504 1479 ς

1431 1490 1571 1540 Plin.
1594 1491 1631 1540 1.
1659 1494 1739 1540 10.
1778 1505 1827 1540 c.
1849 1490 2112 1555 8.‘itaque
2144 1491 2162 1519 ⁴
2180 1491 2302 1541 sua'
2338 1491 2500 1541 refer-

1435 1573 1521 1615 tur
1544 1564 1611 1615 ad
1634 1566 1841 1628 alicam,
1874 1581 1977 1631 qua
2017 1565 2182 1617 fartus
2223 1573 2373 1629 erat;
2414 1569 2500 1618 vel

1429 1643 1494 1692 ad
1520 1657 1687 1707 zeam,
1705 1659 1823 1708 quae
1859 1643 2115 1707 palumbis
2139 1644 2306 1695 cibus.

1495 1725 1526 1770 7
1561 1721 1793 1771 Madente
1823 1721 2018 1785 mappa]
2039 1720 2087 1771 A
2111 1721 2424 1787 pinguedine
2445 1729 2503 1784 et

1429 1798 1775 1849 condimentis
1800 1799 2054 1850 ciborum.

1492 1880 1528 1926 8
1564 1877 1862 1938 Traduntur,
1880 1876 1991 1940 ξω]
2027 1877 2073 1926 E
2097 1890 2242 1927 more
2269 1876 2502 1927 Romano

1430 1951 1627 2003 licebat
1660 1953 1908 2016 convivis,
1948 1959 2131 2016 rogata
2152 1952 2500 2003 convivatoris

1431 2028 1600 2091 venia,
1624 2027 1821 2093 aliquid
1842 2029 2195 2092 appositorum
2213 2042 2394 2093 secum
2413 2044 2503 2079 au-

1430 2105 1589 2167 ferre,
1613 2104 1695 2153 vel
1714 2118 1810 2169 per
1832 2104 1986 2154 alium
2009 2104 2239 2156 mittere.

1494 2185 1528 2237 9
1562 2182 1668 2231 Nos
1687 2180 2019 2244 occumbimus,
2040 2181 2145 2245 ξω]
2178 2182 2299 2233 Non
2313 2181 2504 2237 haben-

1430 2267 1511 2310 tes
1534 2259 1588 2309 in
1612 2274 1714 2324 quo
1737 2259 1921 2308 dentes
1941 2273 2297 2311 exerceamus.
2338 2260 2425 2310 Sic
2439 2267 2505 2310 et

1431 2336 1635 2388 Graecis
1653 2333 1917 2399 σχολάζειν
1929 2335 2173 2386 dicuntur
2189 2337 2239 2386 in
2251 2337 2509 2400 convivio,

1370 2426 1373 2429 ·
1430 2414 1520 2478 qui
1561 2412 1629 2463 ab
1657 2412 1871 2464 edendo
1907 2419 1963 2464 et
2002 2412 2232 2468 bibendo
2276 2421 2501 2465 cessant.

1436 2492 1643 2542 Heraea.

1501 2574 1559 2619 11
1606 2569 1814 2632 Vocabo]
1861 2569 2080 2632 Optime
2120 2570 2356 2633 reposuit
2391 2572 2503 2620 Do-

1435 2645 1613 2696 mitius
1638 2647 1822 2709 oocuvi,
1854 2645 2119 2696 locutione
2166 2645 2376 2710 quidem
2421 2662 2502 2695 so-

1427 2723 1578 2784 loeca,
1601 2736 1759 2771 sensu
1793 2723 1945 2786 longe
1969 2720 2229 2783 acutiori3
2267 2736 2321 2786 q.
2344 2721 2396 2771 d.
2447 2724 2501 2771 in

1427 2798 1733 2850 hodiernum
1769 2799 1904 2848 diem
1938 2804 1991 2848 te
2028 2797 2269 2862 invitavi,
2306 2813 2406 2847 non
2442 2805 2501 2848 ut

1427 2875 1542 2925 haec
1565 2875 1616 2924 in
1640 2875 1924 2926 crastinum
1948 2873 2279 2924 reservares:
2302 2888 2501 2939 repone

1428 2951 1609 3016 itaque
1629 2966 1749 3017 quae
1782 2950 2060 3021 sustulisti.

1495 3029 1661 3079 Eme.
1684 3040 1937 3078 xxxvm.
1989 3032 2017 3076 1
2057 3028 2187 3083 Quid
2228 3028 2364 3091 mihi,
2391 3030 2500 3100 ξω]

1428 3105 1560 3155 Lino
1598 3104 1942 3169 exprobranti
1973 3104 2211 3154 Martiali
2239 3119 2501 3160 secessum

1426 3182 1477 3230 in
1537 3196 1719 3246 agrum
1793 3181 2201 3245 Nomentanum,
2276 3182 2503 3245 roganti-

1423 3273 1527 3323 que
1552 3258 1674 3326 quid
1707 3257 1921 3310 haberet
1939 3258 2138 3308 reditus
2162 3271 2228 3308 ex
2248 3273 2374 3323 agro
2393 3268 2501 3307 tam

1427 3350 1600 3386 macro
1651 3343 1708 3386 et
1753 3334 1938 3398 sterili,
1996 3334 2281 3398 respondet
2331 3334 2500 3385 Poeta

1428 3425 1496 3461 ex
1534 3412 1824 3476 inopinato,
1864 3412 1909 3461 si
1945 3410 2073 3461 nibil
2097 3410 2255 3476 aliud,
2280 3419 2426 3462 certe
2439 3426 2504 3470 se

1427 3487 1526 3540 hoc
1551 3488 1756 3539 fructus
1780 3503 1845 3536 ex
1882 3503 1945 3538 eo
1983 3502 2194 3553 capere,
2227 3495 2287 3539 ut
2323 3497 2500 3541 careat

1428 3572 1718 3629 conspectu
1743 3564 1861 3615 Lini
1880 3563 2100 3613 hominis
2124 3564 2315 3616 odiosi.

1495 3643 1657 3694 Erro.
1685 3653 1892 3692 xxxrx.
1937 3644 1964 3689 1
1995 3641 2215 3703 Coccina,
2233 3640 2341 3703 qma]
2365 3642 2492 3690 Ves-

1429 3727 1512 3771 tes
1540 3718 1640 3769 sibi
1662 3723 1842 3767 mutuo
1864 3716 2078 3766 mittere
2114 3715 2363 3766 divitibus
2391 3714 2497 3767 1104

1426 3797 1591 3847 mauis
1624 3798 1674 3846 in
1712 3810 1806 3845 usu
1827 3801 1961 3844 erat.
1997 3792 2100 3843 Sed
2118 3807 2214 3843 cur
2248 3800 2305 3843 tu
2348 3795 2501 3843 vesti-

1425 3883 1606 3925 menta
1621 3888 1882 3938 purpurea
1895 3878 1952 3922 et
1966 3870 2204 3920 violacea
2222 3870 2500 3924 adulterae?

1424 3950 1591 4013 magis
1613 3949 1688 3998 illi
1712 3948 2015 4001 conveniret
2037 3953 2160 4009 toga
2178 3947 2349 3997 missa.
2382 3949 2497 3997 Me-

1426 4027 1645 4077 retrices
1670 4033 1842 4076 autem
1866 4031 1999 4075 utet
2023 4023 2269 4074 adulterii
2291 4027 2497 4075 convic-

1426 4115 1520 4168 tae,
1551 4105 1602 4154 iu
1624 4102 1887 4168 publicum
1905 4109 2102 4168 togatae
2123 4102 2425 4167 prodibant,
2440 4111 2498 4152 ut

1425 4182 1869 4245 dignoscerentur
1906 4195 1939 4230 a
1956 4179 2115 4230 castis
2138 4180 2385 4230 matronis
2397 4190 2500 4231 sto-

1424 4259 1544 4307 latis
1562 4274 1577 4318 ;
1600 4257 1763 4320 epigr.
1779 4259 1864 4304 64.
1887 4256 1922 4307 l.
1936 4260 1985 4307 6.
2008 4270 2145 4306 vers.
2164 4260 2212 4306 3.
2235 4264 2288 4304 et
2305 4256 2497 4307 Juveu.

1424 4340 1471 4387 2.
1492 4340 1574 4386 70.
1641 4333 1879 4386 Turneb.
1919 4334 1956 4385 1.
1974 4338 2054 4385 16.
2072 4349 2119 4383 c.
2144 4338 2223 4385 19.
2244 4334 2499 4397 [anthino]
