2985 4937
662 441 733 488 M.
787 442 953 489 VAI..
1003 443 1426 493 MAR'rlAms
1479 446 1719 496 EPIGR.
1770 449 1911 498 LlB.
1958 452 2059 498 vl.

289 580 410 643 pede
426 579 641 631 sinistro
658 581 764 632 iter
784 584 987 649 ingredi
1008 602 1022 635 ε
1057 587 1134 637 sic
1156 586 1351 636 lumine

259 688 264 693 x
293 657 414 705 laevo
434 657 553 720 quid
570 657 840 724 adspicere
859 660 1154 714 iufaustum.
1188 667 1204 693 ‘
1226 665 1332 715 Nn-

287 732 412 781 mine
455 735 603 784 laevo’
637 744 809 787 tamen
846 739 1093 791 dixerunt
1123 736 1332 806 qnidam

284 809 332 858 in
351 810 715 863 sinisteritate:
753 829 872 864 nam
904 818 1065 866 malos
1088 817 1334 882 quosdam

286 887 445 949 genios
467 888 756 940 bominibus
794 890 1128 942 infortunatis
1166 892 1337 943 adbae-

283 970 451 1015 rentes
516 966 913 1030 existimabant,
979 975 1037 1019 et
1090 968 1293 1019 adfixos
1317 985 1333 1020 z

282 1039 435 1091 donec
462 1056 552 1091 eos
588 1043 642 1091 in
683 1043 838 1093 imnm
863 1045 1013 1095 exitii
1038 1046 1333 1096 barathrum

281 1115 648 1175 deturbassent.
682 1120 887 1171 Herald.
955 1123 1163 1172 Numine
1198 1121 1336 1186 laevo]

279 1191 560 1245 Aversante
586 1198 699 1247 Deo
720 1214 733 1248 :
768 1198 941 1247 sidere
961 1212 1059 1247 non
1083 1197 1270 1248 fausto.

336 1276 364 1318 5
393 1271 578 1323 orbata
593 1275 837 1338 Bononia]
855 1276 993 1325 Hinc
1003 1277 1211 1341 collige,
1231 1278 1335 1325 Ru·

276 1342 372 1396 fum
407 1346 568 1398 fuisse
594 1349 988 1402 Bononiensem.

333 1429 365 1474 6
395 1427 620 1492 AEmilia]
672 1430 986 1480 Lombardia
1017 1431 1091 1481 cis
1113 1431 1334 1482 Padum.
1373 1424 1376 1427 ’

281 1502 455 1565 Epigr.
477 1510 529 1554 4.
554 1505 643 1554 lib.
668 1509 717 1555 3.
740 1521 879 1556 vers.
901 1512 953 1556 2.

334 1583 363 1626 8
385 1580 794 1647 VideratAlpkei]
811 1583 1055 1648 Quinque
1065 1584 1332 1646 lustra‚vel

277 1654 627 1721 Olympiadas,
656 1661 883 1724 quinque
916 1660 1193 1726 Olympica
1219 1676 1330 1711 cer·

275 1734 456 1784 tamina
469 1735 535 1785 ad
553 1736 814 1800 Alpheum
832 1753 1033 1788 amnem
1052 1738 1331 1788 celebrata.

272 1811 397 1859 Vide
418 1827 531 1877 qnae
548 1813 614 1863 ad
632 1819 830 1866 vs.480.
846 1815 1010 1865 Herc.
1030 1814 1126 1866 Fu.
1145 1817 1332 1868 Seuec.

334 1893 394 1938 10
433 1890 634 1956 Tenere]
673 1892 751 1941 Tu
782 1892 962 1942 solitus
1004 1907 1061 1942 es
1093 1893 1332 1946 ediscere

275 1973 440 2017 nostra
465 1968 877 2032 Epigrammata.

334 2048 393 2094 12
450 2048 611 2109 Atque
652 2048 754 2097 Itoec
790 2047 1016 2111 absentis,
1049 2049 1155 2112 eya]
1201 2050 1331 2099 Vice

275 2121 449 2185 thuris,
467 2125 608 2187 quod
635 2125 748 2188 ipse
783 2140 1013 2189 praesens
1052 2140 1182 2189 rogo
1203 2126 1330 2190 inje-

274 2198 466 2263 cissem,
496 2204 647 2265 (nam
700 2203 816 2251 tbus
859 2209 917 2253 et
961 2202 1149 2252 odores
1203 2216 1331 2267 rogo

272 2276 543 2328 amicorum
563 2278 865 2342 injiciebant
876 2277 1072 2345 amici,)
1087 2293 1218 2343 cape
1235 2281 1332 2329 boc

272 2350 483 2405 Carmen
506 2356 755 2405 absentis.
792 2349 1111 2422 Epigramm.
1134 2361 1217 2407 26.
1240 2357 1331 2408 lib.

229 2462 240 2478 .
272 2432 344 2494 10.
364 2445 493 2482 vers.
513 2437 568 2482 8.

331 2509 488 2559 Erre.
504 2523 751 2559 Lxxxvr.
787 2510 1041 2562 Queritur
1065 2511 1164 2561 sibi
1190 2526 1329 2575 aegro

227 2653 232 2654 ⁷
271 2584 470 2633 assidue
515 2585 795 2635 bibendam
844 2586 1062 2637 calidam
1101 2602 1167 2637 ex
1202 2604 1331 2651 prae-

271 2662 458 2727 scripto
478 2663 721 2725 Medici3
755 2666 931 2715 mallet
966 2666 1201 2715 Setinum
1243 2680 1331 2715 no-

272 2737 389 2803 bile,
405 2742 485 2789 vel
502 2740 730 2803 gelidam
756 2756 960 2806 aquam,
976 2757 1094 2807 qnae
1111 2743 1332 2793 decocta

274 2818 681 2882 temperabatur.

333 2899 358 2942 1
408 2894 656 2958 Setinum]
685 2895 876 2945 Vinum
919 2896 1093 2948 nobile
1126 2912 1155 2947 e
1190 2897 1335 2947 Setia

271 2969 569 3034 Campania
594 2971 808 3035 oppido.
875 2972 1208 3035 Dominoeque]
1227 2973 1333 3022 No·

273 3043 411 3112 biles,
450 3049 539 3098 vel
559 3047 564 3050 ’
584 3063 699 3112 quae
757 3055 1055 3113 temperant
1108 3051 1333 3099 calorem

270 3123 388 3175 vini.
455 3125 615 3174 Densi
656 3124 881 3188 trientes]
931 3126 1069 3175 Vide
1115 3127 1217 3190 Ep.
1249 3131 1333 3177 64.

272 3201 356 3252 lib.
377 3208 428 3252 5.

330 3282 360 3327 3
396 3279 605 3339 δίκαιε,
625 3277 737 3343 ξω]
772 3278 1006 3328 Demens
1029 3282 1190 3327 estet
1227 3276 1333 3329 for·

273 3358 406 3404 tnnae
446 3357 705 3419 ingratus,
746 3355 836 3420 qui
874 3369 940 3404 ex
986 3361 1108 3405 voto
1150 3355 1336 3419 Midae,

270 3446 422 3481 aurea
458 3432 552 3481 siti
576 3432 782 3481 mavult
817 3432 1007 3495 perire,
1029 3447 1180 3497 qnam
1204 3432 1334 3481 deli·

269 3517 385 3560 cata
415 3510 540 3559 vina
577 3516 633 3559 et
666 3509 893 3559 nobilem
940 3508 1217 3558 decoctam
1257 3508 1335 3557 bi-

272 3586 421 3638 bere:
462 3587 614 3650 qnasi
646 3587 813 3649 dicat,
834 3586 1055 3650 Insanit,
1078 3587 1167 3652 qni
1189 3586 1336 3637 colli-

274 3663 347 3725 git
369 3678 520 3728 opes,
542 3672 596 3713 et
620 3663 755 3713 bibit
772 3662 1013 3718 calidam.

334 3747 362 3789 5
400 3741 652 3790 Possideat
676 3740 878 3804 Libycus
893 3754 1080 3800 messes,
1095 3739 1204 3803 sm]
1223 3741 1336 3789 Me·

274 3815 417 3866 dicus
473 3818 560 3867 vel
602 3817 731 3866 alins
773 3816 1030 3886 guispiam
1070 3816 1336 3881 possideat

275 3902 526 3955 quantum
563 3894 718 3943 metit
750 3891 952 3956 Africa,
982 3891 1176 3942 babeat
1203 3886 1337 3942 anri·

273 3966 401 4018 fluos
423 3984 622 4031 amnes,
645 3969 768 4019 dum
804 3984 990 4035 aquam
1027 3969 1173 4020 bibat
1209 3970 1338 4020 cali-

274 4044 428 4094 dam:
466 4045 594 4096 mihi
615 4045 698 4096 vel
721 4046 936 4109 pauperi
972 4043 1134 4095 liceat
1164 4044 1338 4095 vinnm

276 4123 482 4174 biberet
531 4129 547 4153 ‘
570 4126 701 4174 tanti
755 4125 877 4175 mihi
922 4139 1027 4175 non
1072 4125 1142 4174 sit
1186 4126 1337 4187 opaci

274 4201 460 4252 Omnis
496 4216 654 4251 arena
689 4201 855 4265 Tagi,'
890 4203 990 4251 &c.
1026 4208 1086 4249 nt
1133 4214 1340 4252 caream

278 4277 436 4328 nobili
460 4279 579 4329 vino
601 4277 808 4330 nivibus
831 4277 1016 4329 diluto.
1055 4278 1187 4328 Vide
1208 4279 1337 4344 Epi·

2294 433 2465 501 1273

1406 602 1637 652 gramma
1679 589 1847 654 χθιζὸν
1895 590 1994 653 ἐμοὶ
2043 589 2262 643 νοσέοντι.
2301 590 2393 641 lib.
2408 596 2470 647 2.

1408 662 1619 715 Anthol.
1652 680 1766 731 cap.
1790 671 1871 717 47.
1902 668 2192 720 Scriverius
2216 684 2281 718 ex
2304 664 2465 731 scrip-

1406 747 1528 789 tura
1563 742 1617 791 in
1654 757 1745 792 ora
1778 745 1877 794 Ed.
1911 744 2150 796 Juuianae
2190 751 2467 808 prestante

1406 817 1549 867 libet.-
1600 830 1753 883 quam
1810 830 1867 870 et
1918 822 2156 885 agnoscit
2197 822 2466 872 Turnebus

1408 908 1520 943 esse
1542 894 1593 943 in
1617 911 1709 945 suo
1731 896 1834 946 Me.
1870 904 1927 948 et
1960 899 2253 962 suspicatur
2289 898 2465 960 legen-¹

1409 971 1531 1021 dnm
1564 973 1698 1035 livet,
1732 974 1787 1024 id
1827 981 1931 1039 est,
1970 974 2059 1039 qni
2099 973 2225 1023 mihi
2267 973 2468 1025 invidet

1409 1062 1591 1113 aquam
1638 1047 1896 1114 frigidam.
1973 1050 2270 1101 Gronovius
2306 1051 2468 1101 etiam

1408 1123 1684 1187 legendum
1725 1133 1906 1176 censet
1947 1127 2096 1186 livet3
2151 1127 2240 1176 sed
2291 1126 2467 1190 paullo

1410 1199 1511 1249 alia
1546 1200 1964 1265 significatione:
2021 1217 2124 1252 non
2169 1203 2327 1265 enim,
2377 1203 2468 1267 qui

1408 1280 1532 1329 mibi
1550 1280 1753 1331 invidet
1767 1297 1949 1347 aquam
1969 1283 2180 1346 proprie
2195 1281 2439 1345 frigidam
2453 1298 2468 1332 x

1411 1357 1500 1421 qui
1522 1372 1623 1407 non
1656 1365 1831 1422 potest
1854 1359 2075 1423 intelligi
2096 1359 2193 1408 nisi
2219 1358 2468 1408 medicus.

1408 1436 1656 1487 Generali
1711 1438 1880 1487 utitur
1934 1437 2297 1488 detestatione.
2381 1435 2468 1485 Sic

1407 1512 1673 1577 dicebant,
1707 1515 1724 1542 ‘
1743 1515 1862 1565 Hoc
1898 1514 2000 1564 illis
2022 1513 2246 1575 accidat,
2268 1513 2356 1577 qui
2377 1526 2469 1563 no-

1409 1590 1490 1640 bis
1536 1592 1672 1640 male
1708 1593 1889 1641 volunt
1913 1595 1944 1638 ι’
1987 1591 2118 1641 ‘boc
2157 1589 2380 1641 inimicis
2413 1594 2470 1640 et

1406 1669 1594 1718 invidis
1616 1670 1806 1719 nostris
1838 1669 2079 1720 accidat!

1447 1746 1634 1794 Eme.
1670 1759 1925 1795 Lxxxvn.
1960 1749 1985 1795 1
2032 1745 2103 1795 Tu
2141 1745 2323 1807 Coesur,
2359 1742 2469 1806 ξω]

1379 1821 1511 1874 ‘Qui
1536 1821 1632 1872 tibi
1657 1828 1805 1886 potes
1827 1822 1970 1884 dare,
2005 1836 2103 1871 nec
2142 1835 2272 1884 opus
2308 1818 2470 1868 babes

1409 1897 1473 1947 ab
1491 1898 1593 1947 alio
1615 1913 1769 1964 quam
1813 1914 1845 1948 a
1878 1899 1989 1948 Diis
2023 1904 2079 1948 et
2118 1898 2288 1960 teipso
2310 1896 2468 1960 quic-

1408 1989 1559 2039 quam
1583 1984 1886 2041 expectare.
1953 1977 2110 2040 Epig.
2131 1980 2214 2025 33.
2238 1975 2329 2024 lib.
2353 1978 2434 2023 10.

1472 2052 1632 2102 Eme.
1657 2065 1939 2103 nxxxvur.
1980 2052 2113 2102 Mihi
2148 2048 2344 2100 excidit
2378 2062 2471 2097 no-

1408 2140 1526 2176 men
1550 2135 1695 2178 tuum
1711 2135 1764 2178 te
1780 2129 2046 2193 salutanti,
2062 2136 2118 2178 tu
2135 2126 2369 2177 multasti
2388 2139 2470 2175 me

1409 2206 1663 2267 sportula.

1474 2283 1502 2328 l
1568 2278 1689 2330 Vero
1722 2284 1771 2329 te
1805 2279 1990 2328 nomine
2024 2276 2157 2342 casa]
2194 2279 2346 2328 Mero
2381 2283 2473 2326 tuo

1405 2355 1631 2418 nomine,
1670 2370 1768 2406 nec
1809 2355 2070 2419 appellavi
2112 2363 2167 2404 te
2206 2353 2470 2403 domiuum

1405 2446 1498 2482 seu
1523 2438 1821 2497 patronum,
1850 2447 1918 2482 ex
1953 2446 2098 2482 more
2119 2432 2368 2482 clientum
2389 2445 2470 2480 sa·

1402 2511 1693 2561 lutantinm.

1468 2590 1499 2635 3
1551 2587 1733 2643 Quanti
1774 2587 1986 2650 libertus,
2027 2586 2136 2651 ξω]
2187 2585 2280 2634 Vis
2333 2583 2476 2634 scire

1404 2659 1643 2727 quantuli
1661 2677 1743 2711 me
1767 2662 2069 2713 asseruerim
2092 2663 2146 2711 in
2162 2663 2294 2711 hauc
2315 2660 2471 2710 liber·

1407 2746 1569 2790 tatem
1617 2747 1676 2789 ut
1711 2739 1918 2789 domino
1964 2738 2233 2789 carerem?
2273 2736 2472 2809 mulcta

1406 2824 1554 2867 certe
1593 2825 1649 2867 et
1684 2817 1898 2881 jactura
1943 2816 2234 2880 sportulae3
2286 2813 2342 2878 id
2374 2819 2474 2876 est,

1406 2893 1592 2944 decem
1646 2907 1986 2943 nummorum.
2071 2891 2307 2951 Libertas
2369 2888 2474 2939 ἀντὶ
2556 2895 2561 2896 ’

1408 2968 1662 3034 παῤῥησίας
1682 2985 1782 3020 non
1808 2985 1912 3027 uno
1934 2970 2067 3021 loco.
2134 2967 2273 3018 Heic
2297 2973 2472 3017 antem

1410 3048 1622 3099 videtur
1643 3047 1812 3109 accipi
1835 3060 1988 3111 posse
2024 3045 2238 3110 propria
2276 3041 2474 3107 signifi-

1408 3123 1648 3175 cationez
1689 3133 1806 3172 nam
1846 3123 1935 3188 qui
1968 3122 2230 3172 dominnm
2261 3133 2363 3169 non
2385 3118 2476 3168 ha·

1408 3201 1520 3262 bet,
1535 3202 1668 3251 liber
1689 3208 1798 3251 est:
1822 3207 1880 3249 ut
1900 3206 2114 3249 contrat
2149 3196 2288 3247 unde
2312 3198 2474 3246 Mart.

1406 3277 1501 3328 lib.
1541 3283 1588 3327 1.
1645 3280 1661 3307 ⁶
1687 3279 1733 3327 E
1773 3291 1926 3327 servo
1977 3277 2080 3325 scis
2130 3280 2186 3325 te
2227 3274 2477 3338 genitum,

1408 3354 1698 3417 blandeque
1736 3352 1950 3403 fateris:
1984 3353 2116 3401 Cum
2138 3351 2268 3399 dicis
2293 3348 2473 3399 Domi-

1408 3444 1531 3481 num
1551 3431 1824 3482 Sosibiaue
1847 3426 2085 3493 patrem.’
2149 3426 2323 3476 Multa
2336 3425 2474 3475 enim

1407 3509 1559 3559 simul
1581 3522 1698 3557 cum
1711 3507 1956 3556 libertate
1976 3507 2211 3555 Romana
2235 3503 2475 3553 aboleve-

1409 3594 1563 3635 runt:
1590 3585 1810 3649 plnrima
1832 3588 2120 3634 verterunt.
2146 3579 2357 3631 Domini
2372 3592 2474 3629 vox

1409 3665 1463 3713 iu
1492 3662 1890 3713 salutationibus
1927 3661 2192 3727 frequens,
2235 3668 2474 3722 tempore

1412 3741 1670 3791 Martialis
1690 3738 1832 3800 ;imo
1845 3746 2032 3790 antea:
2058 3751 2175 3808 nam
2191 3740 2249 3784 et
2274 3735 2474 3784 Seneca

1414 3825 1641 3868 testatur
1684 3817 1889 3881 ignotos
1928 3816 2004 3865 ita
2018 3812 2236 3863 salutari
2259 3811 2474 3861 solitosz

1412 3894 1488 3943 sic
1542 3891 1774 3951 δεσπότην
1818 3894 2133 3956 usurparunt
2187 3885 2363 3940 Graeci
2418 3885 2474 3936 in

1412 3969 1805 4020 salutationibus
1827 3983 1840 4015 ε
1874 3974 1931 4017 et
1957 3965 2250 4031 promiscue
2271 3965 2370 4015 hac
2393 3978 2473 4015 sa·

1410 4046 1661 4096 lutatione
1701 4046 1781 4095 usi
1820 4049 1963 4104 snut,
1997 4044 2232 4093 Romano
2258 4041 2475 4107 imperio

1413 4122 1599 4174 additi.
1634 4122 1843 4172 Her-ald.
1915 4120 2137 4183 Constet]
2166 4119 2302 4172 Quia
2323 4119 2474 4170 libcr-

1414 4205 1579 4249 tatem
1605 4197 2052 4263 adipiscebantur,
2090 4197 2179 4263 qui
2201 4212 2316 4249 eam
2336 4195 2471 4247 redi·

1411 4290 1554 4328 mere
1577 4280 1838 4342 poterant.
