2985 4937
464 384 642 463 1090

467 543 682 608 Lam-t]
720 543 987 595 Dirimant
1009 546 1066 593 et
1094 541 1388 592 dissolvant
1411 552 1534 590 nau·

469 622 740 672 machiam.

470 700 631 749 Eme.
679 710 820 747 xxv.
876 696 1165 746 Domitiani
1209 693 1536 745 clementiam

539 773 772 837 Neptuni
816 772 1034 822 saevitiae
1081 770 1375 835 anteponit,
1417 785 1537 821 cunt

533 854 750 904 fictitius
768 854 854 904 hic
879 853 1119 903 Leander
1138 867 1168 901 e
1191 852 1415 902 cesaris
1435 848 1539 900 tna·

534 933 582 982 ri
605 931 1041 995 Amphitheatrali
1074 930 1320 992 enatarit,
1341 929 1428 977 ille
1454 942 1540 977 ve-

536 1025 626 1058 rus
650 1009 701 1057 in
728 1009 1075 1072 Hellesponto
1095 1007 1330 1071 perierit.

533 1090 568 1135 2
589 1086 816 1148 casm-it,
831 1083 939 1148 ξω]
960 1085 1163 1134 Pontus
1176 1098 1208 1133 a
1221 1084 1431 1133 Caesare
1442 1096 1540 1146 per

468 1162 624 1213 tubos
647 1162 700 1211 in
722 1160 1110 1224 Amphitheatr.
1146 1159 1408 1211 inductus.

536 1243 567 1288 8
595 1239 716 1288 Cum
729 1237 1052 1301 patenas-e]
1099 1235 1370 1286 Distichon
1386 1249 1537 1298 supe·

467 1315 576 1367 rius
596 1316 806 1378 plenutn
823 1313 1006 1364 habuit
1023 1312 1411 1377 epigrammatis
1425 1326 1539 1360 sen-

467 1407 583 1444 sum
621 1399 678 1443 et
716 1393 1000 1457 argutiam:
1023 1391 1163 1457 quod
1191 1390 1429 1456 sequitur
1461 1396 1540 1439 te·

466 1470 757 1521 trastichon
776 1470 987 1520 videtur
1008 1468 1363 1529 ὑποβολιμαῖον.

451 1560 483 1584 1⁹
500 1551 570 1597 ⁷⁴6
613 1547 845 1610 Uerg-ite,
887 1547 996 1612 ξω]
1058 1546 1148 1597 Sic
1195 1546 1370 1610 epigr.
1422 1546 1536 1594 181.

468 1625 506 1673 l.
532 1627 611 1675 14.
1392 1638 1395 1641 ·

472 1701 638 1750 Erro.
652 1714 812 1751 xxvi.
828 1699 1059 1752 Juvenes
1075 1704 1345 1749 natatores
1357 1696 1541 1746 Nerei·

537 1779 660 1828 dum
682 1777 862 1827 habitu
881 1777 934 1826 in
958 1790 1170 1841 aequore
1198 1772 1541 1838 Amphithea-

537 1855 661 1905 trali
683 1855 922 1916 exhibiti,
936 1869 966 1903 a
990 1855 1200 1904 Caesare
1216 1850 1378 1902 credo
1393 1850 1539 1912 Tito,

536 1948 761 2000 namque
784 1933 951 1982 simile
971 1932 1094 1997 quid
1132 1931 1209 1980 de·
1239 1929 1331 1979 illo
1370 1927 1539 1978 refert

536 2011 679 2061 Dio:
735 2009 868 2074 quod
926 2008 1258 2060 artificiosum
1317 2007 1541 2058 Caesaris

536 2089 896 2151 spectaculum
930 2087 1016 2136 vel
1062 2085 1201 2136 veris
1249 2083 1538 2134 Nereidum

537 2164 740 2214 lusibus
764 2163 1001 2228 praefert.

540 2247 569 2292 1
602 2241 768 2305 lusit]
803 2239 1254 2294 Quemadmodum
1291 2239 1342 2288 iu
1380 2255 1541 2288 τακτι·

472 2321 572 2370 κοῖς
594 2318 903 2371 militaribus
919 2318 984 2367 ad
1011 2318 1209 2381 signum
1234 2315 1379 2365 ducis
1411 2315 1541 2379 figu-

470 2409 557 2444 ras
592 2410 746 2444 omne
783 2409 946 2459 genus
983 2393 1122 2444 acies
1159 2392 1291 2455 edit,
1314 2392 1540 2454 triangu-

470 2474 598 2536 lum,
621 2474 1049 2538 quadrangulum,
1070 2483 1313 2529 cuneum,
1332 2473 1434 2519 ὅτε.
1465 2471 1541 2518 ita

471 2553 758 2603 Natatores
778 2565 907 2617 quos
930 2550 1169 2601 exhibuit
1182 2548 1539 2610 Domitianus,

471 2630 656 2681 habitu
680 2630 988 2691 Nereidum,
1019 2628 1084 2679 ad
1124 2628 1326 2691 signnm
1363 2624 1541 2675 edide-

472 2715 595 2758 runt
654 2723 858 2767 navem,
915 2706 1189 2767 fuscinam,
1243 2704 1539 2765 anchoram,

474 2799 692 2848 remum,
722 2785 913 2834 malum
957 2782 1127 2832 navis«
1146 2795 1267 2831 cum
1317 2779 1543 2830 Castori·

472 2862 588 2925 bns,
603 2869 659 2912 et
682 2862 893 2912 similia:
920 2860 1041 2909 ideo
1059 2857 1227 2908 dixit:
1264 2858 1279 2885 ‘
1306 2856 1377 2905 Et
1399 2854 1541 2905 vario

472 2936 656 2987 faciles
689 2937 874 2987 ordine
896 2935 1070 3001 pinxit
1100 2932 1297 2999 aquas!
1327 2932 1541 2982 Mutato

471 3014 653 3064 ordine
683 3020 741 3064 et
761 3013 916 3075 serie,
952 3011 1212 3076 prodeunt
1244 3009 1347 3058 alia
1380 3016 1540 3073 atque

471 3093 573 3141 alia
605 3092 893 3142 schemata.
961 3092 1131 3144 Quam
1166 3088 1341 3137 nobile
1374 3095 1429 3136 et
1455 3088 1539 3149 jn-

472 3167 700 3217 cundum
719 3166 882 3217 fuerit
902 3167 998 3216 hoc
1023 3164 1401 3229 spectaculum,
1416 3163 1541 3224 illis,

471 3246 559 3311 qni
579 3246 803 3311 aliquem
826 3259 1033 3295 sensnm
1056 3242 1335 3294 illustrium
1360 3242 1540 3290 inven-

472 3319 644 3373 torum
694 3322 913 3384 habent,
964 3319 1345 3387 conjiciendum
1385 3319 1538 3368 relin-

471 3400 694 3464 quimus.
738 3400 823 3450 Ut
848 3398 976 3449 satis
998 3398 1175 3448 mirari
1196 3411 1303 3447 non
1325 3397 1539 3461 possim,

468 3478 596 3527 nulli
613 3477 680 3527 de
698 3484 784 3528 tot
796 3475 1174 3541 interpretibus
1188 3487 1253 3524 ne
1272 3472 1537 3523 minimum

470 3552 681 3619 quidem
704 3554 770 3603 de
793 3552 1057 3603 sententia
1086 3550 1242 3614 hujus
1266 3549 1539 3613 Epigram·

470 3628 625 3679 matis
660 3629 936 3691 ammisse,
956 3642 1113 3693 quum
1140 3625 1403 3675 secundus
1429 3638 1539 3673 ver·

469 3708 663 3757 siculus
706 3708 774 3757 sit
810 3706 926 3757 vice
962 3702 1271 3768 argumenti.
1306 3700 1539 3762 Scaliger.

475 3784 763 3848 Nereidum]
800 3784 1164 3848 Nympharum
1182 3791 1230 3827 m
1240 3778 1363 3839 aris,
1375 3774 1539 3826 Nerei

469 3868 526 3911 ct
549 3860 757 3911 Doridis
788 3859 1011 3909 filiarum
1044 3862 1129 3907 50.
1185 3852 1394 3915 Docilis]
1435 3851 1541 3902 Na·

470 3937 616 3987 tandi
640 3936 857 4001 peritus,
887 3934 1207 3999 respicitque
1239 3936 1255 3961 ⁴
1266 3929 1537 3996 juvenest'

472 4014 556 4063 vel
600 4014 821 4064 edoctus
862 4027 893 4062 a
931 4008 1373 4070 chorodidascalo,
1403 4006 1542 4056 vela

469 4090 689 4140 Thetide
716 4096 807 4140 aut
831 4090 1058 4145 Caesare,
1084 4092 1148 4135 ‘ut
1178 4084 1362 4135 ultimo
1385 4096 1540 4132 versu

471 4168 626 4233 hujus
645 4168 812 4231 epigr.
837 4163 1044 4226 Chorus]
1076 4162 1295 4227 Agmen.
1315 4162 1542 4224 Equum,

471 4244 580 4309 bn]
615 4244 679 4294 In
702 4241 1154 4306 Amphitheatrum
1178 4239 1415 4288 inducto.

539 4327 572 4372 2
606 4320 816 4382 Faciles]
873 4319 1051 4370 Facile
1095 4315 1422 4367 natatorius
1452 4326 1540 4362 ce·

1163 395 1380 445 No‘rAE

1433 392 1835 444 vait-toltum
1889 394 1912 440 1
1925 393 1969 441 N

1609 537 1835 589 dentesz
1872 537 1958 586 vel
1983 534 2216 597 mobiles,
2233 540 2291 585 et
2309 533 2467 585 facile
2486 535 2675 599 ceden-
2767 593 2779 606 „

1612 622 1691 665 tes
1714 614 1782 664 ad
1804 621 1987 665 nutum
2011 612 2248 672 Coesaris,
2269 611 2419 676 cnjus
2442 612 2540 663 hoc
2562 620 2676 663 erat

1611 706 1771 741 mare.
1829 692 2012 741 Ordine
2049 690 2211 755 pinxit
2260 704 2428 754 aquas,
2475 690 2676 740 Fascius

1612 768 1775 832 dente]
1809 770 2019 819 Mutato
2036 767 2220 819 ordine
2239 774 2293 816 et
2311 767 2468 829 serie,
2486 768 2589 818 alia
2601 775 2680 818 at-

1610 861 1712 911 que
1725 846 1839 896 ¹alia
1854 847 2120 895 schemata
2133 852 2507 910 expresserunt
2529 851 2680 896 nata·

1613 929 1775 972 tores.
1840 922 2022 972 Varias
2043 935 2214 971 rerum
2238 920 2429 971 formas
2452 921 2504 970 in
2525 936 2675 986 aqnae

1613 998 1891 1064 superficie
1910 998 2227 1066 (cujusmodi
2250 997 2407 1047 hodie
2434 996 2680 1047 artificio-

1613 1091 1696 1126 sas
1720 1076 1954 1126 videmus
1977 1075 2304 1138 saltationes,
2335 1081 2391 1124 et
2413 1073 2603 1136 figuras
2624 1075 2678 1124 in

1610 1155 1850 1204 τακτικοῖς
1867 1149 2203 1215 militaribus)
2215 1156 2681 1214 oepraesentarnnt,

1614 1233 1774 1283 veluti
1785 1230 2048 1282 Tridentis
2061 1229 2318 1292 Neptuni,
2332 1228 2503 1290 Remi,
2513 1228 2683 1290 Ratis,

1611 1308 1867 1373 Syderum
1889 1305 2202 1371 Διοσκούρων,
2224 1306 2454 1356 Castoris
2472 1313 2528 1355 et
2557 1304 2684 1354 Pol-

1610 1387 1762 1446 lucis,
1782 1385 2050 1436 velorum.
2734 1435 2747 1461 e

1678 1467 1708 1513 8
1745 1461 2027 1526 Nexufuit,
2045 1460 2153 1525 spa]
2187 1460 2349 1509 Forte
2370 1459 2681 1521 Neptunum

1612 1542 1720 1605 egit
1748 1555 1881 1591 unns
1920 1555 1951 1590 e
1975 1537 2322 1597 natatoribus,
2356 1535 2510 1599 eujus
2533 1548 2684 1598 scep-

1613 1626 1753 1669 trum
1794 1617 1993 1684 τρίαινα,
2039 1632 2134 1667 seu
2179 1615 2397 1666 tridens.
2434 1611 2684 1675 Ancum]

1612 1697 1746 1747 Quoe
1767 1710 1906 1746 nnca
1921 1701 1984 1744 et
2000 1695 2227 1744 hamata.
2275 1692 2372 1741 Est
2392 1697 2571 1740 tamen
2595 1691 2685 1756 qui

1614 1773 1689 1822 sic
1715 1773 1857 1836 legat
1877 1780 1935 1820 et
1955 1769 2227 1829 emendet3
2267 1782 2400 1817 nexu
2422 1767 2545 1832 fluit
2565 1782 2686 1817 anco

1612 1862 1824 1903 recurvo.
1888 1849 2024 1900 Quae
2057 1860 2183 1895 sane
2207 1843 2478 1909 scriptura,
2495 1842 2683 1893 mirum

1613 1924 1666 1974 in
1692 1925 1898 1974 modum
1922 1922 2054 1972 facit
2075 1920 2139 1970 ad
2164 1926 2397 1968 nostram
2428 1917 2682 1968 concham

1613 2013 1705 2050 seu
1724 1999 2049 2064 Neptunium
2067 2009 2273 2046 currum
2291 2010 2307 2054 ;
2329 1992 2466 2059 quod
2481 1994 2685 2045 concha

1615 2083 1673 2127 et
1697 2090 1828 2126 anco
1849 2088 2092 2138 magnam
2117 2071 2342 2121 habeant
2373 2070 2514 2118 inter
2539 2085 2597 2121 se
2617 2070 2684 2118 si·

1614 2152 1991 2205 militudinem:
2026 2149 2123 2199 nisi
2148 2146 2285 2213 quod
2311 2160 2445 2197 anco
2486 2147 2539 2195 in
2575 2160 2686 2195 mo·

1614 2231 1737 2280 dnm
1753 2228 1930 2280 ¹cubiti
1970 2241 2064 2276 seu
2102 2215 2314 2287 ἂγκῶνοὲ
2347 2221 2683 2284 inflectatur-3

1615 2314 1673 2356 et
1710 2305 1907 2368 optime
1950 2300 2213 2352 Martialis
2249 2299 2509 2362 explicat,
2545 2313 2685 2349 nexu

1617 2395 1838 2432 recurvo
1854 2381 1906 2429 in
1921 2379 2153 2430 cubitum
2167 2382 2274 2426 eat.
2310 2376 2552 2426 Rodems.
2682 2419 2685 2421 Α

1679 2463 1711 2508 4
1747 2459 1940 2517 Recens,
1960 2454 2071 2519 ὅσα]
2108 2454 2237 2504 Cum
2267 2465 2393 2516 ergo
2414 2459 2688 2516 spectare·

1615 2552 1728 2587 mus
1765 2537 2069 2600 Neptunum
2108 2547 2264 2584 curru
2308 2546 2405 2581 suo
2436 2546 2557 2581 cum
2595 2532 2687 2581 tri·

1615 2615 1777 2666 dente
1797 2615 2088 2672 vehentem,
2108 2608 2426 2660 credidimus
2444 2610 2589 2659 illum
2603 2624 2687 2659 ra·

1614 2692 1657 2741 ti
1673 2707 1770 2741 sua
1785 2692 1902 2741 vehi
1921 2689 2182 2752 remisque
2199 2686 2400 2749 impelli
2419 2706 2435 2749 ;
2455 2686 2531 2737 ita
2547 2701 2687 2736 com·

1615 2767 1766 2817 mode
1784 2775 1840 2816 et
1855 2757 2101 2815 celeriter
2117 2762 2480 2827 promovebat.
2504 2762 2691 2816 Rader.

1678 2847 1712 2894 8
1743 2843 1848 2893 Aut
1871 2841 2047 2902 docuit,
2067 2840 2177 2904 εμπ]
2214 2837 2515 2901 Accepitne
2544 2840 2689 2891 lusus

1613 2920 1771 2969 hosce
1803 2921 1975 2969 Caesar
1998 2932 2031 2966 a
2050 2914 2291 2977 Thetide,
2321 2920 2416 2965 aut
2444 2915 2563 2980 ipsa
2598 2930 2689 2981 po-

1614 2998 1717 3047 tius
1740 3013 1772 3046 a
1789 2998 1998 3046 Caesare
2022 2994 2178 3044 docta
2198 2991 2310 3041 est?

1614 3075 1778 3124 Eme.
1805 3086 1991 3122 xxvn.
2027 3072 2200 3133 Supra
2235 3068 2406 3134 epigr.
2443 3073 2525 3121 15.
2563 3070 2691 3119 Car-

1678 3148 1909 3213 pophoro
1944 3147 2271 3209 Meleagrum
2299 3150 2357 3193 et
2396 3144 2690 3196 Herculem

1683 3225 2008 3292 postposuitt
2046 3224 2128 3273 hic
2162 3222 2333 3271 eidem
2378 3222 2694 3283 Herculem,

1677 3303 1955 3363 Theseum,
2005 3297 2492 3361 Bellerophontem,
2537 3297 2691 3350 Jaso-

1678 3394 1819 3440 nem,
1838 3384 1896 3427 et
1916 3377 2193 3426 Perseum.

1681 3462 1708 3505 1
1744 3455 1913 3506 &cula
1938 3452 2124 3518 prisca]
2159 3450 2365 3504 Quibus
2402 3451 2692 3513 Hercules,

1612 3534 1861 3595 Theseus,
1880 3530 2164 3595 caeterique
2188 3527 2373 3578 heroes
2394 3535 2454 3579 et
2470 3526 2693 3599 semidei

1612 3626 1729 3662 cum
1747 3608 1994 3661 monstris
2015 3608 2404 3672 depugnarunt.
2568 3631 2570 3635 Δ

1677 3694 1708 3739 8
1744 3689 1861 3738 Non
1881 3686 2163 3748 Marathon,
2178 3684 2285 3747 ἐγὼ]
2321 3683 2464 3733 Urbs
2482 3683 2574 3731 iun
2588 3680 2692 3732 At-

1616 3766 1737 3816 ticae
1779 3780 1884 3815 non
1919 3766 2128 3814 timeret
2162 3762 2694 3822 Cretaeumsstau'rum,

1615 3842 1682 3893 ab
1707 3841 1938 3893 Hercule
1960 3853 2180 3890 caesum:
2205 3836 2344 3901 quod
2364 3844 2544 3885 tamen
2559 3834 2691 3883 The-

1613 3936 1704 3973 seo
1725 3920 2059 3974 adscribitur.
2085 3917 2405 3980 Nemeaei-a]
2444 3916 2567 3966 Non
2589 3915 2692 3980 syl·
2757 3929 2760 3932 ’

1616 4016 1682 4050 va
1707 4001 1926 4051 Nemaea
1949 3998 2087 4047 inter
2118 3994 2342 4045 Cleonas
2372 4000 2430 4041 et
2470 3991 2689 4040 Phliun-

1615 4088 1723 4130 tem
1747 4079 2005 4128 timuisset
2038 4077 2240 4125 konem
2257 4085 2412 4133 ;·non
2452 4068 2688 4119 Arcadia

1614 4169 1820 4221 spu-um,
1843 4169 1972 4220 quos
1993 4151 2228 4203 confecit
2253 4146 2541 4197 Hercules.

1680 4237 1713 4283 4
1731 4230 2034 4293 natalium]
2074 4225 2332 4279 Manlau
2353 4222 2480 4273 urbs
2496 4229 2579 4273 est
2589 4221 2690 4271 Ar-
