2985 4937
668 454 746 501 M.
792 453 965 507 vAl..
1011 452 1433 533 Mau'rlams
1482 455 1725 504 ffl’lon.
1773 455 1917 504 mu.
1963 457 2040 506 X.

2273 442 2446 508 1355

277 594 607 660 diuturnioris,
626 610 716 647 seu
745 596 949 661 mortis,
970 600 1126 660 prout
1147 595 1313 646 serius
1382 608 1504 648 num
1528 595 1776 660 praesides
1804 597 2032 661 cornuti,
2065 603 2284 662 propter
2307 599 2446 664 ripa·

279 680 360 723 aut
377 687 530 737 ocyus
561 688 671 724 sors
704 673 915 725 exierit.
979 674 1099 734 Vel,
1136 672 1312 724 electi·
1385 687 1497 723 rum
1519 673 1884 739 alveorumque
1907 674 2236 726 curvitatem.
2274 676 2451 740 Magis

278 748 377 800 onis
402 765 542 813 urna,
572 766 672 816 qua
704 749 832 802 lecti
864 749 1210 801 mittebantur
1246 748 1314 800 ad
1386 750 1599 814 proprie
1640 755 1816 801 tamen
1853 751 2059 803 cornuti
2097 751 2344 803 dicuntur
2372 751 2450 801 illi

276 824 541 889 principem
565 826 742 892 legati.
796 826 1075 890 Cornacum]
1114 826 1161 875 E
1184 825 1314 876 Ger·
1384 824 1550 889 fluvii,
1592 827 1682 892 qui
1720 842 1777 880 se
1818 827 2085 881 deducunt
2120 828 2175 878 in
2218 829 2451 893 geminos

275 902 447 965 mania,
460 918 570 969 quae
587 902 906 967 adArctum,
922 909 978 956 et
994 901 1077 953 cui
1092 907 1316 967 proeerut
1385 902 1630 966 pluresve
1668 903 1878 965 alveos;
1929 905 2065 957 nude
2100 910 2226 955 nuta
2259 904 2451 957 fabulae

274 978 520 1043 Trajanus,
540 979 863 1032 redeuntem.

327 1060 359 1106 2
388 1057 588 1121 mem]
617 1057 917 1123 Trajanum.

329 1135 357 1183 8
387 1133 492 1191 ⁴Quo
505 1149 711 1197 empus,
730 1132 836 1198 ξω]
869 1132 932 1186 In
948 1131 1201 1194 ὃποδοχαῖε
1212 1128 1318 1184 Inl-

273 1213 554 1271 peratorum
590 1207 948 1273 procedebant
983 1208 1192 1259 ordines
1226 1207 1319 1258 ob·

271 1282 417 1335 viam:
458 1300 553 1349 per
595 1300 805 1350 campos
839 1290 899 1335 et
938 1298 1006 1334 ex
1051 1284 1319 1336 arboribus

271 1361 521 1424 spectabat
537 1363 777 1428 populns,
788 1359 1016 1417 foeminae
1032 1374 1099 1411 ex
1120 1359 1320 1413 aedibus

272 1442 320 1486 et
334 1434 566 1489 fenestris
588 1456 604 1489 ι
623 1438 881 1502 tabernae,
900 1436 1167 1502 fenestrae,
1180 1435 1321 1491 fores

270 1512 571 1565 ornabantur
592 1515 758 1578 lauro,
773 1512 981 1578 fronde,
995 1512 1224 1578 floribus,
1242 1513 1320 1565 lu·

270 1588 423 1641 cernis
445 1589 708 1656 appensis.

324 1667 354 1714 4
382 1665 603 1729 Lucebit]
647 1668 910 1718 Fenestrae
946 1666 1102 1728 enim,
1124 1665 1322 1730 janum,

269 1740 358 1791 dte.
377 1739 599 1793 lucernis
616 1742 952 1802 ornabantur,
972 1749 1029 1792 et
1053 1741 1189 1807 ignis
1211 1741 1321 1792 ubi-

269 1830 361 1881 que
379 1819 708 1871 excitabatur
721 1819 775 1869 in
789 1819 1320 1873 solennitatibusillis.

272 1891 337 1943 Et
349 1909 447 1944 non
464 1897 632 1947 solum
646 1895 787 1947 fores
805 1896 1030 1947 lucernis
1040 1896 1319 1958 ornabant3

268 1970 351 2020 sed
363 1979 419 2022 et
446 1974 547 2038 ipsi
566 1988 685 2025 cum
710 1976 933 2026 lucernis
943 1975 1319 2036 9ccurrebant.

269 2047 401 2099 Latia
416 2051 561 2115 nuru]
583 2053 833 2105 Foeminae
849 2055 987 2105 enim
1002 2053 1319 2111 honestiores

267 2139 327 2175 ex
356 2127 548 2181 aedibus
595 2130 1024 2195 prospectabant,
1065 2146 1194 2197 quas
1234 2131 1321 2185 hic

267 2203 344 2253 vel
364 2205 535 2255 Latias
560 2221 722 2259 nurus
744 2208 996 2272 appellat.

326 2284 353 2328 5
387 2282 542 2331 More
556 2283 863 2348 dulces,fi·c.]
894 2284 1319 2350 Ingredientisin

268 2353 438 2405 urbem
460 2357 801 2422 Imperatoris
819 2361 1050 2412 incessus
1072 2362 1246 2413 lentus
1263 2370 1322 2417 et

268 2444 373 2483 cnm
396 2447 605 2499 pompa,
621 2436 859 2489 omnibus
874 2445 1073 2503 gratus.
1128 2438 1323 2505 Pulvis]

267 2506 325 2557 In
346 2510 424 2582 ria
441 2513 724 2566 excitatus.

324 2591 355 2637 ⁶
390 2588 594 2653 Totaque
612 2590 875 2653 flaminia,
895 2591 1003 2657 isc-J
1037 2591 1323 2646 Multitudo

266 2675 465 2727 egressa
487 2668 809 2731 gratulatum
827 2669 963 2722 Caes.
980 2669 1034 2720 in
1056 2668 1142 2722 via
1157 2669 1322 2724 Flam.

266 2753 372 2803 quas
393 2741 731 2804 Germaniam
753 2751 978 2808 spectat.

326 2821 357 2866 7
388 2817 528 2869 Picti
554 2821 741 2883 emico,
767 2821 877 2886 ξω]
942 2823 1117 2873 Luxus
1153 2822 1324 2887 gratia

270 2896 494 2950 nonnulli
513 2896 726 2962 equites
752 2912 897 2948 more
918 2899 1214 2964 Mazacum,
1233 2899 1325 2964 qui

269 2967 437 3034 Libyae
456 2987 587 3037 pop.
604 2978 745 3036 sunt,
760 2976 1174 3040 praecurrebant,
1190 2976 1326 3026 tuni·

269 3058 328 3104 ca
344 3062 440 3099 acu
462 3049 532 3101 ab
558 3049 823 3115 AEgyptiis
858 3051 1125 3103 elaboratu
1144 3052 1329 3105 induti.

268 3120 411 3182 Infra
428 3127 578 3192 Epig.
602 3131 685 3178 13.
695 3127 800 3177 Ἰὼ.
824 3133 874 3179 6.
921 3129 1223 3180 Utebantur
1244 3145 1327 3180 er-

269 3214 330 3263 go
345 3204 559 3257 Romani
576 3206 730 3255 luxus
747 3220 904 3257 causa
918 3208 1109 3258 Mauro
1129 3207 1329 3273 equite.

268 3274 500 3331 Raderus
538 3296 665 3336 vcro
701 3282 835 3336 alam
859 3284 1226 3348 praetorianam
1249 3282 1328 3336 fu·

269 3350 361 3406 ine
381 3356 571 3411 credit.

326 3432 488 3485 Eme.
511 3448 616 3487 vu.
642 3438 671 3485 1
699 3434 889 3499 Rhene]
912 3435 995 3487 Fl.
1016 3435 1330 3502 Germaniae,

268 3508 396 3561 uude
417 3511 675 3577 Trajanus
698 3512 878 3577 Epigr.
899 3526 1061 3575 supra
1076 3525 1213 3563 vers.
1227 3517 1280 3562 2.
1321 3559 1326 3564 .

327 3587 360 3634 2
391 3586 634 3652 Odrysius
655 3587 818 3640 bibunt
829 3587 1055 3652 pruinas]
1080 3589 1260 3654 Epigr.
1278 3593 1331 3641 7.

268 3658 360 3710 lib.
381 3666 431 3715 7.
448 3678 587 3714 vers.
608 3668 660 3714 2.

329 3740 360 3786 ³
398 3739 620 3803 Liqatidis
645 3739 839 3806 fruaris
878 3739 1041 3804 undis]
1095 3741 1219 3794 Non
1261 3740 1336 3790 hi·

270 3809 426 3864 hemo
450 3817 571 3879 gelu
593 3816 913 3870 constrictis.

327 3892 362 3938 4
396 3890 503 3942 Nec
532 3896 583 3942 te
617 3891 834 3955 barbara,
853 3891 961 3956 εγω]
1014 3892 1204 3957 Neque
1243 3907 1334 3941 un.

275 3978 423 4029 quam
444 3968 570 4031 gelu
601 3967 816 4020 duratus
854 3972 1070 4031 pontem
1111 3973 1337 4028 praestes

273 4041 650 4108 transitumque
682 4042 1027 4094 barbarorum
1048 4043 1335 4093 Germano·

274 4128 383 4168 rum
405 4117 717 4169 incursibus.
784 4118 889 4186 Hic
906 4117 1051 4167 locus
1069 4118 1338 4183 ingeniose

252 4240 259 4250 ,
275 4193 564 4257 explicatus
577 4201 659 4246 est
672 4194 739 4246 ab
755 4194 873 4246 Elia
889 4194 1101 4257 Vincto,
1119 4194 1174 4243 in
1188 4194 1340 4258 Come·

233 4321 236 4322 ⁷
276 4278 431 4320 ment.
458 4268 766 4321 Ausonianis
785 4270 854 4321 ad
878 4270 1169 4324 Mosellam.

337 4350 371 4395 6
406 4346 661 4412 Comibru]
700 4348 992 4414 Finguntur
1027 4346 1121 4401 Dii
1165 4344 1311 4400 flumi

1388 980 1591 1031 occasio
1614 980 1681 1033 de
1703 979 1922 1034 Acheloi
1942 996 2104 1032 cornu
2126 981 2194 1032 ab
2216 979 2451 1033 Hercule

1388 1057 1592 1107 avulso.
1659 1057 1895 1109 Rhenum
1931 1057 2123 1122 virgil.
2156 1061 2207 1107 9.
2246 1057 2451 1110 AEneid.

1390 1133 1526 1185 dixit
1569 1133 1835 1187 bicornem
1880 1141 2102 1199 propter
2156 1134 2260 1185 duo
2301 1135 2452 1198 ostia,

1390 1209 1577 1275 quibus
1598 1211 1801 1263 Drusus
1823 1211 2033 1263 tertium
2049 1209 2273 1269 addidit,
2294 1210 2454 1263 ducta

1389 1286 1531 1339 fossa
1553 1287 1799 1340 adversus
1818 1288 2081 1340 incursum
2104 1287 2455 1341 barbarorum.

1389 1362 1598 1426 Aureus]
1632 1363 1717 1413 An
1737 1369 1954 1427 propter
1969 1365 2080 1415 auri
2100 1362 2305 1416 fodinas
2322 1365 2456 1418 Ger-

1391 1439 1612 1489 maniae?
1646 1453 1710 1489 au
1730 1446 1952 1503 propter
1983 1440 2124 1505 ipsos
2165 1442 2456 1493 Germanos

1392 1513 1723 1565 auricomos?
1806 1513 2053 1579 Receptis]
2088 1515 2151 1566 In
2190 1531 2347 1567 unum
2382 1517 2455 1567 al·

1391 1603 1568 1640 veum.

1456 1670 1488 1719 7
1523 1666 1909 1732 Βοωωω,ᾅο.]
1939 1666 2196 1733 Subjecta
2216 1667 2461 1719 Romanis
2572 1747 2573 1750 Ἴ

1393 1740 1462 1795 sit
1484 1742 1765 1794 Germania
1786 1745 1864 1795 cis
1885 1751 2127 1810 transque
2149 1743 2411 1795 Rhenum.

1395 1820 1400 1823 “
1459 1822 1494 1868 9
1530 1818 1708 1882 fibri-s,
1737 1819 1842 1884 δια]
1874 1819 2132 1870 Dominus
2149 1818 2294 1869 orbis
2316 1816 2462 1869 fluvi·

1393 1908 1473 1958 11⁸,
1492 1895 1674 1945 Romae
1711 1895 1919 1947 scilicet
1953 1895 2142 1960 capitis
2182 1902 2238 1946 et
2266 1895 2460 1960 reginae

1395 1972 1706 2037 triumphati
1730 1975 1868 2024 orbis
1904 1973 2091 2027 fluvius
2114 1981 2168 2026 te
2191 1982 2356 2040 rogat,
2377 1976 2462 2027 cui

1393 2057 1569 2103 tamen
1593 2051 1797 2115 imperii
1810 2053 1904 2117 jus
1926 2059 2028 2104 est.
2079 2053 2342 2117 Remittus]
2365 2055 2467 2107 Ro-

1397 2133 1512 2190 gat,
1535 2131 1595 2176 ut
1617 2125 1853 2178 remittas
1865 2128 2174 2194 Traianum,
2188 2143 2355 2195 neque
2378 2142 2464 2179 no·

1395 2222 1460 2258 vo
1482 2207 1656 2272 aliquo
1678 2214 1825 2261 motu
1848 2207 2103 2258 detineas.

1459 2284 1622 2333 Erro.
1645 2297 1773 2334 vm.
1793 2287 1826 2332 2
1859 2284 2028 2346 Magis
2048 2290 2170 2336 esset
2191 2284 2333 2348 um]
2367 2285 2465 2337 Ca·

1396 2356 1519 2423 pulo
1538 2359 1710 2410 vicina
1728 2366 1787 2409 et
1809 2359 1959 2409 brevi
1982 2360 2239 2412 moritura
2259 2377 2276 2413 z
2311 2367 2368 2412 et
2387 2361 2464 2413 sic

1395 2434 1505 2487 cito
1527 2431 1642 2485 fieri
1655 2435 1807 2486 heres
1825 2449 2052 2499 possem.

1460 2513 1628 2562 Eme.
1651 2526 1735 2562 lx.
1777 2510 2019 2562 Affirmat
2061 2512 2324 2563 Martialis
2358 2512 2465 2563 sibi

1394 2586 1589 2639 famam
1610 2587 1811 2652 ingenii
1833 2594 1890 2637 et
1927 2587 2170 2638 carminis
2204 2601 2304 2639 non
2337 2588 2469 2637 invi-

1395 2666 1660 2727 dendam;
1709 2665 1846 2730 qnod
1886 2659 2103 2717 eandem
2149 2665 2333 2730 adepti
2362 2667 2469 2717 siut

1396 2742 1559 2793 multo
1571 2756 1627 2792 se
1640 2739 1914 2792 inferiores
1923 2746 1979 2791 et
1989 2740 2322 2805 indigniores.
2343 2742 2470 2793 Rau.

1464 2820 1490 2865 1
1534 2816 1764 2877 Undenis,
1796 2814 1904 2879 ὅτι]
1968 2816 2466 2883 Hendecasyllabisr

1395 2892 1678 2943 Phaleucio
1702 2892 1950 2944 carmine.

1463 2974 1496 3018 6
1531 2969 1645 3018 Non
1663 2982 1765 3017 sum
1783 2968 2098 3020 Andraemone
2115 2969 2274 3019 notior
2298 2970 2470 3022 Cubul-

1398 3044 1467 3110 lo]
1502 3044 1683 3096 Nolite
1720 3044 1845 3095 mihi
1886 3044 2083 3110 ingenii
2121 3046 2357 3099 invidere
2395 3046 2473 3098 fa-

1400 3136 1560 3186 mam,
1583 3136 1701 3172 cum
1723 3120 1911 3171 minori
1928 3121 2023 3172 sim
2045 3121 2099 3172 in
2118 3124 2292 3188 pretio
2315 3132 2371 3176 et
2394 3124 2471 3175 fa·

1399 3213 1484 3248 ma
1509 3198 1644 3262 apud
1662 3197 1892 3247 scurrilis
1913 3197 2063 3262 liujus
2089 3199 2189 3249 aevi
2229 3201 2476 3263 cultores,

1401 3287 1556 3338 quam
1608 3272 1817 3323 Sextius
1863 3270 2181 3324 Andraemon
2230 3276 2474 3327 caballus

1403 3362 1602 3398 scurra.
1671 3347 1988 3413 Epigramm.
2008 3352 2091 3402 41.
2129 3350 2221 3401 lib.
2247 3354 2297 3402 1.
2337 3365 2472 3402 vers.

1403 3431 1485 3477 17.
1538 3424 1647 3476 Alii
1667 3423 2021 3476 Andraemona
2041 3427 2223 3478 volunt
2243 3443 2356 3481 esse
2387 3445 2475 3480 no·-

1402 3518 1524 3556 men
1555 3501 1745 3552 nobilis
1763 3502 1887 3566 equi
1907 3501 2182 3555 circensis.

1470 3579 1634 3628 Eme.
1658 3590 1714 3626 x.
1769 3576 1975 3628 Divites
2012 3584 2070 3629 et
2113 3580 2281 3631 claros
2327 3596 2476 3647 reque

1406 3653 1622 3719 seniles
1665 3666 1780 3703 esse
1824 3660 1984 3718 atque
2027 3669 2305 3722 pauperes,
2367 3656 2470 3708 imo

1395 3730 1506 3796 jam
1544 3736 1793 3795 patronos
1839 3730 1977 3794 ipsos
2020 3731 2287 3784 clientium
2329 3732 2477 3784 obire
2506 3743 2507 3746 ’

1406 3813 1584 3878 partes
1606 3806 1861 3872 queritur.
2274 3831 2283 3832 ff

1475 3889 1503 3934 1
1543 3886 1666 3934 Cum
1700 3881 1777 3945 tu]
1833 3880 2082 3945 Ejusdem
2121 3881 2316 3948 ingenii
2355 3885 2480 3950 Epi-

1410 3975 1645 4026 gramma
1665 3957 1787 4009 vide
1808 3962 1887 4008 18.
1912 3956 2004 4008 lib.
2018 3961 2072 4008 2.
2097 3965 2154 4008 et
2176 3958 2266 4009 lib.
2282 3966 2333 4011 6.
2354 3961 2479 4027 Epi7

1411 4051 1622 4102 gramm.
1644 4040 1729 4088 23.
1742 4042 1798 4086 et
1814 4034 1848 4088 J
1856 4035 2130 4085 uven.Sat.
2150 4041 2196 4087 1.
2209 4051 2345 4087 vers.
2367 4042 2480 4089 117.

1411 4114 1715 4177 laurigeris,
1728 4112 1835 4178 ξω]
1858 4112 1962 4167 Qui
1978 4112 2115 4176 geris
2134 4113 2483 4178 consulatum,

1411 4207 1565 4260 quem
1589 4190 1686 4240 tibi
1708 4188 1910 4240 ineunti
1930 4195 1986 4238 et
2009 4204 2197 4240 aunum
2220 4192 2484 4255 aperienti

1414 4261 1766 4335 praeferuntur
1785 4263 1954 4317 fasces
1986 4266 2230 4318 laureati.
2296 4267 2482 4332 lutras]

1416 4344 1628 4414 Amris,
1650 4343 1879 4397 inchoas.
1935 4340 2207 4396 claudian.
2229 4343 2480 4410 ‘Jamque
