2985 4937
691 451 769 499 M.
818 452 994 499 VAL.
1047 448 1473 498 MAR'riAms
1525 448 1774 499 EPIGR.
1827 450 1970 499 [AB.
2018 451 2087 496 V.

254 641 263 647 ,
354 600 389 645 8
426 596 676 661 Cecropia,
696 595 807 662 ξω]
844 595 1081 658 Pallade,
1105 594 1356 659 peculiari

287 673 584 723 Domitiani
624 674 865 734 numine3
911 674 1061 736 cujus
1106 671 1265 721 filiuni
1305 685 1360 721 se

286 750 399 800 dici
438 751 689 816 credique
733 751 916 802 voluit.
963 751 1113 800 Suet.
1156 748 1359 799 Domit.

282 841 409 890 cap.
433 830 487 877 4.
510 827 622 876 Vel
645 827 896 889 virginem
918 825 1123 875 Palladi
1140 838 1361 875 sacram.

284 903 458 953 Liber
477 904 579 967 hic,
600 904 770 968 inquit
799 903 988 964 Poeta,
1011 910 1118 953 tam
1152 911 1362 953 sanctus

281 988 377 1031 est
398 986 457 1030 et
479 996 658 1044 purus,
683 987 740 1030 ut
764 982 931 1046 possit
947 995 1121 1032 coram
1144 979 1361 1030 sanctis-

280 1058 439 1108 simis
470 1059 725 1109 Minervae
750 1058 1110 1109 sacerdotibus
1136 1057 1245 1108 siue
1278 1072 1363 1106 ru·

284 1136 427 1184 bore
450 1135 569 1199 legi.
606 1135 736 1186 Rau.

359 1213 522 1263 Eric.
547 1227 638 1265 ιιι.
674 1218 700 1262 1
725 1212 1034 1274 Accolajam,
1055 1210 1164 1276 ξω]
1195 1211 1363 1300 Degis

278 1289 493 1341 missus.
523 1289 587 1340 ad
633 1297 687 1339 te
727 1289 1048 1353 provinciam
1092 1289 1250 1340 Rom.
1287 1288 1373 1353 cis,

279 1365 594 1417 Danubium
618 1382 648 1416 a
670 1365 941 1416 Decebalo
957 1366 1217 1415 Dacorum
1236 1377 1362 1428 rege

279 1444 406 1509 (qui
431 1444 568 1493 ultra
589 1440 917 1503 Danubium)
931 1442 1133 1507 legatus
1148 1440 1213 1490 de
1229 1454 1361 1505 pace

283 1528 351 1570 et
391 1519 659 1570 obsidibus
696 1518 984 1581 tradendis,
1022 1517 1111 1567 ubi
1136 1525 1189 1568 te
1211 1517 1362 1581 vidit,

281 1598 581 1648 beatiorem
604 1612 659 1647 se
680 1596 844 1646 fratre
866 1611 961 1646 suo
981 1595 1163 1662 (forte,
1184 1596 1358 1645 Dece-

280 1671 441 1738 balo)
485 1673 826 1738 praedicabat,
870 1672 1138 1738 inquiens:
1183 1673 1200 1700 ‘
1235 1672 1357 1722 Sors

284 1749 575 1813 rnea,²-&c.
645 1751 946 1815 Germanice,
986 1750 1130 1815 ripoe]
1177 1750 1357 1815 Epigr.

286 1824 652 1898 praecedente,
675 1843 811 1877 vers.
830 1832 882 1879 4.

358 1909 395 1954 6
428 1903 607 1967 Deum]
638 1905 1007 1955 Domitianum.

358 1983 523 2034 Eme.
569 1997 648 2032 iv.
697 1983 911 2032 Ebriam
953 1982 1235 2048 Myr-talem
1279 1981 1359 2033 in-

289 2067 550 2111 sectatur.
1342 2050 1347 2054 ’

357 2141 393 2187 2
428 2138 590 2188 Fallat
628 2142 685 2186 ut
725 2151 827 2199 uos,
860 2135 965 2200 ξω]
1038 2135 1114 2187 Ut
1153 2135 1362 2200 gravior

288 2213 428 2263 lauri
453 2213 550 2281 vis,
579 2213 766 2263 obruat
789 2213 895 2263 vini
919 2211 1163 2264 odoremt
1199 2212 1280 2263 vel
1302 2216 1364 2263 ut

290 2289 604 2339 ebrietatem
649 2289 928 2340 defendat:
996 2290 1170 2340 laurus
1222 2288 1360 2339 enim

287 2367 507 2417 inimica
556 2368 788 2434 Baccho,
838 2374 986 2419 arcet
1035 2367 1362 2420 ebrietatum.

290 2442 580 2496 Atlienaeus
600 2444 695 2496 lib.
716 2448 765 2497 4.
789 2445 1007 2512 Dipnos.

357 2525 393 2572 8
430 2522 787 2586 Castafrmie,
800 2522 908 2588 ξω]
940 2523 1057 2575 Qua
1073 2528 1230 2573 cavet
1246 2535 1362 2587 gra·

288 2600 605 2656 nolentiam
630 2615 661 2650 a
683 2602 823 2651 vino.

356 2683 393 2729 4
424 2677 574 2727 Hanc
611 2677 689 2741 tn,
722 2678 828 2743 ξω]
911 2678 1131 2731 Quoties
1184 2677 1373 2744 itaque

288 2757 581 2822 Myr-,talem
621 2756 961 2807 rubicundam
998 2765 1057 2808 et
1090 2770 1250 2806 venas
1287 2755 1364 2804 in·

290 2833 475 2884 flatam
512 2836 867 2898 conspexeris,
888 2849 956 2884 ne
977 2834 1207 2898 imputes
1228 2832 1366 2884 Bao·

291 2911 395 2961 cho
415 2911 507 2961 sed
546 2910 803 2975 Apollini,
841 2910 945 2960 noli
982 2912 1126 2961 illam
1163 2910 1361 2960 ebriam

291 2987 475 3038 «licere
513 2988 617 3038 sed.
642 2993 817 3037 vatem
863 2987 1074 3038 numine
1119 2985 1365 3051 afflatam,

294 3072 454 3128 epota
478 3064 642 3126 lauro,
679 3078 780 3115 non
816 3079 967 3113 secus
1002 3079 1070 3114 ac
1092 3064 1178 3113 alii
1212 3071 1363 3113 vates

294 3141 628 3206 ἠθουσωσμδν
635 3152 917 3207 procurant
929 3141 1242 3206 manducata
1253 3142 1363 3191 lau-

240 3215 245 3218 *
297 3235 372 3271 ro.
440 3220 701 3284 Lycopbr.
739 3221 885 3271 Cass.
905 3216 1241 3284 Δαφνηφόγων
1260 3216 1366 3282 φοί-

296 3295 447 3361 Refer
462 3297 520 3347 ἐκ
539 3298 737 3359 muniis
756 3296 868 3348 ὄπα.

357 3376 522 3427 Erro.
538 3390 591 3425 v.
615 3375 1003 3441 Epigrammata
1018 3374 1187 3425 mittit
1204 3375 1373 3425 Sexto

295 3454 409 3518 (qui
457 3453 765 3503 Domitiano
809 3468 841 3504 a
875 3453 1100 3503 secretis
1134 3460 1270 3515 erat,
1309 3460 1367 3503 et

294 3530 631 3581 bibliothecae
652 3545 832 3582 curam
862 3530 1117 3600 habebat)
1138 3546 1254 3596 quae
1276 3544 1368 3595 po·

293 3608 349 3657 ni
370 3609 522 3672 cupit
545 3608 683 3657 inter
704 3607 832 3657 alios
857 3608 1366 3672 Epigrammatarios.

272 3813 280 3821 ,
361 3766 386 3812 1
425 3761 600 3823 Sexte,
636 3759 895 3823 Palatium,
926 3759 1035 3825 ξω]
1064 3760 1246 3822 Sexte,
1278 3758 1367 3824 qui

292 3854 350 3891 es
366 3838 687 3902 Imperatori
717 3853 749 3887 a
779 3851 945 3887 saerae
970 3837 1236 3901 religionis
1259 3836 1367 3885 cul-

293 3923 374 3980 tu,
413 3915 481 3965 ab
516 3913 711 3978 ingenii
753 3913 961 3975 studiis,
995 3921 1052 3962 et
1088 3928 1117 3962 a
1139 3911 1366 3963 consillia

289 3991 685 4049 secretioribus,
726 3990 1169 4041 Bibliothecarius
1213 3990 1370 4039 Pala·

350 4152 389 4199 2
427 4143 635 4207 Ingenio
654 4143 863 4207 frueris,
881 4144 990 4208 ξω]
1036 4141 1276 4194 versaris
1315 4157 1373 4193 e·

288 4222 403 4273 nim
454 4235 575 4271 cnm
622 4221 739 4284 ipso
790 4220 1111 4285 Domitiano,
1154 4227 1212 4272 et
1253 4219 1368 4285 ejus

288 4299 533 4361 consilia,
586 4297 845 4357 rationes,
884 4298 1114 4362 negotia,
1158 4311 1369 4347 mussas

291 4375 568 4442 pernoscis
591 4380 650 4424 et
668 4374 863 4425 litteris
880 4373 1116 4427 mandas.

2309 435 2530 525 12232⁸

1500 599 1533 644 4
1571 596 1640 643 Et
1671 599 1873 655 οων-ειη,
1915 594 2019 658 ξω]
2067 594 2392 661 Periphrasis
2432 611 2512 645 se-

1435 674 1664 723 cretarii.
2507 678 2520 698 ·“

1500 754 1530 798 6
1567 748 1648 798 Sit
1669 751 1815 813 locus,
1844 749 1952 814 ξω]
1986 750 2220 814 Dignare
2249 751 2388 812 loco,
2425 765 2507 800 re-

1438 839 1574 888 pone
1612 824 1770 876 libros
1811 841 1952 876 meos
1984 826 2039 876 in
2062 826 2372 877 bibliotheca
2394 824 2526 884 tua‚'

1438 902 1523 951 vel
1570 902 1934 967 Imperatoris,
1973 902 2114 952 inter
2136 909 2364 952 caeteros
2385 903 2508 966 Epi·

1436 982 1852 1046 grammatarios,
1898 980 2177 1044 Catullum,
2220 981 2507 1045 Pedonem,

1435 1059 1685 1109 Marsum.

1500 1141 1546 1186 7
1566 1137 1647 1187 Aa
1682 1136 1967 1203 Capitolini,
1997 1134 2104 1207 ξω]
2135 1135 2240 1185 Sed
2274 1134 2506 1209 carmina

1436 1213 1529 1263 illa
1552 1212 1617 1262 de
1639 1213 1776 1263 bello
1793 1202 2075 1263 Vitelliano
2106 1210 2372 1277 ipsiusque
2395 1212 2504 1261 Do·
2513 1214 2516 1217 '

1435 1292 1636 1343 mitiani
1670 1291 1922 1356 periculo,
1942 1288 2201 1353 flagrante
2221 1288 2509 1351 Capitolio,

1433 1370 1487 1434 (a
1510 1376 1586 1432 te,
1616 1368 1701 1418 vel
1733 1370 1846 1432 ipso
1868 1366 2010 1418 forte
2048 1366 2351 1416 Domitiano
2384 1379 2518 1414 con··

1435 1446 1550 1497 dita
1570 1462 1584 1495 ι
1609 1460 1834 1510 namque
1854 1444 1932 1494 his
1949 1457 2164 1494 vacasse
2181 1457 2297 1492 eum
2316 1441 2506 1491 studiis

1434 1531 1640 1575 constat
1672 1537 1739 1572 ex
1774 1521 1937 1572 Plinii
1971 1519 2189 1571 Praefat.
2231 1519 2296 1569 ad
2337 1519 2507 1581 Hist.)

1433 1614 1628 1665 repone
1661 1600 1822 1664 juxta
1856 1598 2076 1649 AEneida
2118 1597 2347 1648 sublimis
2390 1597 2507 1647 Vir·

1433 1677 1564 1741 gilii.
1630 1677 1846 1727 Sueton.
1881 1690 1996 1739 cap.
2031 1679 2080 1724 1.
2120 1674 2320 1724 Domit.
2365 1674 2507 1724 Scri·

1433 1754 1609 1806 verius
1628 1748 1782 1819 putat
1810 1753 2026 1803 Sextum
2047 1750 2266 1815 Epicum
2290 1749 2502 1813 poetam

1431 1833 1777 1897 composuisse
1849 1829 2042 1880 bellum
2120 1827 2459 1878 vitellianum
2483 1841 2502 1875 ι

1430 1904 1573 1978 qnod
1594 1915 1653 1959 et
1690 1905 1902 1958 Radero
1936 1920 2090 1972 quam
2120 1905 2343 1955 maxime
2365 1904 2510 1954 veri-¹

1431 1989 1601 2039 simile
1621 1986 1847 2037 videtur.

1504 2067 1660 2117 Erro.
1696 2077 1781 2115 vr.
1835 2061 2008 2112 Poeta
2047 2061 2262 2121 Musas3
2309 2058 2503 2129 ,Musa

1433 2142 1781 2194 Parthenium
1825 2130 2036 2204 rogant,
2080 2143 2141 2188 ut
2183 2135 2502 2186 Parthenius

1434 2220 1634 2271 Caesari
1656 2218 1887 2269 libellum
1912 2215 2158 2280 porrigat,
2192 2208 2348 2278 quum
2374 2219 2505 2262 tem·

1436 2299 1697 2363 pestivum
1722 2296 1858 2346 erit:
1900 2293 1985 2360 vel
2008 2306 2110 2341 non
2135 2290 2388 2355 porrigat,
2407 2288 2502 2338 sed

1434 2375 1580 2439 legat
1600 2372 1814 2423 vidente
1850 2368 2183 2429 Domitiano;
2217 2368 2306 2433 qui
2344 2381 2502 2431 quum

1404 2479 1407 2484 <
1432 2451 1507 2502 sit
1522 2449 1784 2503 studiosus
1800 2447 2110 2503 litterarum,
2123 2443 2299 2493 statim
2319 2447 2505 2506 poscet

1434 2528 1683 2579 libellum.
1716 2526 1843 2575 Rau.
1870 2522 2058 2572 Domit.

1500 2610 1533 2656 2
1569 2600 1901 2661 Pannonium]
1933 2598 2035 2652 Qui
2055 2594 2251 2647 Caesari
2270 2601 2503 2649 catacu-

1435 2681 1642 2734 biculis.
1715 2675 1962 2739 Vestrum]
2009 2672 2190 2724 Vestri
2225 2672 2505 2733 cultorem,

1436 2760 1680 2811 oMusoe.
1712 2755 1895 2820 Epigr.
1920 2756 2001 2802 28.
2025 2749 2117 2800 lib.
2137 2753 2189 2799 8.
2212 2762 2350 2798 vers.
2374 2751 2423 2828 l.
2446 2754 2505 2797 et

1436 2837 1754 2903 Epigramm.
1777 2836 1828 2881 1.
1846 2828 1942 2879 lib.
1967 2832 2049 2877 11.

1503 2918 1534 2964 8
1569 2912 1655 2962 Sic
1687 2915 1736 2959 te
1762 2909 1933 2967 serior,
1966 2902 2070 2970 ξω]
2100 2902 2118 2934 ‘
2138 2900 2502 2956 Precationem

1435 2990 1574 3042 hanc
1595 2979 1847 3051 concipit,
1864 2986 2135 3050 Musarum
2163 2977 2387 3030 verbis·'
2415 2978 2517 3029 Sic.

1437 3067 1527 3118 diu
1547 3080 1727 3129 sospes
1747 3069 1805 3113 et
1837 3066 2101 3125 superstes
2141 3063 2198 3108 et
2225 3055 2376 3106 felix
2381 3069 2505 3119 agas

1438 3159 1555 3195 cum
1578 3144 1816 3211 Caesare.
2251 3133 2252 3136 ’

1503 3228 1533 3273 6
1571 3220 1731 3276 Etsis
1751 3217 1958 3279 invidia,
1990 3213 2100 3281 ξω]
2132 3214 2276 3272 91)ωῶ
2303 3224 2507 3276 grassa·

1440 3307 1528 3350 tur
1550 3297 1772 3348 maxime
1792 3295 1844 3344 in
1876 3292 2006 3343 aulis
2038 3299 2249 3353 regum:
2283 3289 2358 3338 sic
2376 3299 2516 3352 ergo}

1438 3375 1637 3428 invidia
1675 3372 1914 3437 superior·¹
1947 3369 2035 3431 sis,
2071 3373 2131 3417 ut
2150 3366 2267 3430 ipsa
2287 3371 2507 3428 cogatur

1441 3455 1542 3504 tibi
1563 3453 1767 3513 favere,
1789 3450 1886 3498 hoc
1908 3452 2011 3507 est,
2032 3442 2221 3493 invidis
2243 3440 2404 3496 etiam
2429 3437 2508 3488 fa-

1440 3529 1703 3592 ventibus,
1721 3536 1930 3588 semper
1954 3520 2181 3569 retineas
2203 3516 2362 3582 istum
2390 3529 2508 3578 gra-

1442 3608 1530 3658 tim
1554 3606 1745 3656 locum.
1779 3601 1908 3651 Rau.
1932 3595 2122 3648 Domit.

1505 3688 1539 3734 6
1572 3678 1785 3742 Burrus]
1817 3675 1977 3726 Filius
2002 3679 2144 3735 tuus,
2164 3669 2232 3720 de
2255 3683 2367 3735 quo
2381 3668 2509 3732 Epi·

1441 3774 1658 3826 gramm.
1676 3762 1761 3808 45.
1783 3755 1876 3805 lib.
1897 3756 1948 3803 4.
2013 3749 2209 3800 Sentiat
2236 3742 2516 3811 parentem]

1441 3838 1620 3894 Patris
1640 3833 1882 3885 fortunas
1905 3827 2096 3892 sapiat,
2119 3824 2382 3886 intelligat
2399 3822 2508 3872 lau·
2513 3879 2516 3882 Ι

1441 3917 1536 3968 des
1564 3920 1623 3964 et
1643 3910 1953 3962 felicitatem
1979 3903 2175 3969 patris;
2209 3899 2395 3950 indolis
2416 3912 2511 3964 pa-

1445 4001 1612 4044 ternae
1645 3989 1736 4038 det
1767 3984 2055 4050 specimen.
2087 3979 2204 4029 vide
2238 3983 2292 4048 et
2327 3977 2518 4074 Epigr.

1443 4066 1933 4202 387ῗ1ιὲιιῗιᾱαηιήω]
1960 4133 2118 4184 Hunc
2137 4125 2510 4192 verecundum,
2585 4199 2588 4204 .

1444 4236 1543 4272 nec
1566 4221 1776 4281 longum
1794 4211 2276 4278 Epigrammatum
2260 4204 2509 4254 libellum.
2511 4277 2514 4280 Δ

1510 4302 1543 4352 8
1575 4296 1716 4347 Intra
1761 4290 1946 4352 amna,
1988 4285 2096 4350 ξω]
2143 4284 2209 4333 In
2252 4265 2504 4347 palatium

1365 4411 1371 4420 ι
1443 4355 1560 4426 rel
1546 4388 1597 4424 ιιι
1620 4370 1866 4423 conclave
1886 4362 2125 4415 Cae-saris.
2192 4358 2293 4408 Vel
2326 4359 2507 4410 ‘sauc-
