2985 4937
178 3529 183 3534 -
292 3504 361 3562 ta,
404 3504 462 3549 et

686 421 763 469 Μ.
810 417 1444 473 VAL.·MART1A1.1S
1494 419 1737 468 Epion.
1785 417 1929 467 Lm.
1977 420 2087 467 111.

354 562 1187 629 fllnulidmaiugaeasmuquelam]
1202 563 1357 617 Quod

295 641 481 692 undam
523 642 810 706 prementis
833 644 1013 708 populi
1042 651 1229 694 contra
1261 641 1357 691 niti

296 727 540 782 nequeat,
589 721 817 783 pudeatz
865 721 1032 786 epigr.
1074 725 1156 773 47.
1195 721 1249 771 1.-
1280 723 1359 770 10.

291 793 307 844 ⁴,
328 795 478 845 Vires
499 795 780 861 iugenuae,’
801 812 921 848 mox
959 813 1093 851 vers.
1110 803 1159 848 9.
1183 797 1238 847 id
1257 802 1358 859 est,

294 885 407 935 quoe
442 871 640 922 homini
682 874 906 936 ingenuo
927 872 1215 937 sufficiant.
1268 872 1358 923 Sic

290 951 306 975 ⁴
327 947 605 1011 ingenuum
628 949 781 999 latus’
802 949 1085 1000 invalidum
1104 950 1357 1015 appellat.

290 1025 423 1088 quod
456 1025 671 1089 ingenui
703 1026 923 1078 hominis
963 1027 1101 1076 vires
1139 1025 1355 1076 modicae

287 1100 408 1164 sint,
443 1109 502 1151 et
538 1117 657 1168 qnoe
692 1117 795 1153 nou
831 1102 938 1152 siut
956 1102 1104 1155 oneri
1125 1101 1356 1154 ferendo.

290 1177 532 1230 Ramires.

348 1258 379 1304 7
414 1256 528 1319 Ipse
569 1255 753 1319 tacebo]
787 1259 901 1323 Ego
930 1255 1027 1307 tibi
1062 1257 1233 1307 oranti
1253 1271 1356 1307 nou

289 1331 472 1383 valebo
489 1334 803 1383 acclamare.

354 1414 387 1460 8
417 1411 492 1460 At
508 1411 605 1461 eibi
626 1412 814 1476 sophos]
843 1411 910 1462 Id
947 1419 1048 1475 est,
1075 1411 1353 1462 maximum

287 1487 534 1539 clamabit
553 1489 762 1554 sophos.
826 1489 1058 1541 Turneb.
1092 1489 1129 1540 l.
1149 1492 1234 1539 24.
1272 1489 1354 1541 vel

285 1568 364 1614 29.
384 1565 478 1616 lib.
494 1570 584 1618 32.
620 1564 735 1616 vide
754 1564 847 1616 lib.
869 1569 919 1617 1.
952 1565 1118 1631 epigr.
1140 1569 1192 1615 4.
1215 1579 1371 1615 vers-

292 1645 370 1692 1⁰.
532 1678 545 1684 -

347 1723 380 1768 9
411 1719 635 1782 Ingenti,
659 1718 768 1783 ξω]
802 1719 1022 1784 Ingeret
1052 1718 1354 1769 adversario

286 1801 373 1847 tuo
396 1797 756 1847 conviciorum
780 1795 1006 1860 abunde,
1036 1811 1133 1845 uec
1166 1795 1222 1844 in
1265 1810 1353 1844 au·

284 1889 406 1925 rem.
431 1876 536 1926 Gr.
551 1876 859 1935 καταβοήσει.

345 1957 407 2003 12
444 1947 710 2017 Quidquid,
724 1952 834 2018 ξω]
857 1951 1044 2004 Officia
1058 1950 1355 2004 liberaliora

283 2037 336 2099 et
361 2046 480 2096 quae
522 2044 607 2080 me
646 2031 838 2082 decent
859 2031 1042 2094 magis,
1064 2029 1353 2095 praestaboe

286 2116 338 2159 ct
359 2127 475 2174 qum
504 2122 606 2160 nec
625 2123 803 2159 servus
831 2123 931 2160 nec
954 2109 1173 2159 libertus
1205 2122 1351 2158 meus

285 2185 507 2237 reddere
552 2191 799 2251 possunt3
844 2183 1055 2248 famam,
1090 2184 1350 2237 oeternita-

286 2269 384 2313 tem
408 2263 658 2325 nominis,
688 2269 745 2313 et
773 2262 1215 2312 immortalitatem
1238 2276 1349 2312 car·

232 2346 241 2363 '
281 2341 410 2391 mine
437 2340 769 2391 firmandam.
799 2340 928 2390 Raa.

343 2419 513 2468 Eme.
536 2430 711 2468 nvn.
756 2418 835 2467 De
870 2415 1049 2479 Basso]
1084 2413 1168 2465 Ad
1194 2430 1348 2481 quem

284 2495 419 2559 epig.
440 2500 531 2546 57.
558 2493 704 2545 infra
733 2492 802 2545 de
840 2493 1076 2545 Faustini
1099 2493 1235 2544 villae
1260 2507 1348 2543 co·

282 2586 383 2636 pia.

344 2653 369 2698 1
409 2649 528 2705 Qua
545 2646 671 2711 pluit
684 2646 856 2711 gutta]
891 2646 1088 2698 Irridet
1107 2646 1348 2710 Bassum,

282 2726 417 2789 quod
436 2726 614 2775 villam
631 2724 979 2776 suburbanam
996 2725 1227 2776 sterilem
1241 2738 1348 2775 om-

284 2801 400 2852 nino
442 2803 668 2866 coleret,
706 2809 765 2852 et
804 2817 872 2852 ex
895 2802 1025 2852 urbe
1052 2802 1105 2851 in
1138 2816 1252 2852 eam
1285 2816 1350 2851 ea

285 2881 473 2948 omnia,
498 2895 615 2946 qum
634 2894 702 2930 ex
724 2880 862 2930 villis
884 2881 938 2930 in
959 2880 1138 2930 urbem
1162 2880 1348 2944 depor-

287 2961 380 3010 tari
434 2960 627 3022 solent,
689 2960 1025 3025 importabat.
1110 2960 1351 3011 Ramires.

288 3035 523 3101 Propter
564 3052 714 3101 aqum
750 3037 941 3088 ductus
979 3045 1035 3089 et
1063 3037 1234 3088 fontes
1258 3038 1346 3103 qui

287 3113 353 3163 ad
368 3120 581 3179 portam
606 3114 738 3178 Cap.
756 3114 897 3165 unde
912 3121 981 3165 et,
1001 3116 1018 3144 ‘
1036 3113 1347 3165 Fontinalis'

288 3189 426 3241 dicta
453 3189 611 3240 hodie
624 3189 681 3241 S.
702 3190 991 3241 Sabmiani.
1012 3191 1048 3243 J
1053 3206 1081 3240 u
1089 3195 1203 3241 v‘en·
1222 3195 1272 3241 8.
1290 3191 1348 3243 S.

288 3271 367 3318 11.
399 3268 623 3318 eandem
650 3274 825 3335 ,uocat
859 3267 1147 3318 ‘madidam
1180 3268 1352 3333 Cape-

288 3344 433 3396 nam.'
502 3344 850 3396 Dicitur-*esse
873 3344 926 3395 in
951 3345 1116 3410 prima
1137 3344 1350 3409 regione

289 3422 449 3488 urbis.
518 3422 719 3474 Eadem
740 3428 797 3472 et
825 3422 842 3450 ⁸
860 3421 1185 3486 triumphalis
1200 3420 1216 3444 ’
1240 3421 1348 3471 dic-

512 3496 761 3562 ‘Appiaf
799 3497 865 3548 ab
897 3496 1075 3563 Appio
1111 3499 1350 3561 censore,

291 3575 372 3638 qui
397 3569 532 3625 riam
556 3572 783 3639 Appiam
807 3574 1050 3625 munivit.
1094 3575 1225 3625 Tum
1254 3588 1350 3638 pro

290 3649 626 3717 Plirygioeque,
692 3658 823 3701 vett.
879 3649 999 3706 edd.
1055 3656 1112 3700 et
1178 3651 1349 3702 Palat.

208 3743 209 3746 ¹
292 3726 658 3793 Phrygiumque.
725 3727 862 3776 Vide
884 3721 1057 3779 Amm.
1080 3727 1348 3777 Marcelli-

291 3805 699 3857 ιιιιιιι1.23.ιιδί
719 3803 1000 3868 ostendit,
986 3819 1156 3869 ipsum
1189 3806 1347 3855 etiam

292 3882 618 3936 simulacrum
636 3884 798 3938 lavari
821 3884 1052 3935 solitum.
1140 3915 1145 3920 -

349 3964 393 4012 2
412 3959 576 4022 Almo,
607 3960 715 4023 mu]
764 3961 844 4010 Fl.
883 3959 1105 4024 Tusciae,
1151 3960 1205 4010 in
1244 3921 1347 4025 qno

293 4033 466 4086 Mater
507 4036 678 4086 Deum
719 4050 752 4085 a
786 4036 946 4086 Gallis
986 4035 1346 4086 sacerdotibus

293 4112 560 4175 quotannis
582 4105 911 4164 abluebatur.
959 4111 1114 4163 Ovid.
1129 4115 1183 4162 4.
1206 4113 1346 4162 Fast.

296 4194 347 4237 et
366 4189 599 4241 Marcell.
636 4187 727 4238 lib.
743 4192 828 4239 23.
874 4187 1347 4251 FerramICultros

295 4264 356 4313 ad
376 4265 565 4316 hostias
580 4264 902 4316 mactandas.
1128 4299 1129 4302 =

354 4343 386 4393 3
450 4341 779 4408 Horatiorum,
839 4339 947 4405 ξω]
997 4339 1104 4394 Ubi
1157 4341 1348 4408 sepulti

2316 403 2492 471 1177

1432 561 1649 615 fuerunt
1666 560 1875 614 Horatii
1893 561 1969 613 illi
1984 560 2266 627 trigemini,
2294 562 2361 614 da
2377 561 2502 630 qui-

1434 638 1531 688 bus
1550 639 1665 690 Liv.
1687 643 1738 689 1.
1801 668 1804 669 ν

1497 719 1531 765 4
1554 717 1624 766 Ee
1651 732 1744 781 qua
1752 716 2081 780 pusillifervet
2097 717 2346 782 Herculis]
2368 718 2418 768 N
2423 731 2490 767 on

1434 792 1629 857 placet,
1663 793 1799 858 quod
1831 794 2008 845 volunt
2037 795 2054 823 ⁴
2075 795 2315 858 pusillum
2354 793 2491 844 Her·

1432 868 1625 918 culem'
1656 869 1764 920 dici
1779 872 2167 936 comparatione
2184 870 2491 921 Domitiani.

1430 946 1496 995 In
1529 946 1727 999 Aurelii
1744 948 1974 999 Victoris
1995 947 2309 1010 Regionibus
2331 946 2490 997 Urbis

1430 1021 1712 1075 sub'Porta
1730 1025 1937 1090 Capena
1959 1025 2166 1089 reperio
2182 1024 2490 1074 ‘AEdiculam
2513 1060 2516 1067 Α

1429 1101 1711 1165 Herculis,'
1744 1118 1863 1168 quoe
1881 1109 1963 1153 est
1983 1102 2072 1152 illa
2105 1102 2219 1166 ipsa
2248 1100 2335 1150 hic
2356 1114 2493 1150 com·

1429 1188 1718 1230 memorata
1739 1181 1994 1231 Martiali.
2028 1181 2085 1230 Si
2113 1194 2239 1245 ergo
2256 1179 2491 1236 nolumus
2543 1172 2550 1177 ’

1427 1257 1741 1308 ‘Herculem
1763 1257 2021 1307 Puerum’
2053 1255 2296 1307 Romanis
2332 1254 2493 1306 fuisse

1426 1334 1642 1396 cultum,
1678 1342 1738 1384 ut
1769 1335 1785 1362 ‘
1803 1333 1990 1384 Jovem
2012 1331 2277 1394 Puerum‚'
2303 1331 2495 1382 tutissi-

1426 1425 1565 1460 mum
1587 1418 1671 1461 est
1691 1410 1973 1463 decurrere
1996 1411 2061 1460 ad
2078 1411 2410 1474 hypallagen,
2434 1415 2495 1460 et

1430 1487 1446 1515 ‘
1465 1486 1642 1551 pusilli
1679 1485 1925 1537 Herculia
1967 1484 2173 1536 fanum’
2204 1485 2493 1548 explicare,

1430 1561 1672 1626 pusillum
1701 1560 1947 1611 Herculis
1989 1560 2188 1622 fanum,
2220 1561 2331 1610 sive
2367 1558 2493 1610 aed'i-

1429 1638 1616 1687 culam.
1648 1637 1737 1687 Sic
1756 1636 1791 1687 l.
1814 1641 1865 1688 7.
1886 1651 1974 1702 ep.
1994 1641 2078 1688 68.
2113 1638 2131 1665 ‘
2148 1635 2321 1700 magni
2346 1635 2486 1686 senis

1428 1713 1640 1771 Atticus
1663 1713 1874 1777 hortus,'
1906 1728 2004 1779 pro
2043 1712 2228 1764 Attici.
2274 1714 2486 1764 Gronov.

1432 1792 1626 1856 Pasini]
1646 1792 1975 1853 Adulatorie.
1996 1792 2329 1843 Domitianus
2350 1790 2490 1840 enim

1427 1884 1484 1920 se
1502 1886 1743 1935 maguum
1780 1871 2066 1921 Herculem
2103 1870 2185 1919 vel
2230 1868 2488 1931 majorem

1427 1941 1534 1998 'dici
1551 1949 1731 2000 voluit.
1744 1954 1804 1999 ut
1821 1949 1986 2014 epigr.
2003 1952 2088 2001 65.
2105 1951 2187 1999 66.
2205 1949 2289 1997 67.
2302 1951 2360 1999 et
2373 1947 2489 1995 1⁰⁴.

1426 2025 1521 2076 lib.
1534 2029 1584 2074 9.
1618 2023 1844 2075 Alciden
1889 2030 2044 2074 vocat
2077 2023 2337 2088 pusillum.
2366 2020 2493 2072 Fer-

1425 2105 1522 2164 vet,
1570 2101 1678 2165 ξω]
1724 2099 1771 2149 Α
1816 2100 2111 2167 frequentia
2153 2098 2491 2150 salutantium

1426 2178 1715 2228 viatorum:
1752 2184 1869 2228 erat
1890 2178 2024 2227 enim
2049 2177 2101 2227 iu
2123 2176 2205 2227 via
2227 2175 2420 2240 Appia.

1487 2260 1519 2305 6
1553 2256 1710 2305 Plena
1727 2253 1926 2314 Bassus,
1945 2253 2054 2318 &cd
2088 2253 2232 2316 Nou,
2250 2260 2309 2302 ut
2344 2249 2361 2278 ‘
2378 2250 2494 2300 Ma·

1421 2331 1595 2389 thenis
1619 2331 1839 2393 lectica,’
1862 2334 1909 2379 1.
1934 2330 2045 2380 Sat.
2075 2330 2274 2392 Juven.
2300 2328 2490 2392 ‘plena

1421 2407 1576 2474 ipso,'
1609 2408 1703 2458 sed
1744 2408 1876 2457 ruris
1908 2406 2208 2470 honoribus,
2243 2418 2371 2472 quos
2413 2417 2489 2454 ex

1421 2485 1552 2536 urbe
1571 2486 1623 2534 in
1643 2497 1729 2535 rus
1749 2499 1922 2545 suum,
1942 2499 2045 2534 non
2066 2498 2170 2546 rus,
2186 2480 2462 2549 portabat.¹

1486 2567 1517 2613 7
1552 2562 1663 2612 [uic
1691 2559 2015 2623 videres,85·c.]
2048 2558 2113 2608 Iu
2136 2556 2297 2612 rheda
2316 2554 2490 2620 Bassi,

1421 2640 1567 2689 velut
1583 2640 1751 2688 altero
1774 2633 1941 2700 copim
1964 2650 2145 2706 cornu.
2199 2671 2200 2676 ,

1486 2721 1520 2767 8
1551 2716 1835 2780 Sestiasque
1850 2713 2083 2776 lactucas]
2115 2712 2252 2764 Plin.
2267 2711 2304 2761 l.
2326 2714 2409 2762 19.
2432 2725 2486 2761 c.

1421 2799 1471 2846 8.
1492 2789 1591 2844 tria
1613 2807 1808 2858 genera
1827 2792 2146 2841 lactucarum
2182 2802 2295 2838 esse
2321 2786 2455 2838 dicit
2467 2798 2498 2838 ε’

1424 2887 1584 2931 unum
1600 2870 1881 2933 laticaulis,
1900 2870 2120 2918 alterum
2139 2865 2368 2928 rotundi3
2386 2873 2492 2917 ter-

1423 2951 1552 2999 tium
1576 2948 1754 2998 sessile
1775 2961 1867 2996 seu
1903 2945 2235 3009 Laconicum,
2259 2942 2420 3008 quod
2428 2947 2489 2993 et

1422 3026 1711 3090 capitatum
1734 3022 2019 3088 appellant.

1487 3105 1521 3151 9
1554 3102 1820 3165 Pigroque,
1838 3097 1946 3163 ξω]
1971 3099 2140 3151 Quem
2163 3095 2309 3152 cient
2328 3101 2385 3145 et
2405 3055 2485 3146 lu-

1425 3180 1646 3233 bricant.

1490 3262 1554 3307 10
1596 3260 1849 3319 coronata,
1879 3253 1993 3319 ξω]
2040 3253 2295 3306 Coronam
2337 3249 2484 3301 vimi·

1420 3350 1577 3386 neam
1619 3335 1705 3386 cui
1756 3330 2190 3399 appendebantur
2240 3326 2380 3377 turdi
2429 3325 2484 3376 in
2511 3399 2514 3400 ⁷

1423 3412 1624 3463 orbem.
1656 3411 1693 3460 l.
1718 3413 1799 3459 18.
1841 3408 2008 3473 epigr.
2051 3410 2135 3458 51.
2168 3411 2225 3454 et
2253 3400 2411 3454 ovid.
2435 3405 2485 3453 1.

1422 3487 1546 3540 Αιιι.
1563 3502 1693 3538 vers.
1717 3490 1837 3536 269.

1489 3570 1549 3615 11
1606 3563 1786 3613 Gallici
1829 3560 1960 3611 cani·
1996 3558 2160 3621 dente]
2212 3531 2487 3621 Leporarii

1423 3657 1580 3693 canes
1603 3642 1659 3692 in
1681 3639 1853 3693 Gallia
1876 3637 2176 3698 velociores,
2199 3640 2384 3697 utpote
2405 3632 2486 3681 lu-

1422 3721 1546 3785 pino
1567 3726 1687 3768 satu
1704 3716 1988 3768 editi..

1488 3800 1551 3847 12
1568 3796 1898 3857 Nondumque,
1908 3793 1993 3854 ξε.
1995 3789 2350 3853 ]Lacteutem
2363 3761 2483 3847 por-

1421 3874 1629 3935 cellum,
1647 3872 1734 3937 qui
1774 3861 1928 3920 fabas
1956 3866 2118 3916 dente
2154 3877 2259 3912 uon
2280 3860 2486 3925 vicerit,

1420 3950 1475 4001 id
1491 3957 1591 4013 est,
1608 3946 1841 4012 fregerit.

1488 4031 1551 4076 13
1586 4026 1691 4075 Nec
1728 4021 1960 4082 feriatus,
1992 4014 2100 4081 8)·οᾶ
2130 4013 2246 4064 Nec
2282 4011 2485 4063 ociosus

1418 4109 1512 4154 ant
1526 4115 1687 4154 onere
1701 4111 1892 4158 vacuus
1906 4094 2019 4145 ibat
2032 4105 2243 4143 cursor.
2260 4089 2338 4140 his
2355 4090 2485 4141 look·

1417 4194 1570 4304 4,9.14.
1587 4253 1712 4304 Tuta
1734 4211 1889 4315 soeao,
1917 4244 2023 4313 ξω]
2057 4244 2143 4296 Ne
2176 4211 2488 4295 cullidereu·

1421 4340 1525 4386 tura
