2985 4937
505 435 677 500 1356

505 608 694 648 novum
718 594 883 647 Fastis
898 594 1069 660 aperit
1080 591 1319 646 felicibus
1337 593 1567 657 annum,'

503 681 606 727 dcc.

570 759 602 804 4
635 753 780 803 Plebe
805 754 995 810 Numae,
1014 750 1124 814 ξω]
1156 750 1321 800 Plebe
1345 751 1486 800 tenni
1511 757 1565 800 et

502 843 756 895 paupere,
776 828 1062 893 eujusmodi
1080 829 1189 894 ipse
1211 825 1310 877 fuit
1331 827 1521 879 Numa.

570 914 600 957 5
639 906 906 971 Respiciet]
939 906 1067 967 Alii,
1104 904 1342 969 respiciet.
1368 905 1562 957 Juven.

502 983 674 1048 Satyr.
697 986 745 1034 8.
771 997 904 1032 vers.
930 986 1043 1032 184.
1084 981 1359 1037 Dominum,
1379 994 1562 1041 regem-

500 1061 615 1125 que]
646 1060 948 1122 Patronum,
985 1072 1111 1123 quos
1144 1071 1293 1120 reges
1314 1063 1371 1107 et
1404 1056 1565 1106 domi-

500 1126 596 1186 nos
617 1135 859 1197 vocabat,
883 1141 942 1183 ut
961 1147 1115 1197 supra
1138 1147 1294 1196 saepe.

503 1240 506 1247 ›
565 1216 600 1261 6
637 1213 743 1261 Hoc
763 1217 835 1273 ta,
856 1211 964 1275 qe]
996 1211 1174 1273 Egone
1208 1216 1262 1259 te
1285 1214 1562 1272 patronum

501 1290 757 1353 salutabo,
779 1290 866 1353 qui
897 1289 1009 1353 ipse
1032 1288 1161 1338 alios
1181 1287 1375 1337 salutas
1398 1286 1562 1336 multo

500 1364 741 1415 blandius
765 1378 919 1429 quam
940 1379 1040 1428 ego
1065 1364 1151 1413 te?

563 1446 598 1492 8
633 1443 731 1491 Per
750 1442 968 1504 medium,
986 1443 1094 1507 qe]
1123 1441 1224 1490 Sed
1246 1446 1302 1491 et
1335 1439 1562 1504 ipse-ali·

500 1532 559 1567 os
583 1519 850 1581 praecedis,
884 1518 1217 1570 anteambulo
1254 1531 1560 1582 comesque3

498 1594 885 1659 Epigrammate
900 1600 982 1646 36.
1003 1595 1091 1646 lib.
1110 1600 1159 1645 8.
1179 1610 1313 1646 vers.
1334 1599 1383 1646 4.
1481 1606 1486 1610 ·

563 1675 596 1720 9
629 1672 832 1736 Soepius,
865 1673 973 1737 ὅπη]
1027 1672 1180 1724 Quod
1222 1671 1564 1736 attendentis,

494 1746 735 1812 faventis,
754 1748 1217 1813 applaudentisque
1238 1749 1438 1811 signnm
1463 1755 1562 1800 est.

562 1830 624 1875 lo
659 1827 874 1888 Pariter,
908 1826 1016 1889 ξω]
1050 1825 1367 1889 Applaudis:
1402 1826 1509 1887 vel,
1531 1838 1564 1873 a

494 1899 629 1952 facie
644 1903 818 1967 jactas
849 1916 1043 1961 manus,
1060 1901 1205 1966 quasi
1228 1914 1323 1965 per
1343 1901 1561 1949 admira·

494 1978 706 2029 tionem.
739 1978 927 2029 Juven.
951 1979 1058 2029 Sat.
1080 1982 1130 2026 8.
1153 1990 1286 2026 vers.
1312 1980 1424 2025 106.

564 2058 624 2106 12
661 2054 845 2104 Divisit
873 2060 1077 2116 nostros,
1113 2052 1220 2118 ξω]
1276 2054 1439 2119 AEque
1477 2068 1561 2103 su-

493 2144 608 2180 mus
633 2130 881 2193 clientes3
922 2144 1010 2180 vos
1045 2130 1320 2195 purpurati
1359 2137 1559 2182 tantum

492 2206 726 2256 distincti
762 2206 888 2257 estis
914 2222 946 2257 a
983 2206 1133 2256 nobis
1164 2206 1375 2271 togatis.
1443 2208 1562 2272 Vel,

491 2297 583 2332 vos
618 2284 887 2348 purpurati
910 2284 1127 2333 clientes
1148 2283 1440 2333 exclusistis
1463 2299 1559 2334 nos

491 2365 699 2422 togatos
719 2360 785 2409 ab
809 2359 981 2411 officio
998 2361 1265 2411 clientum.
1327 2360 1557 2412 Turneb.

492 2439 578 2488 80.
621 2436 714 2489 lib.
744 2441 826 2488 80.
894 2438 1138 2502 Purpura
1180 2439 1319 2489 euim
1351 2438 1555 2503 insigne

491 2514 839 2566 Romanorum
863 2517 1280 2583 magistratuum.
1347 2518 1557 2567 Dimisit

489 2594 751 2645 Gruterus
801 2610 864 2645 eo
922 2596 1080 2647 modo
1145 2597 1553 2660 interpretatur:

487 2670 654 2722 Jussit
674 2686 791 2722 esse
808 2671 1042 2736 feriatas,
1062 2673 1271 2722 inutiles
1295 2672 1555 2723 reddidit.-

486 2754 731 2814 tanquam
770 2750 814 2798 si
853 2750 1242 2800 dimitterentur
1274 2749 1364 2799 tali
1387 2748 1554 2813 facto,

488 2839 592 2875 non
616 2840 767 2875 secus
802 2841 954 2891 qnam
978 2826 1211 2890 symbolo
1231 2826 1452 2892 quodam
1477 2826 1556 2876 di-

488 2901 797 2952 mittebatur
818 2909 910 2952 aut
949 2903 1164 2964 Concio,
1185 2913 1277 2953 aut
1308 2904 1554 2955 Senatus·

485 2977 575 3026 Sic
597 2983 654 3027 et
678 2978 876 3028 Noster
895 2979 988 3028 lib.
1014 2982 1062 3027 l.
1088 2978 1270 3043 Epigr.
1302 2983 1384 3029 78.
1415 2982 1432 3007 ‘
1453 2980 1553 3029 Di·

485 3054 728 3120 misitque
741 3056 960 3105 unimam
986 3055 1235 3105 nobiliore
1254 3069 1379 3119 rogo
1392 3055 1425 3105 τ’
1458 3055 1551 3106 lib.

486 3135 536 3179 2.
581 3131 764 3195 Epigr.
805 3135 886 3182 16.
930 3131 1185 3181 ‘Dimitte
1227 3131 1549 3181 Machaonas

492 3207 711 3258 omnes.’

550 3285 714 3335 Eme.
767 3299 846 3336 xr.
905 3286 967 3335 In
1022 3300 1237 3349 parcum
1291 3285 1546 3346 amicum3

488 3374 604 3409 sese
650 3366 826 3410 tamen
880 3362 1139 3427 Pyladem
1183 3371 1240 3414 et
1297 3364 1550 3412 Theseum

476 3439 685 3502 jactare
708 3454 905 3489 anisum.
961 3439 1133 3489 Poeta
1156 3455 1303 3490 veros
1326 3439 1402 3489 ait
1423 3441 1549 3490 ami-

482 3516 811 3581 cos,nouqni
847 3514 1039 3582 aliquid
1081 3515 1295 3582 donent,
1328 3518 1417 3568 sed
1462 3518 1551 3583 qni

481 3590 639 3641 πάντα
655 3591 786 3642 κοινὰ
806 3593 1052 3643 habeant.

550 3675 576 3720 1
641 3672 838 3732 Thesea,
897 3670 1289 3735 Pentheumque]
1355 3673 1548 3726 Nobile

483 3748 765 3797 amicorum
786 3762 899 3811 par.
1267 3787 1274 3792 „

547 3828 577 3872 8
615 3824 809 3888 Pyladi,
851 3823 958 3886 ξω]
992 3823 1092 3873 Vel
1127 3822 1304 3873 infimo
1347 3825 1549 3875 servitii

483 3912 694 3948 munere
730 3897 963 3963 defungi,
996 3905 1057 3950 ut
1092 3906 1349 3963 praestare
1378 3909 1545 3951 matu-

480 3974 601 4036 lam,
618 3976 699 4024 vel
721 3988 907 4039 porcos
925 3989 1157 4039 pascere.

544 4053 577 4097 4
612 4050 789 4098 Porcos
824 4065 1019 4113 poscere
1062 4048 1310 4113 Perithoi]
1363 4052 1545 4114 Forte,

481 4124 618 4189 quod
635 4125 686 4173 in
711 4124 1013 4198 glandiferis
1036 4123 1194 4175 Pindi
1211 4119 1366 4191 sylvis
1383 4126 1542 4190 dege-

475 4200 574 4249 'bat
598 4199 894 4251 Perithous.

542 4279 577 4324 o
614 4275 680 4323 Ει
693 4275 855 4340 lotam,
866 4281 920 4325 ut
938 4270 1389 4341 multumTQaaerit
1403 4278 1543 4328 Gru-

482 4358 647 4414 terus,
671 4355 841 4400 utrum‘
874 4352 1013 4417 apud
1040 4351 1305 4419 fullonem,
1331 4369 1397 4406 au
1417 4370 1543 4406 vero

1202 449 1417 498 No'rAE
1467 448 1559 496 vA
1574 448 1868 499 {uoltum
1921 453 1944 499 1
1957 452 1999 499 N

1639 594 1952 646 tinctorem?
2016 598 2322 664 Respondet
2375 598 2699 651 Scriverius:

1635 670 1851 722 ‘Lotum
1887 675 2090 737 togam’
2125 676 2277 738 dixit,
2312 684 2375 728 ut
2407 679 2703 728 inibit-‘Et

1635 747 1793 797 lotam
1819 749 1970 799 niveo
1996 759 2168 815 togam
2188 753 2424 803 Galesoz’
2459 754 2586 818 quia
2606 768 2699 804 sae·

1637 824 1749 887 pius
1773 826 1884 874 lana
1911 824 2121 877 flumine
2143 830 2362 879 lavatur.
2414 829 2536 880 Hoc
2576 830 2703 880 nibil

1636 907 1720 948 est
1741 900 1938 953 dicere.
1993 903 2202 953 Etenim
2226 906 2380 954 aliter
2401 912 2525 969 toga
2548 908 2704 956 niveo

1636 976 1828 1027 Galeso
1872 979 1997 1039 lota,
2050 981 2205 1031 aliter
2256 982 2450 1032 dicitur
2513 974 2715 1047 terque¹

1636 1060 1926 1119 quaterque
1960 1056 2085 1107 lota.
2151 1057 2251 1108 Illa
2280 1057 2372 1107 lib.
2421 1063 2466 1108 2.
2517 1059 2702 1122 Epigr.

1633 1132 1715 1178 48.
1747 1136 1803 1179 et
1835 1131 1925 1181 lib.
1968 1136 2018 1182 4.
2060 1133 2241 1198 Epigr.
2274 1139 2357 1185 28.
2383 1141 2465 1186 est
2491 1134 2643 1186 faeta
2670 1150 2701 1186 e

1634 1206 1755 1256 lana
1783 1208 2097 1258 Tarentina:
2149 1217 2208 1260 ut
2242 1210 2333 1260 lib.
2377 1216 2427 1262 8.
2463 1211 2569 1277 Ep.
2610 1217 2700 1263 27.

1633 1284 1833 1334 ‘Baetis
1862 1286 1914 1334 in
1949 1286 2212 1350 Hesperia
2248 1294 2302 1337 te
2339 1302 2545 1354 quoqne
2568 1291 2700 1342 lavit

1634 1360 1773 1411 ove!
1826 1360 2127 1427 Alloquitur
2166 1372 2341 1428 togam
2392 1366 2705 1419 Parthenia-

1634 1453 1774 1488 nam.
1839 1439 2063 1494 Galesus
2087 1441 2150 1490 ad
2167 1443 2465 1506 Tarentum,
2500 1452 2563 1494 nt
2585 1446 2704 1495 Bae·

1635 1515 1704 1564 tis
1723 1517 1776 1566 in
1803 1516 2078 1581 Hispania,
2100 1532 2245 1580 oves,
2263 1526 2320 1569 et
2343 1520 2492 1570 sicin
2515 1520 2702 1572 ovibus

1634 1594 1826 1657 lanam,
1847 1594 1901 1642 in
1923 1595 2056 1644 lanis
2091 1594 2321 1646 futuram
2361 1603 2537 1662 togam
2559 1598 2700 1648 lave-

1636 1677 1776 1720 runt.
1832 1670 1906 1719 At
1947 1670 2092 1721 ‘lota
2133 1677 2321 1737 terque
2375 1674 2702 1739 quaterque’

1635 1754 1742 1809 est,
1764 1746 1900 1810 apud
1941 1745 2191 1797 fullonem
2214 1748 2453 1799 sordibus
2475 1757 2702 1815 purgata·

1635 1832 1688 1875 et
1726 1824 2063 1887 interpolata,
2102 1824 2240 1890 qnod
2281 1825 2515 1876 viliorem
2553 1824 2703 1879 facit.

1635 1902 1713 1951 Ut
1756 1901 1893 1964 apud
1935 1901 2276 1951 Petronium:
2333 1902 2701 1952 ‘Vestimenta

1631 1977 1791 2040 Tyria
1813 1978 1921 2027 sine
1946 1977 2126 2040 dubio,
2146 1977 2235 2026 sed
2245 1979 2357 2042 jam
2374 1979 2539 2028 semel
2561 1980 2702 2031 lota.'

1638 2053 1924 2105 Gronovius.
1988 2054 2059 2102 Et
2080 2053 2251 2118 lotam]
2285 2053 2355 2104 Et
2380 2061 2558 2117 togam
2593 2069 2697 2104 non

1633 2142 1793 2192 usque
1816 2127 1948 2178 adeo
1971 2128 2169 2192 tritam,
2190 2143 2292 2178 non
2317 2131 2450 2180 ultra
2473 2136 2559 2179 ter
2576 2144 2698 2195 qua·

1634 2212 1779 2254 terve
1822 2205 1999 2256 lotam.
2074 2205 2350 2256 Salmasius
2374 2207 2505 2268 legit
2538 2207 2610 2257 Et
2633 2210 2696 2257 lo-

1634 2288 1830 2346 tom,ut
1869 2285 2133 2347 minimum,
2172 2287 2254 2349 ξε.
2290 2284 2605 2335 obsoletam
2640 2294 2695 2336 et

1633 2360 1721 2410 diu
1765 2361 1991 2411 habitam
2036 2363 2305 2426 intelligit,
2337 2369 2527 2426 utpote
2580 2379 2694 2429 quie

1630 2443 1714 2488 ter
1735 2436 1800 2486 ad
1818 2436 2062 2489 fullonem
2085 2439 2155 2490 sit
2176 2438 2332 2489 missa
2352 2439 2574 2490 maculis
2591 2441 2697 2490 elu-

1631 2513 1795 2562 endis.
1847 2514 1973 2564 'l'ria
2007 2529 2192 2578 nempe
2228 2513 2437 2565 fullonis
2483 2516 2696 2580 propria

1631 2596 1754 2639 sunt
1800 2589 1853 2638 in
1895 2590 2151 2653 poliendis
2195 2591 2557 2642 vestimentis:
2593 2593 2694 2654 pri·

1630 2681 1769 2716 mum
1785 2665 1845 2715 τὸ
1863 2664 2072 2730 πλύνειν,
2093 2667 2290 2731 lavare,
2306 2675 2517 2730 tergere
2535 2667 2692 2729 nitro,

1629 2752 1776 2797 creta
1797 2744 2021 2808 cimolia,
2053 2752 2109 2795 et
2132 2744 2400 2795 similibus.
2473 2745 2545 2793 Ut
2575 2744 2695 2793 ml·

1627 2826 1748 2885 turn,
1768 2820 1873 2884 ξω]
1908 2823 1989 2871 Ex
2005 2836 2227 2885 persona
2250 2821 2435 2872 Po‘e'tae
2459 2821 2694 2886 interpo-

1626 2898 1802 2960 situm,
1819 2898 2135 2961 indignantis
2157 2904 2334 2963 togam
2355 2899 2694 2965 imputatam,

1628 2976 1776 3041 quasi
1793 2990 1979 3040 magna
1995 2976 2086 3025 illa
2103 2989 2185 3024 res
2205 2976 2329 3025 siet.

1690 3057 1721 3102 7
1758 3054 1852 3101 Nil
1895 3066 2119 3115 umqum,
2162 3051 2267 3116 esa]
2320 3051 2540 3118 Quippe
2605 3053 2693 3117 qui

1626 3130 1797 3180 omnia
1848 3144 1965 3180 cum
2014 3129 2217 3194 Pylade
2272 3131 2695 3182 communicavit.

1624 3207 1779 3258 Quod
1820 3207 1943 3272 qnia
1982 3214 2039 3256 tu
2080 3220 2182 3255 non
2218 3204 2370 3268 facis,
2407 3207 2505 3256 sed
2529 3209 2696 3258 multa

1622 3297 1802 3346 negas,
1825 3297 1928 3332 non
1949 3296 2007 3331 es
2032 3296 2185 3332 verns
2203 3281 2418 3332 amicus.

1689 3360 1852 3409 Eme.
1875 3372 1978 3409 ιιι.
2009 3358 2182 3410 Vovet
2218 3373 2484 3409 secessum
2507 3361 2692 3410 Domi·

1625 3436 1702 3486 tio
1720 3432 2016 3497 felicem,et
2039 3432 2284 3485 reditum.
2320 3435 2544 3485 AEmilioe
2568 3438 2692 3488 urbs

1623 3512 1814 3563 dicitur
1830 3511 2129 3576 Apollinea,
2153 3513 2237 3562 vel
2259 3528 2291 3561 a
2307 3513 2713 3565 liberalioribus

1622 3590 1929 3654 disciplinis,
1948 3589 2031 3639 vel
2047 3589 2116 3640 ob
2142 3590 2394 3654 templum
2416 3590 2690 3655 Apollinis.

1624 3667 1754 3715 Rod.
2684 3690 2690 3696 ·

1689 3745 1715 3790 1
1752 3742 1967 3791 AEmitiae
1983 3742 2177 3806 gentes]
2207 3741 2289 3790 De
2310 3741 2555 3793 hocloco
2574 3742 2688 3794 vide

1623 3818 1752 3868 Not.
1776 3817 1841 3867 ad
1869 3818 1981 3867 Liv.
2020 3817 2111 3867 lib.
2138 3829 2302 3868 xxrx.
2324 3821 2375 3866 2.
2416 3817 2528 3881 ubi,
2551 3818 2687 3885 quod

1621 3909 1798 3960 operae
1822 3901 2192 3956 peccaverunt,
2206 3894 2436 3958 corriges
2457 3910 2529 3945 ex
2553 3909 2688 3946 erra·

1621 3972 1706 4022 tis.
1742 3971 1894 4018 Gron.
1960 3970 2229 4031 AEmiliaeg
2285 3967 2381 4031 tes]
2417 3970 2604 4035 Epigr.
2637 3975 2683 4021 4.

1619 4048 1710 4097 lib.
1754 4051 1804 4096 8.
1837 4060 1974 4095 vers.
2005 4049 2056 4096 2.
2109 4045 2218 4109 Apo
2258 4044 2389 4094 ineos
2419 4045 2681 4110 Vercellas]

1620 4124 1889 4190 Oppidum
1946 4122 2266 4184 Insubrium,
2346 4124 2435 4173 ubi
2498 4124 2683 4190 Apollo

1620 4202 1825 4253 colitur.
1877 4200 2014 4250 Vide
2056 4199 2159 4249 Pb.
2191 4199 2491 4250 Cluverium
2515 4202 2605 4252 lib.
2635 4206 2677 4253 1.

1617 4278 1738 4329 Ital.
1760 4277 1939 4342 Antiq.
1973 4291 2088 4341 cap.
2110 4281 2193 4327 28.

1679 4359 1712 4405 2
1747 4353 2034 4404 Phaetonta·
2076 4352 2230 4417 Pedi]
2264 4351 2462 4416 Padus,
2504 4352 2673 4405 Erida-
