2985 4937
381 788 382 791 ¹
490 768 797 833 prehensum
824 765 904 815 iri.

486 372 658 438 1312

555 536 713 586 Erro.
738 549 937 587 ιινιιι.
983 537 1174 589 Furem
1200 536 1456 598 hortatur,
1488 542 1550 586 ut
1621 535 1738 600 prie
1762 535 1828 587 de
1853 538 2107 588 caelatura
2128 537 2144 567 ‘
2163 537 2350 590 labor!

1191 390 1409 440 No‘rAE
1457 390 1865 440 VARIORUM
1914 393 1993 441 IN

2417 538 2560 592 Hine
2581 538 2597 569 ‘
2617 540 2685 590 la·

488 611 715 663 ablatam
738 612 982 677 Crispino
1009 612 1231 663 abollam
1256 611 1472 675 reddat;
1494 619 1551 661 ct
1624 610 1817 663 boriosi
1834 611 1849 636 '
1872 614 2144 664 caelatores
2170 616 2325 679 vulgo
2348 615 2498 666 dicti.

491 696 664 761 togam
686 689 858 752 potius
892 688 1183 750 subducat,
1224 688 1420 754 alioqui
1459 688 1550 738 de-

1689 692 1720 737 3
1755 689 1984 751 Livescit,
2005 691 2113 755 ξσ.]
2156 691 2296 740 Pura
2331 692 2488 755 nitet,
2525 705 2691 757 neque

1566 812 1569 815 .
1624 762 1784 814 habet
1806 766 2058 815 maculam
2076 767 2335 817 anteitum
2352 777 2695 831 contractum,

556 849 583 894 1
640 843 866 906 Dederit]
930 808 1554 905 Tenendam.1¹yriom]
1627 840 1766 890 unde
1802 841 1916 907 quis
1949 843 2245 933 suspicetur
2281 860 2397 896 eam
2441 861 2545 897 non
2584 862 2694 898 esse

490 923 733 986 Purpura
754 935 784 970 e
806 922 945 985 Tyro
981 918 1557 981 imbutam.A1›011am]

492 1000 720 1050 Pallium
760 998 1116 1064 duplicatum.
1168 999 1559 1064 Epigrammata

490 1081 573 1127 68.
595 1078 631 1127 l.
655 1081 708 1127 4.

560 1158 593 1204 2
630 1152 822 1216 Cultus]
856 1153 1089 1216 Vestem,
1110 1151 1351 1202 abollam.

558 1235 591 1280 4
625 1230 798 1281 Abolla
817 1231 981 1294 rogat]
1026 1232 1159 1283 Quae
1186 1230 1281 1280 tibi
1302 1243 1405 1280 non
1440 1242 1561 1279 con·

491 1308 657 1371 venit,
676 1305 943 1372 furemque
968 1307 1176 1371 prodet.

559 1390 593 1435 6
625 1384 850 1449 Deliciis,
868 1382 975 1448 ξω]
1012 1383 1343 1434 Lautioribus
1359 1388 1416 1435 et
1436 1381 1564 1434 deli·

497 1461 652 1512 catis.
697 1504 701 1506 ,

560 1543 594 1590 8
632 1539 810 1589 Melias
834 1537 1034 1604 follere]
1106 1540 1319 1603 Latere,
1361 1537 1560 1589 furtum

495 1617 691 1680 celare,
708 1613 971 1666 λανθάνειν.
1042 1614 1246 1680 Togam]
1279 1615 1399 1666 Hac
1417 1614 1565 1666 meli-

498 1712 558 1749 us
589 1695 812 1760 latebin;
843 1710 1025 1747 omnes
1058 1695 1198 1746 enim
1234 1693 1402 1760 togati
1422 1694 1566 1748 ince-

495 1775 646 1833 dunt.

563 1853 724 1902 Eme.
748 1862 898 1902 xux.
931 1853 960 1900 1
984 1849 1154 1902 Quam
1180 1854 1351 1899 tamen
1375 1861 1477 1898 uon
1491 1846 1566 1895 vi-

499 1928 613 1979 det.
671 1929 688 1957 ‘
711 1928 818 1980 Qui
850 1940 1113 1993 nunquam
1152 1927 1277 1977 visae
1308 1925 1567 1990 flagrabat

501 2018 679 2054 amore
715 2001 958 2068 puellaez'
991 2003 1237 2089 Juvenal.
1268 2003 1335 2053 de
1358 2003 1566 2054 Catullo

500 2079 814 2132 Messalino.

568 2158 730 2207 Eme.
753 2169 801 2206 r..
835 2155 1063 2220 Epulum
1081 2155 1232 2207 dedit
1252 2156 1443 2221 populo
1455 2158 1567 2206 Do-

501 2234 768 2294 mitianus,
804 2241 928 2299 post
970 2234 1204 2285 lauream
1252 2250 1284 2284 a
1318 2233 1571 2284 Sarmatia

500 2311 623 2363 Jovi
646 2310 863 2372 illatam,
885 2309 1022 2375 quod
1044 2311 1143 2360 hoc
1169 2311 1413 2360 Carmine
1434 2310 1569 2359 cele-

501 2388 622 2438 brat
643 2387 927 2452 Martialis,
964 2394 1020 2438 et
1041 2385 1249 2459 confert
1270 2403 1387 2439 cum
1411 2387 1571 2451 epulo

500 2464 670 2517 Jovis.

571 2546 598 2592 1
637 2543 848 2607 Quanta,
869 2541 978 2607 ξσ.]
1033 2544 1300 2596 Quantum
1340 2541 1572 2593 convivi-

506 2634 590 2669 um
613 2618 826 2684 Jupiter
862 2620 1095 2683 praebuit
1129 2621 1272 2684 Diis,
1307 2620 1475 2669 relata
1505 2619 1573 2668 de

505 2695 805 2760 gigantibus
827 2695 1070 2759 victoria,
1083 2699 1183 2747 διο.

572 2776 602 2821 8
634 2772 780 2822 Plebe
793 2772 1030 2835 Deorum]
1053 2774 1068 2801 ‘
1089 2773 1186 2823 Est
1204 2786 1406 2838 quoqne
1423 2770 1572 2836 plebs

505 2848 786 2913 Superum,
828 2848 1013 2910 Fauni,
1049 2850 1349 2916 Satyrique,
1385 2850 1572 2899 Lares-

507 2940 630 2991 que,
653 2924 1015 2990 Fluminaque,
1048 2929 1105 2976 et
1130 2926 1406 2990 Nymphae,
1426 2924 1576 2974 semi-

512 3005 774 3069 deumque
792 3004 1004 3068 genusz'
1042 3004 1202 3055 ovid.
1220 3004 1273 3053 in
1290 3004 1430 3055 Ibin.

572 3086 603 3129 6
644 3082 803 3131 Tanta
826 3085 953 3144 tm,
977 3082 1165 3144 σφων,
1182 3080 1288 3143 ξω]
1306 3079 1475 3130 Tanta
1490 3087 1576 3130 est

506 3158 716 3209 lautitia
733 3158 849 3223 ejus
865 3159 1110 3223 convivii,
1131 3158 1270 3223 quod
1304 3167 1383 3221 tu,
1418 3174 1449 3208 o
1468 3161 1578 3209 Do·

508 3234 748 3296 mitiane,
786 3232 981 3284 dedisti
1023 3235 1259 3296 Senatui,
1296 3236 1580 3300 equitibus,

512 3310 679 3374 plebi,
700 3317 821 3374 post
858 3312 1089 3361 lauream
1117 3327 1155 3361 a
1183 3313 1434 3363 Sarmatis
1453 3313 1488 3364 J
1495 3313 1579 3364 ovi

507 3388 722 3438 illatam.
786 3388 956 3452 Supra
979 3389 1163 3454 Epigr.
1189 3395 1269 3441 15.
1292 3406 1425 3443 vers.
1440 3396 1491 3443 4.

576 3468 608 3513 8
638 3463 932 3525 Ambrosias,
953 3467 1061 3530 eya]
1094 3464 1175 3516 Ab
1197 3466 1333 3531 Imp.
1353 3468 1581 3519 Domiti-

511 3555 611 3590 ano
634 3542 754 3591 Deo
778 3541 930 3590 datas
951 3558 964 3591 z
990 3541 1171 3606 Epigr.
1195 3547 1244 3593 8.
1268 3543 1358 3594 lib.
1380 3551 1429 3595 5.

577 3622 639 3667 10
671 3616 924 3681 Sportula,
953 3624 1085 3669 recta
1106 3622 1221 3669 data
1242 3621 1338 3685 est]
1396 3622 1580 3687 Epigr.

513 3698 565 3745 ⁷.
585 3694 674 3745 lib.
696 3699 745 3745 3.

582 3773 741 3823 Eme.
765 3785 841 3823 m.
864 3772 1069 3824 Laudat
1086 3787 1272 3824 munus
1290 3773 1389 3824 sibi
1412 3774 1478 3825 ab
1490 3776 1581 3825 In-

517 3849 711 3899 stantio
736 3848 870 3899 Rufo
892 3851 1115 3901 missum.

582 3931 608 3975 1
648 3927 771 3983 Quis
812 3927 963 3991 labor,
994 3929 1102 3992 ξω]
1160 3929 1324 3993 Cujus
1364 3929 1582 3981 artificia

517 4017 649 4067 opus
671 4010 755 4053 est
775 4003 891 4059 haec
915 4005 1090 4068 phiala
1112 4005 1234 4055 mihi
1255 4022 1287 4060 a
1305 4006 1444 4057 Rufo
1461 4008 1582 4057 mis·

516 4079 610 4127 aa?
680 4079 919 4142 Myosne,
943 4081 1195 4145 Myronis,
1218 4083 1501 4145 Mentoris,
1516 4099 1581 4133 an

518 4156 781 4218 Polycleti
800 4156 819 4204 ?
838 4157 1161 4220 caelatorum,
1182 4160 1248 4209 de
1272 4160 1458 4224 quibus
1474 4160 1582 4210 Pli-

518 4233 632 4282 nius
664 4233 703 4281 l.
746 4236 828 4283 ³3.
870 4234 1051 4298 Epigr.
1091 4240 1169 4286 12.
1233 4238 1414 4303 Labor]
1458 4239 1583 4289 Pro-

1631 918 1749 981 puri
1770 920 2004 970 metalli:
2040 921 2145 972 imo
2167 937 2267 974 nec
2288 923 2480 974 metuit
2500 924 2554 975 in
2578 924 2694 989 igne

1633 995 1914 1058 explorari.

1698 1077 1728 1121 5
1773 1073 1898 1123 Vera
1918 1074 2095 1140 minus,
2114 1074 2219 1140 ξσ.]
2275 1075 2461 1126 Phiala
2497 1076 2610 1127 lnaec
2632 1093 2697 1127 ex

1635 1150 1837 1201 electro
1878 1150 2093 1216 fictitio,
2129 1153 2285 1215 mista
2323 1154 2528 1205 scilicet
2573 1170 2697 1205 auro

1635 1227 1816 1293 quinta
1835 1229 2042 1293 argenti
2068 1230 2329 1295 portione,
2364 1237 2581 1296 superat
2614 1246 2695 1281 co-

1638 1305 1748 1354 lore
1767 1320 1946 1355 verum
1965 1305 2253 1371 succinum,
2271 1309 2352 1358 vel
2371 1309 2625 1360 electrum
2641 1311 2700 1359 il-

1635 1379 1726 1430 lud
1749 1382 2068 1432 metallicum
2091 1383 2145 1434 in
2170 1383 2293 1449 ipsis
2317 1386 2462 1437 venis
2486 1393 2545 1437 et
2566 1385 2698 1437 fodi·

1636 1457 1716 1507 nis
1739 1458 1967 1510 mistum.

1702 1540 1736 1585 6
1770 1535 1915 1586 Felix
1929 1536 2146 1602 pustula]
2190 1537 2438 1591 Feliciter
2468 1543 2526 1589 et
2559 1539 2701 1604 inge·

1637 1611 1784 1663 niose
1821 1610 2001 1663 facta.
2038 1614 2119 1663 vel
2156 1629 2274 1680 quoe
2316 1630 2400 1666 me
2427 1615 2561 1667 facit
2588 1615 2704 1666 feli-

1638 1701 1782 1743 cem:
1825 1689 1909 1738 vel
1949 1690 2073 1767 qnia
2105 1705 2266 1742 aurea
2304 1707 2397 1743 aen
2440 1701 2771 1756 argentea..

1637 1765 1929 1830 Argentum
1944 1782 2131 1832 purum
2147 1775 2354 1834 putum,
2367 1770 2707 1835 postulatum3

1638 1844 1822 1909 Epigr.
1844 1850 1928 1896 85.
1949 1845 2044 1896 lib.
2067 1850 2118 1897 7.
2144 1860 2277 1896 vers.
2297 1852 2346 1899 7.

1705 1926 1737 1972 7
1770 1923 2000 1974 Materiae
2035 1939 2130 1977 nou
2150 1925 2278 1975 cedit
2312 1924 2452 1990 opus]
2486 1927 2503 1956 ‘
2529 1927 2705 1978 Mate·

1641 2001 1771 2050 riam
1795 2001 2080 2066 superabat
2097 2017 2228 2067 opus
2243 2003 2278 2054 ε’
2302 2003 2475 2067 .Ονίᾶ.
2500 2010 2553 2057 2.
2576 2007 2709 2057 Met.

1642 2079 1729 2129 Sic
1743 2078 1921 2142 alligat
1942 2079 2124 2144 orbem]
2145 2080 2339 2131 Forma
2354 2089 2411 2132 et
2433 2082 2605 2134 nitore
2631 2099 2708 2132 re-

1640 2153 1746 2204 fert
1768 2155 1975 2219 plenam
1990 2155 2193 2229 lunam.
2261 2157 2360 2208 Vel
2390 2160 2590 2210 claudit
2628 2175 2711 2211 or-

1643 2234 1761 2284 bern
1784 2234 1970 2306 phialae
2009 2236 2206 2288 circulo
2241 2238 2573 2304 elegantique
2607 2254 2713 2289 em-

1644 2312 1898 2363 blematez
1923 2327 1991 2363 au
2014 2314 2203 2379 implet
2220 2322 2276 2366 et
2291 2316 2550 2368 circinat?
2584 2315 2713 2364 Rad.

1709 2394 1743 2439 9
1775 2389 1889 2440 Stat
1909 2390 2074 2454 caper]
2125 2391 2401 2442 Prominet
2421 2393 2637 2442 caelatus
2660 2393 2713 2441 iu

1646 2465 1818 2531 phiala
1848 2481 2026 2532 caper,
2059 2484 2165 2534 quo
2197 2470 2380 2519 mallet
2401 2468 2518 2519 vehi
2542 2468 2715 2530 Helle,

1646 2558 1795 2608 quam
1823 2543 1914 2593 illo
1931 2545 2019 2610 qui
2042 2545 2329 2610 Phry-xum,
2360 2545 2524 2596 filium
2551 2546 2715 2595 Atha-

1645 2619 1855 2683 mantis,
1879 2620 2018 2684 regis
2047 2621 2432 2685 Thebanorum,
2472 2622 2558 2672 cui
2594 2621 2715 2670 2Εο-

1647 2695 1729 2745 lua
1753 2701 1928 2759 pater,
1953 2702 2169 2759 pontum
2195 2695 2575 2748 transfretavit.
2628 2699 2717 2747 ΔΕ-

1645 2772 1739 2858 offo
1758 2772 1952 2835 vellere]
1987 2774 2159 2838 Caper
2180 2789 2339 2826 aureo
2362 2776 2554 2828 vellere
2570 2789 2719 2825 orua-

1648 2857 1752 2913 tus,
1769 2850 1859 2916 qui
1882 2850 2150 2915 Phryxum
2174 2858 2231 2902 et
2252 2852 2443 2902 Hellen
2469 2866 2567 2915 per
2589 2866 2717 2916 pon-

1649 2934 1779 2990 tum,
1836 2927 2051 2993 dejecta
2092 2937 2266 2979 tamen
2319 2929 2498 2993 Helle,
2551 2937 2718 2980 trans·

1652 3004 1818 3056 vexit.

1717 3086 1781 3132 lo
1816 3082 1992 3147 Soror]
2028 3082 2201 3147 Helle,
2220 3082 2422 3148 Phryxi
2442 3098 2592 3134 soror
2614 3091 2630 3134 i
2655 3085 2719 3135 ab

1651 3161 1750 3210 hoc
1774 3160 1912 3211 enim
1953 3175 2114 3225 capro
2150 3161 2194 3210 si
2230 3168 2391 3211 vecta
2423 3159 2637 3224 fuisset,
2671 3162 2723 3211 in

1651 3253 1799 3289 mare
1827 3253 1930 3288 non
1955 3236 2142 3289 fuisset
2158 3254 2395 3294 excussa.

1736 3320 1794 3365 11
1836 3316 2118 3380 Cinyphius,
2158 3315 2267 3381 qe]
2331 3315 2724 3381 Epigrammata
2820 3337 2825 3344 ·

1654 3398 1738 3443 95.
1759 3392 1850 3444 lib.
1868 3397 1917 3442 7.
1940 3408 2075 3442 vers.
2094 3397 2175 3443 13.
2343 3424 2346 3427 ·

1724 3473 1787 3518 12
1821 3470 1931 3533 Ipse
1950 3473 2054 3532 tua,
2073 3468 2183 3533 ξω]
2218 3468 2378 3532 Capri
2400 3468 2729 3521 celabantur

1657 3546 1710 3596 iu
1736 3545 2079 3610 calicibus,et
2102 3546 2328 3596 victimae
2351 3547 2728 3597 statuebantur

1659 3624 1892 3685 Baccho,
1917 3623 2055 3687 quod
2088 3623 2256 3673 vineis
2287 3622 2573 3685 nocebant,
2608 3625 2730 3674 huic

1658 3709 1835 3752 tamen
1855 3707 1960 3751 tam
1986 3699 2180 3750 affabre
2205 3699 2430 3751 formato
2451 3701 2570 3765 ipse
2596 3702 2728 3751 Bac-

1657 3776 1784 3826 chus
1807 3783 2072 3841 parceret,
2106 3791 2329 3841 eumque
2364 3783 2615 3840 pasceret
2639 3794 2729 3827 sua

1658 3854 1785 3905 vite.
1848 3853 2033 3917 Epigr.
2056 3859 2139 3903 93.
2163 3853 2251 3905 lib.
2275 3860 2350 3905 13.

1728 3935 1787 3980 18
1822 3930 1974 3981 Amor
1993 3946 2164 3981 aureae
2182 3932 2296 3995 alis]
2335 3932 2562 3998 Cupido.

1725 4011 1788 4057 14
1821 4007 1967 4056 Loto-3
1987 4008 2046 4057 ab
2068 4024 2148 4058 ore
2168 4008 2324 4072 sonat]
2373 4009 2535 4059 Tibiae
2569 4023 2729 4073 genus

1660 4100 1690 4134 e
1723 4085 1833 4134 loto
1856 4085 2059 4147 arbore,
2082 4101 2197 4150 quae
2218 4085 2451 4135 nascitur
2474 4085 2531 4134 in
2563 4087 2729 4151 Libya

1651 4163 1807 4226 juxta
1840 4161 2070 4211 Palladis
2111 4163 2293 4212 lacum.
2360 4161 2445 4210 Ad
2482 4163 2726 4213 tibiarum
2800 4197 2805 4202 -

1661 4246 1846 4288 cantus
1884 4242 2175 4305 expetitur.
2265 4239 2467 4290 Plinius
2504 4241 2599 4292 lib.
2648 4244 2724 4291 18.
