2985 4937
652 386 729 431 n.
779 385 945 430 vm..
999 378 1415 431 MAa'riAurs
1468 378 1713 425 amca.
1768 378 1906 424 ma.
1956 357 2130 423 xm.

352 533 382 576 2
415 525 895 588 Hanciulautorum]
921 524 1189 573 Divitum:
1228 536 1343 572 nam

292 611 370 655 5⁰.
398 606 653 655 drachmis
698 606 899 654 uincam
943 604 1010 651 ab
1066 601 1342 664 Aristippo

291 689 511 745 eiiiptam
541 677 778 747 legimns.
844 682 925 730 De
945 688 1145 741 natura,
1165 679 1235 739 vi,
1265 678 1341 726 in-

293 760 456 819 genio,
472 762 570 808 dcc.
591 759 712 807 vide
734 757 1041 806 Gesner-um.
1076 754 1182 805 Alii
1202 754 1344 803 Hanc

290 834 338 882 in
352 835 535 898 piscina
565 836 721 884 ludere
753 848 880 897 serpe
911 834 1030 881 soles
1067 833 1266 895 legunt,
1288 838 1343 879 et

292 912 521 959 alludunt
567 912 632 960 ad
672 911 848 960 ludum
892 911 944 959 in
991 910 1208 973 piscina,
1254 906 1343 971 qui

183 983 187 990 ’
291 985 439 1050 πέρδιξ
474 1003 567 1037 seu
608 987 903 1053 περδικῖσμὸς
945 988 1133 1038 dictus.
1201 988 1343 1035 Mun-

291 1059 416 1128 dere]
449 1059 624 1115 Palat.
648 1069 859 1115 condere.

349 1144 510 1193 Eme.
539 1156 687 1193 vai.
750 1148 774 1192 l
797 1144 996 1206 Pedum
1015 1144 1157 1191 dente
1174 1142 1345 1189 coliem-

290 1220 386 1283 bas]
438 1221 614 1271 Docet
650 1223 788 1269 enim
824 1233 1045 1285 sequens
1070 1231 1245 1267 versus
1270 1218 1345 1265 in-

292 1297 562 1348 terdictum
598 1297 754 1346 fuisse
775 1296 1177 1366 columhinorum
1201 1307 1344 1343 esum

289 1373 470 1437 Mystis
493 1376 732 1437 Veneris,
752 1376 838 1439 qui
878 1374 1067 1423 initiati
1095 1379 1245 1422 erant
1268 1386 1343 1421 sa·

289 1452 383 1500 cris
405 1453 539 1501 Deae
567 1453 700 1502 Veu.
733 1452 931 1501 Cnidiis
967 1452 1203 1515 religiose
1235 1450 1343 1499 cul·

293 1536 376 1588 ευ,
420 1538 476 1579 et
506 1530 593 1579 cui
630 1529 863 1579 columba
903 1544 1070 1578 sacra.
1139 1527 1343 1588 Per-juro

289 1606 441 1669 dente]
497 1609 672 1659 Quum
713 1608 888 1670 Mysia
925 1607 1144 1656 Veneris
1164 1613 1345 1655 contra

283 1679 367 1742 jus
417 1697 682 1733 sacrorum
724 1697 930 1733 suorum
974 1683 1133 1734 violet
1174 1684 1342 1733 minis·

293 1766 418 1807 tram
440 1760 667 1810 Veneris
686 1760 993 1810 columbam.

349 1839 379 1883 2
412 1836 542 1908 Tibi]
598 1837 868 1887 Sacerdoti
906 1838 1020 1887 scil.
1058 1845 1113 1887 et
1153 1836 1345 1900 Mystae

291 1911 518 1964 Veneris.

340 1989 514 2050 Eric.
538 2004 721 2042 van.
776 1992 1037 2042 Palumbus
1076 1991 1346 2056 tor-quattu]

290 2066 370 2114 Sic
403 2066 575 2117 dictus
609 2083 639 2117 a
662 2070 856 2118 circulo
884 2085 973 2120 sen
994 2077 1181 2135 torque
1204 2070 1348 2119 circa

289 2142 490 2192 collum.
565 2143 689 2193 Avis
727 2153 874 2195 casta
907 2160 974 2196 ex
1006 2146 1233 2196 moribus
1256 2161 1347 2209 ap·

294 2218 528 2282 pellatur,
572 2222 710 2285 quod
753 2236 925 2272 comes
964 2223 1034 2272 sit
1071 2223 1346 2273 castitatis.

291 2293 488 2345 Dicitur
507 2299 645 2347 enim
666 2300 848 2350 amisso
861 2301 1120 2366 corporali
1141 2315 1348 2350 consor-

292 2372 359 2419 tio
390 2375 624 2425 solitaria
660 2377 925 2441 incedere,
957 2367 1056 2429 nec
1087 2379 1346 2429 carnalem

291 2452 518 2513 copulam
545 2454 685 2504 ultra
705 2456 982 2519 requirere.

355 2534 371 2577 1
409 2525 643 2595 Inguina]
674 2534 951 2594 Venerem,
973 2534 1312 2585 salacitatem.

335 2607 513 2659 Ἐνια.
531 2622 734 2659 ιινιιι.
759 2615 791 2659 71
823 2610 1051 2674 Garbato]
1083 2610 1209 2673 Alii,
1227 2613 1347 2660 Gul-

292 2681 411 2734 him.
445 2686 633 2735 Recte.
682 2686 920 2736 Galbina».
954 2701 1101 2751 ergo,
1122 2701 1214 2736 seu
1240 2688 1347 2749 gal·-

290 2758 395 2810 bea}
429 2771 589 2828 atque
610 2762 770 2812 etiam
806 2764 1047 2827 galbulae,
1079 2778 1203 2813 aves
1227 2771 1349 2813 sunt

290 2838 460 2888 viridis
481 2848 574 2889 aut
596 2840 721 2889 lutei
745 2840 933 2890 coloris
955 2856 968 2889 ε
1006 2841 1203 2890 Graecis
1221 2849 1349 2902 χλω-

290 2913 401 2974 ρίδις
420 2915 680 2966 dicuntur.
747 2916 991 2981 Baptista
1015 2917 1144 2967 Pius
1164 2919 1349 2968 asserit

293 2992 560 3061 lectionem
596 2995 820 3058 Galbula,
843 3011 957 3060 quoe
989 2993 1185 3060 ἰκτερός.
1239 2995 1348 3045 An·

287 3077 393 3119 not.
417 3069 569 3121 Post.
592 3085 710 3135 cap.
732 3076 815 3121 2⁹.
852 3072 1082 3136 Calamis]
1104 3074 1351 3124 viscatis.

349 3149 379 3193 2
415 3147 732 3212 Tur-gemm]
780 3147 1047 3199 Autumno
1071 3150 1254 3213 primo.

351 3218 509 3275 Eme.
533 3238 695 3276 xxix.
742 3232 768 3276 1
792 3227 1108 3288 Pannonicae,
1137 3226 1243 3290 Bra]
1302 3229 1349 3276 Ε

288 3297 553 3353 Pannonia
573 3304 752 3353 missas
767 3300 1060 3353 Pudentiin
1081 3304 1350 3354 Umbriam

293 3378 457 3430 misit:
492 3383 583 3430 ille
604 3383 838 3432 Romam.
886 3382 1204 3433 Pannonicae
1223 3398 1350 3448 ergo

293 3453 451 3504 Cattae
479 3458 713 3507 Martiali
729 3468 868 3520 suut,
881 3472 1009 3523 quas
1026 3460 1178 3523 vulgo
1193 3463 1208 3489 ‘
1222 3474 1351 3509 mar-

293 3531 396 3579 tas’
436 3535 755 3585 vocitamus:
804 3550 919 3599 quae
948 3536 1018 3587 de
1052 3551 1244 3600 genere
1274 3536 1352 3586 fe·

293 3605 408 3656 lium
429 3619 552 3661 sunt
581 3608 945 3676 sylvestrium3
995 3628 1085 3663 sen
1111 3615 1348 3664 mustelae

291 3685 583 3745 sylvestres·

354 3766 386 3810 2
417 3765 645 3829 Domino]
696 3765 1024 3829 Domitiano,
1061 3768 1145 3816 vel
1198 3767 1349 3818 diviti

298 3851 527 3897 patrono.

359 3915 516 3967 Epio.
533 3930 662 3968 Lxx.
682 3923 714 3968 2
732 3919 877 3969 Hunc
889 3934 1014 3970 soevo
1028 3921 1351 3986 trudere,8sc.]

294 3989 654 4052 Spectaculum
697 3997 959 4060 pulchrius
1000 4013 1149 4062 quam
1182 3998 1350 4049 fercu-

296 4067 415 4131 lum,
439 4086 582 4122 avem
606 4074 770 4123 oculis
797 4088 952 4138 quam
988 4079 1120 4140 gulae
1156 4077 1351 4141 gratio·

295 4158 415 4196 reni.

358 4223 514 4275 Eric.
537 4240 690 4276 mxxi.
731 4232 768 4297 ‘1
803 4227 899 4276 Dat
922 4228 1041 4276 mihi
1060 4232 1352 4296 manustra]

292 4298 643 4368 Φοινικών-τερος,
681 4303 928 4368 puniceus
960 4306 1081 4356 alas.
1139 4309 1346 4360 Phoeni-

2306 352 2479 423 1433

1417 540 1658 596 copterus
1681 547 1803 596 ergo
1829 532 1956 593 avis,
1978 532 2116 581 circa
2137 532 2281 580 lacus
2312 540 2365 580 et
2395 545 2482 593 pa·

1419 606 1565 657 ludes
1598 608 1863 670 victitans,
1898 609 2008 658 visu
2046 608 2279 672 pulchra,
2316 615 2370 656 et
2394 622 2482 656 co·

1417 684 1525 732 lore
1559 684 1749 733 decora
1785 699 2078 748 purpureo;
2127 684 2479 745 magnitudine

1416 760 1650 822 ciconiae,
1685 763 1783 809 διο.
1855 760 2069 823 Gulosis]
2128 760 2332 824 Apicio,
2371 758 2481 808 He·

1417 837 1695 901 liogabalo,
1716 838 1947 887 vitellio.
2470 826 2476 831 “

1482 918 1514 963 2
1551 915 1680 970 Quid
1699 913 1742 963 si
1760 918 1989 978 garrula,
2007 913 2111 977 ὅτι]
2144 915 2352 966 Quanto
2374 903 2480 963 mass

1419 991 1495 1054 gis
1534 992 1724 1054 gulosis
1760 993 1873 1041 istis
1914 999 2141 1055 saperet,
2178 992 2222 1039 si
2254 1005 2356 1039 vox
2395 1005 2481 1038 ac-

1418 1071 1679 1130 cessisset,
1704 1069 1887 1134 quibus
1911 1069 2069 1119 tacita
2091 1069 2265 1130 lingua
2300 1076 2403 1117 tam
2428 1067 2480 1115 in

1419 1146 1624 1195 deliciis
1648 1148 1760 1197 est?
1802 1147 2134 1211 Respicitque
2159 1143 2325 1194 Poeta
2346 1145 2479 1209 pati·

1418 1237 1535 1273 nam
1563 1223 1737 1288 AEsopi
1764 1222 1986 1288 tragoedi
2009 1239 2073 1272 ex
2090 1223 2280 1285 linguis
2306 1222 2478 1271 avium

1418 1314 1736 1351 canoraruin.
1772 1302 1909 1351 Plin.
1931 1301 2021 1351 lib.
2046 1303 2126 1349 1⁰.
2145 1314 2259 1363 cap.
2283 1304 2364 1348 51.
2459 1296 2477 1307 ”

1484 1380 1642 1428 Erro.
1661 1392 1846 1429 Lxxn.
1868 1384 1892 1427 1
1913 1376 2297 1440 Argivum-ina]
2322 1375 2481 1439 Argo.

1484 1458 1516 1503 2
1553 1454 1887 1517 Phasis,erat]
1922 1455 2001 1502 Fl.
2022 1454 2362 1503 Colchorum:
2391 1467 2486 1500 un-

1417 1531 1482 1580 de
1506 1531 1782 1597 phasiauos
1803 1530 1867 1580 ah
1887 1530 2198 1594 Argonautis
2223 1539 2482 1593 transpor-

1418 1616 1558 1660 tatos
1581 1610 1772 1674 arguit,
1791 1625 1822 1658 a
1839 1609 2041 1659 nomine
2060 1609 2192 1657 avis.
2239 1609 2367 1657 Post
2386 1608 2482 1657 hoc

1418 1685 1675 1735 distichon
1716 1685 2004 1749 interponit
2043 1683 2294 1734 Arondel.
2340 1683 2478 1732 aliud

1421 1761 1486 1810 de
1512 1762 1594 1811 avi
1630 1762 1814 1811 eadem
1858 1776 1974 1811 cum
2013 1762 2284 1812 lemmate:

1722 1850 1997 1887 Pnasum
2035 1851 2167 1888 nuc.

1424 1915 1562 1972 Quos
1581 1914 1747 1977 Argoa
1780 1915 1914 1979 prius
1933 1914 2197 1965 transvexit
2219 1914 2380 1964 Phase
2399 1931 2480 1967 cu·

1547 2005 1676 2053 ’'²⁸¹⁶ae
2186 2036 2192 2050 .

1486 2069 1604 2118 Oris
1618 2083 1730 2118 aves
1746 2069 1901 2132 sapidi
1906 2068 2108 2130 [ωηιξη
2124 2068 2286 2132 virque
2311 2069 2486 2117 umus.

1422 2145 1542 2196 Nec
1587 2147 1833 2197 Martiale
1867 2147 2131 2210 indignum
2155 2144 2382 2195 videtur.

1490 2224 1653 2274 Eme.
1691 2237 1897 2274 nxxm.
1950 2229 1974 2272 1
2007 2224 2218 2273 Romano
2251 2222 2484 2285 quamvis,

1419 2300 1524 2363 ὅπη]
1582 2300 1686 2352 Qui
1728 2300 1976 2350 Romanis
2017 2299 2067 2347 in
2113 2299 2349 2348 deliciis?
2400 2299 2485 2348 An

1422 2377 1539 2441 quia
1559 2377 1788 2426 servavit
1821 2375 2135 2440 Capitolium
2173 2376 2392 2426 Romae?
2428 2382 2486 2425 ut

1417 2460 1670 2519 sequente
1690 2454 1965 2518 Epigram.

1484 2535 1518 2580 2
1550 2530 1674 2580 Suus
1704 2545 1959 2594 nunquam,
1995 2529 2101 2594 ζα]
2159 2529 2488 2591 Numidicas,

1421 2623 1536 2672 quae
1561 2609 1785 2658 noudum
1812 2608 1948 2672 gula
1988 2607 2221 2657 barbarae
2254 2607 2489 2675 innotnef

1422 2692 1556 2734 rant.
1612 2685 1821 2740 Fatuab.
1907 2685 2200 2735 Numidicae
2240 2698 2364 2746 ergo
2393 2699 2486 2734 seu
2524 2734 2525 2737 ,

1422 2759 1708 2823 African-ce,
1751 2761 1802 2809 iu
1846 2776 1911 2811 ea
1953 2769 2109 2825 parte
2142 2760 2357 2825 Africae,
2401 2762 2488 2812 cui

1425 2837 1676 2886 Numidia
1703 2851 1904 2888 nomen.

1490 2915 1654 2965 Eme.
1680 2928 1872 2965 mxxiv.
1925 2919 1951 2964 1
1978 2914 2102 2963 Hoec
2135 2915 2358 2972 servavit,
2379 2913 2489 2979 ξω]

1423 2991 1651 3041 Manlius
1695 2993 1944 3056 clangore
1992 2992 2188 3042 anseris
2228 2993 2488 3043 excitatus

1422 3070 1703 3119 subcuntes
1716 3078 1872 3119 nocte
1887 3068 2063 3118 Gallos
2087 3083 2118 3116 a
2141 3083 2336 3117 summa
2359 3083 2489 3133 rupe

1424 3149 1644 3213 dejecit,
1675 3152 1772 3199 διο.
1808 3148 1922 3198 Liv.
1941 3154 1992 3198 5.
2034 3149 2095 3198 L.
2117 3148 2302 3198 Florus
2323 3148 2416 3198 lib.
2441 3153 2490 3198 1.

1423 3241 1544 3291 cap.
1567 3231 1647 3278 13.
1688 3227 2002 3276 Plutarchus
2038 3226 2128 3275 lib.
2168 3225 2237 3276 de
2260 3224 2491 3277 Fortuna

1424 3304 1573 3353 Rom.
1598 3305 1697 3352 διε.

1488 3383 1521 3429 2
1556 3381 1795 3441 Nondum,
1852 3378 1960 3442 qua]
2021 3380 2308 3444 Postquam
2365 3394 2490 3430 vero

1423 3456 1764 3506 Domitianus
1782 3456 2036 3506 Dominus
2055 3471 2115 3505 ac
2138 3458 2286 3506 Deus
2310 3465 2489 3506 noster

1425 3531 1740 3594 Capitolium
1796 3529 2176 3596 *conflagratum
2243 3532 2492 3594 restituit,

1424 3621 1527 3656 nou
1546 3621 1676 3671 opus
1699 3615 1782 3658 est
1803 3620 2006 3670 ansere,
2027 3607 2217 3675 nedum
2242 3609 2343 3656 alio
2376 3622 2490 3657 cus-

1426 3684 1571 3734 tude.

1489 3761 1655 3810 Eric.
1676 3772 1847 3810 LxxV.
1882 3764 1908 3809 1
1935 3759 2165 3808 fian-babis
2183 3773 2362 3816 versus,
2382 3759 2491 3823 ξω]

1425 3839 1687 3902 Exempta
1710 3852 1812 3886 una
1850 3838 1959 3886 avis
1995 3836 2223 3887 turbabit
2258 3836 2490 3887 ordinem

1425 3923 1481 3964 et
1522 3913 1744 3963 formam
1780 3915 1969 3973 literae,
2005 3928 2157 3978 quam
2199 3928 2265 3963 ex
2306 3928 2489 3979 gruum

1427 3991 1606 4041 volatu
1639 3987 1915 4039 adinvenit
1934 3989 2261 4040 Palamedes.
2293 3991 2364 4040 sit
2403 3992 2492 4042 illa

1426 4068 1475 4117 Y
1515 4081 1581 4116 an
1607 4066 1671 4117 A.
1721 4080 1808 4127 an,
1848 4074 1910 4116 ut
1947 4066 2061 4115 aliis
2097 4067 2263 4132 magis
2297 4069 2496 4132 placet,

1425 4155 1486 4196 Δ.
1554 4145 1669 4194 Nisi
1694 4146 1867 4207 potius
1889 4142 1957 4194 ob
1973 4150 2031 4205 Φ,
2055 4159 2086 4192 a
2108 4143 2390 4195 Palamede
2412 4146 2491 4194 in-

1424 4230 1655 4284 ventum,
1694 4235 1845 4284 grues
1885 4221 2179 4291 Palamedis
2219 4237 2339 4270 aves
2387 4222 2492 4271 dici

1422 4300 1604 4355 malis:
1643 4300 1780 4365 quia,
1804 4298 1905 4350 etsi
1936 4299 1988 4347 in
2013 4298 2233 4348 volando
2258 4297 2489 4348 referant
