2985 4937
523 428 697 494 1430

1196 436 1414 486 NOTAE
1462 434 1864 484 VAmomJM
1888 437 1893 442 '
1918 435 1990 481 m

526 599 574 648 E
595 563 747 647 tortis
761 594 933 660 juncis
957 600 1102 643 texta
1123 599 1321 655 sporta,
1341 591 1426 639 vel
1444 595 1585 641 testa
1652 576 1845 626 wilib·
1862 581 1910 626 4·
1936 590 2072 627 vers·
2096 578 2153 625 8.
2167 582 2221 624 et
2238 572 2418 640 Epigt·
2432 576 2516 623 78.
2531 570 2678 621 lib-6.

526 674 792 724 turbinata
814 671 867 720 in
887 677 1036 720 metoe
1055 669 1300 720 formam:
1323 674 1382 717 ut
1399 668 1584 731 Epigr-

525 754 614 800 44.
637 748 793 798 lib-l.
824 763 898 798 vs.
936 751 988 797 7.
1020 761 1174 811 quam
1209 744 1295 795 lib.
1327 750 1376 793 5.
1399 735 1583 808 Epigr.

528 831 612 877 18.
629 825 764 875 dixit
784 828 800 854 ‘
818 833 1021 875 acutam
1040 821 1263 874 testam!

529 927 534 930 ·
592 907 627 953 2
684 902 916 966 ‹300th
982 898 1203 950 Κόττανα
1250 896 1369 948 εἶδος
1418 899 1587 947 συκῶν.

528 979 795 1045 Epigram.
818 981 900 1027 89.
920 977 1012 1027 lib.
1033 981 1084 1027 4.
1106 990 1240 1026 vers.
1259 980 1312 1025 6.

592 1058 755 1107 Eme.
794 1068 958 1105 χιιι.
991 1047 1317 1116 Damascena]
1366 1052 1445 1101 Ex
1481 1049 1588 1098 Da-

530 1148 708 1185 masco
728 1132 913 1197 Syriae.

597 1216 627 1261 1
685 1211 880 1272 Rugum
921 1206 1141 1270 seaeetoe]
1204 1206 1331 1258 Quas
1374 1204 1589 1265 siccata,

530 1295 898 1351 vetustateque
937 1286 1051 1350 ipsa
1082 1284 1198 1349 jam
1229 1288 1503 1333 contracta
1536 1280 1588 1329 in

532 1378 707 1429 rugas.

601 1442 757 1491 Eme.
795 1452 942 1491 xxx.
998 1444 1027 1489 1
1062 1437 1279 1501 Imagine
1309 1435 1457 1499 lanoe]
1506 1433 1589 1485 An

533 1520 669 1572 lunoe
692 1516 893 1568 forma?
931 1515 1084 1568 Quod
1101 1514 1240 1565 forte
1254 1513 1456 1577 insigne
1475 1518 1593 1561 erat

533 1595 715 1657 Lnnae,
737 1594 919 1658 oppidi
962 1591 1207 1651 Etruriae,
1241 1593 1386 1655 cujus
1408 1595 1590 1654 portus

534 1680 592 1721 et
612 1670 747 1719 lunae
770 1668 1037 1719 referebat
1070 1668 1367 1732 imaginem.

600 1748 764 1798 Eme.
798 1760 962 1798 xxm.
1010 1752 1042 1798 2
1093 1744 1286 1796 Vestino
1311 1745 1384 1792 -de
1418 1740 1594 1806 grege]

536 1823 741 1874 Vestini
762 1823 937 1887 populi
961 1822 1154 1886 Italiae,
1174 1820 1378 1870 Sabinis
1418 1812 1594 1869 vicini.

536 1901 704 1951 Massa
721 1901 873 1964 venit]
892 1900 1089 1950 Caseus
1110 1900 1249 1949 lacte
1269 1911 1447 1962 presso
1469 1902 1525 1946 et
1540 1896 1607 1960 in,

536 1991 755 2027 massam
772 1977 1058 2040 coagulato.

605 2053 768 2122 Eme.
788 2065 979 2103 xxxu.
1010 2056 1043 2101 2
1072 2050 1416 2115 Velabrensem]
1435 2051 1593 2100 Vela·

538 2123 689 2180 brum
712 2130 856 2178 locus
874 2130 1051 2178 Romae
1076 2143 1237 2193 prope
1256 2127 1592 2177 Aventinum.

537 2205 555 2232 ‘
578 2205 770 2256 Fumus
820 2204 1134 2271 [imbibitus]
1171 2209 1330 2268 anget
1371 2202 1593 2267 gratiam

540 2282 702 2342 casei,
723 2280 887 2344 qualis
908 2280 963 2329 in
999 2279 1113 2345 ipsa
1150 2278 1295 2330 Urbe
1319 2277 1596 2329 conficitur

540 2349 745 2407 cunctis
784 2355 1141 2421 praeferendus
1156 2355 1194 2405 ε’
1227 2356 1366 2405 Pliu.
1397 2354 1490 2405 lib.
1516 2359 1595 2406 11.

431 2471 437 2477 .
539 2443 660 2499 cap.
683 2436 767 2484 42.
819 2433 918 2490 Qui
949 2432 1091 2496 bibit]
1124 2432 1188 2483 In
1209 2432 1436 2483 Velabro
1457 2431 1597 2482 enim

538 2512 715 2560 multoe
772 2517 921 2560 erant
966 2511 1223 2571 (πωροι-ἰν,
1288 2523 1380 2558 seu
1426 2507 1597 2558 taber·

533 2603 641 2649 nae,
674 2585 762 2661 ubi
784 2588 1005 2637 Veteres
1039 2601 1221 2637 caseos
1256 2585 1597 2650 reponebant,

537 2671 596 2713 et
614 2660 787 2713 fumos
803 2662 986 2713 bibere
1008 2662 1382 2713 instituebant:
1419 2674 1598 2711 recens

540 2739 677 2790 enim
701 2740 791 2790 ille
807 2754 987 2790 caseus
1009 2739 1271 2790 fistulosus
1293 2747 1429 2804 erat,
1445 2745 1502 2789 et
1522 2738 1600 2789 fa·

538 2818 638 2868 cile
659 2818 930 2867 hauriebat
948 2816 1163 2866 fumum.
1198 2818 1326 2867 aaa.

604 2895 768 2945 Eme.
792 2908 1001 2946 xxxm.
1036 2898 1057 2944 1
1092 2895 1295 2945 Trebula
1311 2895 1599 2960 noegenait]

539 2970 702 3020 Vicus
745 2970 798 3019 in
837 2970 1060 3023 Sabinis.
1097 2973 1277 3038 Epigr.
1308 2978 1387 3024 ⁷1.
1421 2973 1514 3024 lib.
1547 2979 1598 3024 5.

517 3060 677 3096 vers.
721 3052 767 3095 1.
835 3048 1138 3098 Commendat
1195 3051 1359 3111 gratia
1399 3049 1597 3114 duplex]

538 3122 675 3172 Usus
696 3121 889 3185 duplex
912 3124 1058 3173 nobis
1072 3130 1174 3183 est,
1189 3133 1246 3175 et
1268 3125 1466 3176 duobus
1490 3140 1598 3175 mo·

537 3197 620 3247 dis
662 3212 779 3247 cum
823 3199 1080 3250 suavitate
1123 3199 1178 3250 in
1223 3201 1395 3252 cibum
1447 3217 1598 3268 para-

538 3288 675 3324 mur.

541 3376 545 3381 .
602 3343 635 3389 2
669 3339 785 3390 Sive
804 3341 1125 3406 kviflanuna]
1152 3341 1273 3393 Sive
1298 3349 1596 3394 torremur-2

538 3417 737 3468 toastea.
801 3418 918 3468 Siue
932 3422 1177 3469 domamur
1196 3421 1342 3486 aqua]
1372 3421 1494 3472 Sive
1510 3422 1600 3472 de·

535 3493 792 3545 scobinati
828 3510 1154 3548 maceramur
1168 3498 1307 3563 jure.

603 3572 769 3622 Erro.
792 3584 998 3625 xxxiv.
1036 3580 1068 3625 2
1116 3577 1310 3641 Balbie,
1344 3577 1451 3642 qa]
1496 3577 1600 3630 Qui

538 3648 795 3699 Venerem
814 3649 1015 3701 inflant.
1040 3653 1120 3701 Ex
1133 3654 1213 3702 his
1231 3668 1352 3704 vero
1370 3670 1485 3705 cum
1504 3671 1599 3706 nu-

536 3726 666 3776 eleis
685 3727 870 3790 pineis,
890 3743 1065 3789 eruea,
1087 3730 1291 3795 pipere,
1309 3731 1363 3781 in
1378 3733 1598 3797 nuptiali

535 3818 685 3853 coena
698 3818 891 3867 sponso
907 3803 1165 3855 ferculum
1184 3808 1354 3871 parari
1374 3809 1599 3860 solitum.

535 3878 693 3929 Alex.
732 3881 818 3931 ab.
863 3880 1147 3950 Aleitandr.
1191 3882 1357 3935 lib.'2.
1404 3899 1522 3949 cap.
1546 3891 1597 3936 5.

536 3956 683 4030 citat
725 3957 967 4021 adagium
994 3957 1277 4009 Athenaeus
1300 3959 1391 4010 lib.
1409 3965 1458 4009 2.
1478 3976 1597 4024 cap.

535 4036 620 4156 {a
667 4032 817 4090 Οὐδέν
836 4035 881 4083 α’
910 4033 1068 4095 ὀνήσει
1099 4035 1297 4101 βολβὸς,
1313 4037 1373 4087 ἂν
1390 4037 1456 4100 μὴ
1478 4037 1599 4103 νεῦρ’

558 4126 671 4174 xps.

589 4186 749 4238 Eme.
772 4200 949 4241 xxxv.
985 4193 1013 4238 l
1064 4191 1199 4241 Filia
1239 4192 1451 4255 Picenoe,
1487 4193 1593 4257 ξω]

540 4259 812 4313 Farcimen
840 4277 871 4312 e
892 4265 1112 4316 concisis
1144 4268 1381 4318 carnibus
1421 4283 1596 4332 porcae

535 4337 590 4399 in
610 4351 733 4402 agro
757 4338 1039 4391 Picentino
1062 4348 1220 4394 natae.
1249 4345 1384 4409 Vide
1407 4345 1596 4412 Epigr.

1719 656 1751 701 2
1786 650 2161 714 Pultibu»,&e.]
2220 650 2356 700 Oras
2395 648 2589 712 patine
2626 646 2709 696 ba·

1655 729 1827 779 beutis
1852 730 2147 791 pultem-ex
2186 726 2361 776 tritico
2393 723 2708 774 circumdat:

1658 813 1716 856 ut
1749 806 2037 869 Epign'ffl.
2085 803 2235 853 lib.5.
2279 816 2413 851 vers.
2433 806 2486 851 9.
2541 800 2629 850 Sic
2659 805 2713 848 et

1655 883 1807 935 bodie
1829 882 1893 933 ad
1918 882 2194 931 brassicam
2219 882 2569 943 apponuntur.

1721 964 1886 1013 Eme.
1911 975 2113 1011 xxxvl.
2145 964 2178 1010 4
2215 958 2412 1009 Picenis
2423 956 2582 1020 venit]
2607 954 2714 1004 Oli·

1659 1055 1737 1089 vae
1773 1039 1986 1103 optimas
2011 1052 2077 1087 ex
2101 1051 2227 1102 agro
2250 1036 2453 1085 Piceno
2470 1033 2525 1083 in
2549 1032 2715 1083 Italia.

1657 1114 1924 1177 Subducta]
1991 1114 2291 1176 Subtracta,
2325 1113 2439 1161 oleo
2482 1113 2609 1159 ‘non
2632 1121 2716 1159 ex-

1659 1210 1855 1259 presso,
1903 1195 2122 1258 integra.
2194 1191 2438 1256 Trapetis]
2496 1192 2720 1254 Trapes,

1658 1271 1779 1334 etis,
1800 1271 1885 1320 vel
1907 1277 2189 1333 trapetum,
2209 1278 2292 1319 est
2313 1269 2450 1317 mola
2471 1265 2717 1325 olivaria;

1661 1348 1744 1397 vel
1763 1348 2000 1412 praelum,
2014 1362 2115 1412 quo
2130 1347 2299 1397 oleum
2323 1343 2638 1408 exprimitur
2653 1360 2673 1392 z*
2689 1358 2716 1391 a

1657 1420 1829 1487 τρέω,
1843 1432 2014 1502 (verto,
2034 1424 2202 1474 volvo.
2246 1422 2432 1486 Epigr.
2450 1426 2538 1471 28.
2561 1417 2653 1471 lib.
2670 1425 2717 1470 7.

1662 1517 1797 1554 vers.
1813 1507 1863 1553 3.

1738 1584 1772 1629 2
1796 1580 2014 1640 Inchoat,
2039 1585 2180 1643 atque
2200 1576 2383 1640 eadem]
2403 1575 2491 1626 Ad
2510 1576 2724 1626 incitan-

1662 1658 1786 1708 dum
1823 1659 2158 1708 stomachum.
2213 1655 2355 1705 Finit
2393 1654 2521 1703 oliva
2558 1652 2719 1717 dapes]

1667 1733 1750 1785 Ad
1770 1734 2052 1783 tollendum
2078 1731 2362 1782 fastidium.

1730 1813 1889 1862 Eme.
1906 1823 2134 1861 xxxvu.
2172 1814 2197 1858 1
2237 1807 2495 1873 Gor-cyrei,
2514 1806 2620 1871 esa]
2642 1805 2720 1856 Ex

1665 1888 1816 1939 horto
1837 1887 2061 1953 Alcinoi,
2082 1886 2219 1951 regis
2253 1885 2558 1948 Pboeacum,
2584 1885 2636 1933 in
2655 1884 2723 1932 in-

1664 1966 1777 2014 sula
1799 1965 2043 2029 Corcyra.
2771 2001 2776 2006 .

1727 2045 1761 2090 2
1793 2043 1893 2092 Aut
1919 2044 2018 2092 Ιιωσ
2054 2038 2274 2104 Massyli,
2309 2036 2418 2102 ξω]
2455 2036 2572 2087 Aut
2593 2035 2722 2088 Hes·

1665 2120 1902 2184 periclum
1939 2120 2106 2170 mala:
2176 2115 2358 2181 Epigr.
2389 2118 2476 2167 94.
2514 2114 2610 2165 lib.
2641 2118 2718 2164 lo.

1665 2212 1800 2248 vers.
1828 2202 1874 2247 1.
1916 2198 2106 2261 Neque
2142 2196 2245 2246 alia
2261 2187 2554 2246 creduntur
2575 2190 2726 2242 fuisse

1665 2286 1825 2322 aurea
1844 2273 1935 2322 illa
1958 2286 2128 2338 poma,
2147 2288 2297 2339 quam
2318 2274 2431 2322 baec
2457 2268 2726 2329 Aurautia,

1667 2350 1853 2412 citrea,
1889 2348 2116 2399 Medica.
2196 2346 2484 2399 Atheniens
2527 2344 2658 2396 libro
2673 2348 2722 2393 8.

1666 2439 1782 2489 cap.
1804 2429 1916 2477 45.
1938 2432 1995 2477 et
2011 2430 2095 2477 48.

1733 2504 1894 2554 Erro.
1928 2512 2174 2554 xxxvm.
2230 2501 2522 2566 colostrum]
2577 2500 2724 2563 Belg.

1668 2580 1825 2630 Riest.

1738 2659 1763 2703 1
1803 2656 2029 2706 Nondum
2061 2656 2301 2706 dantibus
2336 2654 2511 2719 mis]
2553 2653 2727 2704 Prius·

1669 2748 1823 2799 quam
1846 2734 2037 2783 boeduli
2070 2748 2251 2784 recens
2290 2733 2401 2784 nati
2439 2732 2728 2781 erexissent
2784 2723 2791 2733 '

1671 2823 1728 2859 se
1740 2815 1798 2860 et
1814 2810 2166 2861 admovissent
2181 2810 2427 2860 uberibus
2444 2823 2560 2859 ora.
2595 2808 2728 2858 Plin.

1736 2888 1899 2938 Eme.
1927 2900 2132 2937 xxxrx.
2181 2892 2207 2936 1
2260 2884 2436 2948 γᾶν-ἰαί,
2469 2883 2579 2948 ς...]
2631 2884 2727 2933 Ro·

1671 2965 1800 3015 dens
1827 2965 2053 3014 virentes
2075 2963 2333 3029 palmites.
2554 2984 2558 2988 ·

1734 3048 1767 3094 2
1799 3043 1902 3092 Det
1917 3058 2096 3107 poeaas,
2115 3041 2223 3107 qma]
2244 3043 2262 3070 ‘
2278 3042 2553 3091 Mactetnr
2568 3038 2731 3090 hostia

1672 3120 1903 3183 Baccho,
1934 3119 2086 3172 Quod
2111 3127 2319 3169 teneras
2365 3118 2500 3168 vites
2544 3116 2729 3168 roserit

1671 3198 1783 3263 ipse
1800 3204 1954 3248 tener
1968 3217 1982 3260 ;
1996 3197 2013 3222 '
2061 3195 2221 3247 Ovid.
2243 3197 2445 3245 Fastor.
2465 3198 2516 3243 1.
2549 3196 2566 3221 ⁴
2587 3192 2728 3243 Rode

1671 3266 1832 3340 caper
1874 3273 2074 3335 vitem,'
2104 3278 2204 3323 διο.
2267 3273 2515 3334 ’Arcanum
2551 3271 2601 3322 ά.
2625 3272 2730 3330 Κῆν

1669 3369 1729 3414 με
1748 3350 1902 3418 φάγῃς
1922 3349 2001 3400 ἐπὶ
2017 3349 2170 3416 ῥίζαν,
2189 3355 2288 3402 &c.
2315 3359 2424 3413 κεφ.
2456 3347 2557 3401 στ’.
2610 3350 2730 3400 Hoe-
2796 3368 2803 3374 ·

1668 3427 1784 3487 dilli
1807 3428 1993 3477 mensis
2027 3427 2199 3492 grati:
2250 3427 2533 3477 tenerrima
2554 3440 2728 3477 eorum

1671 3518 1812 3554 caro.

1735 3582 1896 3631 Eme.
1916 3592 2010 3630 κε..
2044 3585 2073 3630 1
2113 3581 2331 3631 Candida
2361 3582 2492 3630 anda
2524 3579 2730 3643 vitellos]

1672 3657 1900 3707 Lacteus
1923 3657 2092 3720 liquor
2110 3658 2161 3705 iu
2185 3657 2448 3708 albumine
2464 3659 2572 3708 ovi.

1734 3737 1767 3783 2
1802 3733 2064 3797 Hesperias
2091 3734 2307 3798 scombri,
2343 3735 2452 3799 ξω]
2511 3735 2730 3787 Condito

1670 3824 1768 3860 ova
1813 3824 1940 3874 garo
1995 3810 2249 3874 Hispano.
2313 3813 2583 3877 Epigram.
2620 3817 2729 3865 192.

1667 3884 1821 3935 infra.
1906 3886 2191 3953 Hesperius
2248 3888 2380 3938 enim
2421 3889 2596 3954 liquor
2653 3894 2732 3943 est

1669 3977 1868 4027 garum.

1734 4041 1898 4090 Eme.
1919 4042 2047 4090 xm.
2069 4046 2095 4090 1
2130 4041 2278 4091 Lacte
2298 4057 2445 4104 mm,
2466 4042 2579 4106 qm]
2621 4043 2727 4092 Ma-

1670 4116 1721 4166 lo
1742 4116 1901 4166 edere
1928 4118 2207 4168 lactentem
2249 4121 2561 4184 porcellum,
2581 4134 2725 4186 quam

1669 4206 1885 4258 aprumt
1917 4196 2007 4244 ille
2030 4195 2151 4245 mibi
2176 4198 2313 4260 sapit
2331 4215 2347 4259 ς
2394 4212 2499 4248 non
2524 4198 2725 4249 invideo

1670 4272 1823 4321 lautis
1852 4286 2051 4336 aprum.

1658 4390 1669 4398 ,
1734 4340 1767 4401 2
1804 4351 1872 4400 Et
1893 4350 2199 4416 AEtolo,&c.]
2233 4352 2302 4401 Et
2324 4350 2476 4401 diviti
2504 4362 2721 4418 appona-
