2985 4937
416 342 585 408 1080

416 499 852 565 Esquilinamque
865 496 1028 548 fecit!
1052 497 1343 560 Radiabant]
1364 495 1468 553 Aa·

416 590 476 626 ro
497 575 811 640 gemmisque
832 573 1115 638 fulgebant.
1161 573 1336 637 Atria]
1365 575 1468 624 Do·

415 666 528 702 mus
552 652 695 716 prius
731 652 747 680 ‘
764 650 1114 714 Transitoria‚’
1146 667 1265 701 mox
1296 652 1468 701 incen-

418 728 507 785 dio
542 727 818 799 absumpta
841 727 1204 792 restitutaque,
1237 730 1252 755 ‘
1276 725 1468 787 Aurea’

417 804 698 853 nominata.
744 804 891 854 Suet.
932 803 1143 854 Nerone
1183 809 1335 856 c.31.
1372 805 1469 854 Re·

412 880 516 944 gis]
550 879 785 931 Crudelis
825 880 1051 944 Tyranni
1090 881 1346 930 Neronis:
1379 896 1470 931 no-

417 972 538 1007 men
580 962 754 1007 autem
795 956 930 1020 regis
977 971 1182 1020 semper
1227 957 1470 1006 Romanis

414 1035 657 1086 invisum.
1383 1032 1389 1038 ’

481 1117 514 1171 4
553 1113 761 1177 Unaque,
779 1111 887 1175 qma]
921 1112 1119 1161 Notum
1151 1111 1250 1180 boc
1287 1125 1318 1160 e
1359 1126 1471 1161 car·

418 1189 556 1239 mine
583 1189 907 1250 illo,‘Roma
943 1188 1126 1238 domus
1165 1187 1276 1252 fiet,
1312 1188 1468 1239 Veios

416 1267 640 1330 migrate
684 1264 937 1327 Quirites,
976 1265 1031 1314 Si
1068 1278 1171 1331 non
1211 1271 1266 1313 et
1309 1265 1468 1313 Veios

418 1349 648 1406 occupat
670 1342 759 1390 illa
787 1339 1004 1402 domus,'
1045 1338 1309 1390 referente
1343 1340 1469 1389 Sue-

416 1418 567 1470 tonio
600 1418 729 1466 Ner.
748 1431 797 1466 c.
830 1420 911 1466 39.
958 1416 1182 1466 Neronis
1221 1416 1356 1465 euim
1381 1415 1470 1465 ‹lo-

413 1512 528 1547 mus
552 1510 582 1544 e
598 1495 807 1544 Palatio
821 1493 888 1543 ad
905 1493 1161 1558 Esquilias
1179 1507 1339 1557 usque
1357 1506 1470 1555 per·

415 1571 637 1630 tinebat.

481 1655 511 1698 5
550 1647 652 1697 Hic
666 1647 765 1708 ubi,
784 1645 888 1709 qua]
924 1645 1074 1695 Inter
1091 1645 1308 1696 Coelinm
1326 1661 1469 1695 mou-

413 1733 521 1777 tem
535 1732 590 1775 et
603 1723 878 1789 Esquilias.
891 1722 1272 1786 Amphitheatri]
1290 1723 1468 1787 Epigr.

417 1809 464 1854 1.
484 1819 536 1853 v.
557 1808 607 1853 7.

479 1885 514 1929 6
546 1879 797 1943 Erigitur]
848 1878 995 1941 Erigi
1016 1877 1470 1941 Amphitheatrum

417 1956 586 2009 dixit:
645 1956 968 2013 altitudinem
1015 1957 1130 2020 ejus
1175 1956 1470 2006 declarans.

412 2035 429 2063 ‘
443 2031 791 2087 Venerabilis’
813 2040 986 2082 autem
1010 2047 1072 2081 ea
1092 2033 1108 2059 ‘
1123 2032 1324 2093 moles‚'
1345 2048 1469 2097 quo-

414 2111 552 2160 niam
575 2124 724 2159 sacra
741 2109 922 2159 Marti.
961 2108 1165 2172 Stagna,
1185 2109 1292 2173 ξω]
1317 2111 1469 2174 Stag-

415 2200 538 2236 num
591 2186 746 2234 maris
818 2187 1001 2246 instar,
1066 2186 1467 2250 circumseptum

413 2260 649 2312 aedificiis
670 2261 736 2310 ad
764 2261 906 2310 urbis
925 2263 1172 2326 speciem.

479 2343 510 2387 7
546 2338 666 2398 Hic,
686 2339 790 2401 qua]
819 2337 885 2386 In
906 2339 1065 2388 tertia
1082 2339 1225 2388 urbis
1245 2339 1468 2403 regione.

421 2416 626 2477 Velocia,
644 2415 750 2480 qa]
798 2415 1053 2467 Celeriter
1082 2424 1340 2468 extructa.

479 2496 512 2541 8
541 2491 836 2553 Abstulerat,
883 2494 986 2557 ξα]
1036 2493 1287 2544 lucendio
1331 2496 1468 2545 enim

415 2574 477 2630 et
492 2567 651 2617 ruinis
681 2567 866 2631 patriae
884 2568 1089 2618 domum
1103 2569 1200 2619 sibi
1214 2571 1469 2632 extruxit,

417 2646 483 2695 ad
507 2659 724 2709 eamque
746 2660 892 2708 arva,
913 2652 1117 2709 stagna,
1139 2647 1326 2710 sylvas,
1357 2662 1474 2711 pro-

419 2728 651 2784 spectus,
669 2724 769 2771 dcc.
791 2722 963 2771 Tacit.
983 2727 1062 2771 15.
1088 2721 1275 2772 Annal.
1298 2724 1472 2787 Saper-

418 2796 527 2860 bas]
561 2796 645 2846 Au
664 2796 786 2860 qnia
809 2798 1155 2861 amplissimus
1173 2806 1227 2848 et
1242 2799 1474 2861 magnifi-

419 2873 783 2923 centissimus?
805 2887 871 2921 an
891 2873 1012 2937 quia
1026 2874 1278 2937 privatus,
1292 2882 1347 2925 et
1370 2876 1474 2925 Ne·

418 2949 530 2999 roni
553 2948 848 3011 singularis,
878 2963 978 2998 nec
1019 2951 1209 3011 populo
1250 2965 1474 3001 commn-

417 3026 518 3087 nis,
540 3031 601 3076 ut
621 3025 862 3075 Thermae
883 3026 1021 3075 Titi?
1057 3027 1290 3077 Radems.

457 3153 460 3157 Α
482 3107 516 3153 9
553 3102 775 3163 Claudia,
797 3103 900 3166 ξω]
952 3102 1083 3153 Quae
1105 3108 1160 3151 et
1177 3103 1341 3165 Livia,
1363 3103 1474 3153 aliis

415 3185 592 3229 tamen
638 3193 669 3227 a
721 3177 869 3227 Livia
924 3178 1143 3227 diversa.
1231 3180 1476 3245 Porticus]

416 3257 595 3305 Romae
631 3254 863 3317 porticus
885 3254 1076 3304 additae
1099 3262 1223 3306 sunt
1243 3258 1326 3306 vel
1351 3258 1472 3310 aedi-

415 3331 510 3380 bns
530 3330 708 3393 sacris,
730 3330 813 3378 vel
842 3330 1117 3380 illustrium
1140 3332 1362 3383 virorum
1381 3334 1472 3384 do-

412 3407 637 3468 miciliis,
674 3408 756 3456 vel
795 3406 1016 3470 publicis
1050 3407 1166 3458 aliis
1201 3409 1469 3462 aedificiis:

411 3484 567 3549 idque
604 3484 689 3533 vel
725 3484 789 3533 ob
825 3483 1026 3546 pluvias
1069 3485 1266 3535 subitas
1311 3485 1472 3537 decli-

410 3559 629 3623 nandas,
651 3560 732 3607 vel
753 3564 930 3621 gratas
952 3574 1045 3623 per
1084 3567 1320 3611 aestatem
1363 3577 1472 3611 um-

411 3636 530 3686 bras
574 3641 630 3685 et
667 3634 868 3698 frigora
898 3637 1193 3700 captanda:
1228 3639 1313 3687 vel
1359 3639 1472 3703 ipsa

410 3721 716 3764 ornamenta
733 3712 965 3765 fabricae.
1011 3716 1192 3768 Rader.
1243 3716 1468 3780 Umbras]

411 3793 540 3843 Cum
558 3808 693 3856 suas,
711 3799 819 3842 tum
837 3793 975 3856 vitis,
988 3808 1102 3857 quae
1121 3793 1382 3843 subdiales
1396 3795 1471 3844 in·

409 3869 785 3919 ambulationes
821 3863 1071 3919 umbrosis
1094 3870 1324 3933 pergulis
1345 3884 1468 3934 opa-

410 3945 584 3994 cabat.
619 3945 821 3994 Plinius
845 3946 878 3993 l.
902 3949 980 3994 14.
1003 3960 1049 3994 c.
1075 3950 1122 3995 1.

478 4024 540 4069 10
579 4022 776 4084 Ultima,
795 4021 901 4085 qma]
955 4022 1205 4071 Extrema
1235 4037 1354 4085 pars
1377 4022 1467 4073 do-

407 4112 520 4148 mus
542 4096 752 4159 Aureae‚
783 4097 838 4147 id
882 4103 982 4157 est,
1017 4096 1176 4160 juxta
1211 4099 1469 4165 Esquilias

409 4175 463 4225 iu
485 4171 666 4242 quinta
687 4173 829 4223 urbis
854 4174 1078 4238 regione.

475 4256 534 4302 11
574 4251 788 4301 Reddita
809 4250 965 4304 Roma
983 4249 1100 4314 sibi]
1134 4251 1253 4303 Una
1284 4252 1466 4306 domus

1116 354 1330 403 No'rAE
1378 354 1470 402 VA
1484 353 1607 402 luo
1620 354 1717 403 RU
1730 355 1776 400 M

1830 354 1909 401 IN

1545 504 1700 549 antea
1717 496 1779 548 'et
1794 498 1943 548 unius
1956 503 2085 560 erat,
2099 502 2252 562 quam
2272 496 2455 552 Ooesar
2473 497 2615 562 pub.

1544 576 1660 624 licis
1695 575 1948 626 extructis
1990 574 2235 638 operibus
2278 589 2615 640 communem

1546 651 1692 716 fecit,
1709 654 1805 704 hoc
1822 660 1920 714 est,
1937 652 2115 704 urbem
2133 651 2264 714 urbi,
2284 653 2616 716 Romamque

1547 731 1724 779 Roma»,
1747 729 1991 780 reddidit.
2047 730 2226 778 Rader.
2280 729 2346 778 Te
2379 729 2619 793 praedae,

1550 806 1736 869 Caesar]
1768 808 1840 854 Te
1865 806 2206 870 Imperatore.

1614 887 1675 932 12
1708 883 1928 945 Delio-ie,
1957 883 2061 946 qma]
2112 884 2400 947 Postquam
2427 890 2618 948 ‘opera

1548 967 1605 1011 et
1641 977 1852 1012 munera
1887 962 2095 1025 publica
2137 960 2279 1010 facta
2308 966 2450 1023 sunt,
2490 975 2614 1026 quae

1548 1053 1715 1102 nuper
1736 1039 1787 1088 in
1827 1039 2041 1102 privatis
2079 1037 2278 1087 deliciis
2320 1044 2618 1100 occuparat

1549 1102 1712 1164 Nero.
1776 1114 2000 1163 Videtur
2019 1113 2248 1163 alludere
2277 1112 2345 1161 ‘ad
2377 1113 2613 1175 elogium

1547 1205 1816 1255 commuue
1836 1189 1961 1250 Titi,
1993 1203 2145 1253 quem
2182 1188 2199 1216 ‘
2215 1187 2353 1237 orbis
2375 1188 2615 1241 delitias’

1546 1268 1896 1330 appellavere.
1944 1266 2167 1329 Domini]
2233 1267 2458 1316 Caesaris
2483 1267 2615 1317 *Ne-

1548 1358 1703 1394 roms.

1547 1421 1706 1469 Eme.
1752 1433 1840 1469 ιιι.
1930 1421 2009 1469 Ex
2070 1418 2226 1487 omni*
2270 1416 2410 1473 orbis
2454 1424 2614 1484 parte

1612 1495 1702 1560 (ad
1724 1511 1877 1561 quam
1898 1497 2054 1547 Rom.
2076 1496 2252 1560 populi
2277 1510 2465 1546 nomen
2491 1511 2614 1560 per·
2658 1513 2662 1517 ’

1614 1571 1852 1635 venerat)
1886 1570 2193 1622 confluxisse
2227 1578 2410 1634 gentes
2458 1588 2615 1635 spec·

1613 1649 1757 1697 tandi
1788 1649 1953 1711 ludos,
1982 1649 2340 1712 salutandique
2381 1649 2615 1698 Caesaris
2659 1664 2662 1667 ⁴

1613 1725 1817 1775 studio:
1864 1725 2193 1788 generalique
2227 1724 2613 1783 acclamatione

1612 1801 1755 1851 illum
1780 1803 1983 1851 Patrem
1998 1800 2179 1864 patrioe
2196 1800 2473 1849 salutasse.

1615 1883 1641 1928 1
1680 1880 1801 1936 Quoe
1822 1884 1921 1928 tam
1942 1877 2145 1941 seposita
2166 1877 2260 1940 est]
2296 1877 2515 1928 Nullam
2534 1877 2614 1927 ait

1547 1962 1752 2020 gentem
1792 1956 1921 2004 adeo
1965 1961 2213 2004 remotam
2252 1952 2317 2002 ab
2354 1952 2513 2016 urbe,
2547 1968 2617 2002 ex
2655 1980 2656 1983 =

1548 2048 1650 2097 qna
1681 2047 1782 2081 non
1807 2030 2005 2081 fuerint
2036 2031 2089 2080 iu
2128 2031 2256 2080 urbe
2280 2031 2373 2080 visi
2395 2039 2615 2095 specta-

1547 2115 1721 2170 tores;
1762 2116 1939 2157 tantus
1976 2122 2119 2159 amor
2152 2116 2265 2156 erat
2306 2116 2362 2157 et
2413 2108 2614 2173 cupido

1546 2185 1837 2249 spectandi.
1867 2184 2148 2249 Tranquill.
2167 2183 2216 2231 in
2233 2185 2446 2233 Caesare
2463 2199 2512 2234 c.
2530 2188 2614 2234 89.
2710 2247 2715 2251 .

1544 2261 1561 2289 ‘
1588 2261 1671 2310 Ad
1693 2264 1811 2326 quae
1846 2261 2017 2310 omnia
2058 2261 2358 2323 spectacula
2400 2251 2613 2310 tantum

1545 2337 1699 2400 uudiq
1709 2353 1771 2384 ue
1796 2334 2047 2387 confluxit
2069 2336 2346 2397 bominum,
2367 2345 2430 2386 ut
2456 2337 2616 2403 pleri-¹

1547 2429 1648 2480 que
1672 2414 1881 2463 advenoe
1906 2420 1998 2462 ant
2018 2414 2153 2462 inter
2184 2413 2325 2463 vicos
2354 2419 2451 2462 ant
2474 2413 2613 2462 inter

1548 2491 1657 2541 vies
1695 2491 2043 2541 tabernaculis
2089 2490 2270 2553 positis
2315 2495 2613 2549 manerent,

1550 2581 1613 2616 ac
1632 2582 1772 2631 saepe
1796 2581 1905 2630 prae
1926 2567 2076 2616 turba
2091 2566 2205 2614 elisi
2220 2566 2614 2631 exanimatique

1545 2644 1650 2693 sint
1673 2644 1896 2708 plurimi,
1921 2649 1977 2693 et
1997 2644 2049 2692 in
2074 2644 2150 2692 his
2173 2643 2275 2691 duo
2303 2641 2613 2693 senatores.’

1551 2721 1674 2770 Rad.
1708 2720 2069 2783 Barbas-mm]
2108 2721 2188 2769 Ex
2207 2721 2517 2770 Graecorum
2537 2721 2615 2772 di·
2643 2736 2647 2740 ⁴

1546 2795 1742 2845 visione
1765 2796 1957 2858 mnndi,
1975 2795 2161 2859 quibus
2177 2795 2265 2843 alii
2280 2809 2461 2845 omnes
2474 2797 2611 2845 Bar·

1547 2872 1656 2921 bari
1693 2872 1840 2932 dicti,
1878 2872 1978 2921 imo
2016 2885 2080 2919 ex
2119 2871 2225 2919 suis
2255 2872 2341 2935 qui
2365 2886 2473 2921 non
2494 2873 2609 2923 Ἕλ-

1544 2946 1668 2998 λάδα
1702 2948 2012 3009 incolebant,
2049 2947 2201 3012 quive
2245 2961 2347 2996 non
2385 2964 2500 2998 ore
2526 2965 2607 3000 ro·

1547 3026 1725 3089 tundo,
1755 3026 1979 3075 molliter
2014 3032 2069 3074 et
2105 3024 2287 3074 Attice
2318 3024 2606 3091 loqueban-

1547 3108 1648 3153 tur.
1675 3147 1680 3152 .
1715 3101 1799 3151 Ab
1820 3116 2007 3165 aspera
2028 3101 2163 3151 euim
2188 3108 2244 3150 et
2264 3101 2464 3153 inculta
2486 3119 2607 3168 pro·
2684 3108 2699 3126 ‘⁴

1545 3178 1880 3228 nunciatione
1913 3178 2174 3227 Barbaros
2206 3177 2378 3227 dictos
2418 3186 2605 3228 censet

1545 3254 1730 3305 Strabo
1751 3256 1787 3304 l.
1808 3260 1887 3305 14.
1918 3256 1973 3307 J.
1991 3256 2050 3306 C.
2065 3256 2259 3319 Scalig.
2279 3271 2310 3304 a
2324 3255 2604 3321 Bar-‚quod

1545 3331 1772 3382 Arabice
1791 3333 1806 3360 ‘
1822 3331 2124 3382 Desertum'·
2142 3340 2311 3393 sonat,
2334 3347 2479 3382 more
2493 3333 2605 3383 He·

1544 3408 1685 3459 braeo
1720 3410 1979 3473 geminato
2004 3409 2068 3458 ad
2107 3409 2469 3460 intentionem.
2500 3409 2606 3458 Ex·

1545 3499 1652 3535 erc.
1670 3493 1725 3533 et
1746 3486 1797 3534 iu
1818 3485 2159 3549 Theophrast.
2182 3484 2249 3534 de
2268 3485 2434 3547 plant.
2455 3509 2460 3512 ·
2679 3543 2688 3546 p

1606 3566 1639 3611 2
1681 3561 1806 3611 Urbe
1826 3566 1929 3622 tua,
1960 3561 2069 3625 qua]
2132 3562 2268 3611 Sede
2307 3561 2602 3626 Imperiali,

1542 3638 1647 3699 vel,
1666 3651 1697 3685 a
1713 3644 1767 3686 te
1788 3637 2060 3687 restituta:
2096 3643 2155 3686 nt
2171 3637 2398 3701 proeced.
2416 3637 2585 3700 epigr.

1607 3718 1637 3764 3
1676 3713 1863 3776 Orpheo
1897 3713 2091 3777 Hoemo]
2134 3713 2219 3763 Ad
2233 3723 2460 3764 montem
2474 3712 2601 3762 Hae-

1542 3805 1682 3839 mum
1730 3788 1929 3853 Orphei
1985 3794 2229 3852 parentes
2277 3789 2599 3839 habitarunt.

1546 3867 1714 3916 Cultor
1728 3865 2049 3931 Rhodopeius]
2078 3865 2256 3914 Thrax
2270 3866 2601 3930 agriculturas

1542 3943 1822 3993 studiosus.
1856 3942 2105 4005 Rhodope
2129 3944 2262 3991 enim
2284 3958 2427 3992 mons
2441 3942 2599 3991 Thra-

1541 4020 1666 4070 ciae:
1717 4019 1865 4085 quasi
1909 4018 2071 4082 dieat,
2118 4034 2308 4069 venere
2351 4019 2599 4069 Boreales

1538 4097 1739 4148 incolae.

1604 4178 1638 4224 4
1670 4174 1912 4235 Sarmata,
1932 4159 2041 4237 qma]
2091 4172 2304 4236 Tartari,
2328 4171 2494 4234 kmi,
2507 4170 2601 4219 Po·

1540 4255 1655 4321 loni,
1697 4251 1996 4317 ἶπομολγοί.
2050 4253 2272 4317 Dionys.
2326 4252 2602 4315 Perieges.
