2985 4937
428 429 602 496 1328
663 396 670 405 ’

429 600 617 640 nomen
660 598 947 649 gemmeum
1000 583 1212 647 gemmis
1265 583 1496 633 scriben-

434 666 575 726 dum,
600 665 863 726 Epigram.
881 666 961 709 38.
988 661 1077 710 lib.
1099 666 1148 710 5.
1174 675 1309 710 vers.
1332 663 1381 710 4.

495 746 529 792 6
549 742 763 801 Gemma,
776 739 881 802 qun]
904 739 1202 801 Succinum,
1223 739 1497 788 electrum.

432 819 569 868 Vide
593 818 982 880 Epigrammate
1012 820 1094 865 25.
1120 816 1249 864 libro
1284 820 1331 865 4.
1358 829 1498 863 vers.

430 900 479 945 2.
511 902 568 945 et
590 896 977 959 Epigrammate
999 896 1085 942 88.
1124 894 1260 942 libro
1294 898 1344 941 5.
1362 906 1499 941 vers.

437 978 517 1025 11.
619 986 622 989 ’

493 1054 525 1100 7
561 1050 731 1099 Peuma
747 1047 996 1110 scribente,
1016 1048 1119 1112 mu]
1149 1045 1386 1095 volando
1408 1061 1501 1095 ex-

430 1128 722 1192 primentes
761 1126 962 1174 literam
1003 1125 1071 1185 Y,
1108 1124 1192 1172 cui
1216 1123 1503 1187 respondet

432 1204 625 1255 Latina
661 1203 731 1263 V,
773 1216 889 1267 quae
936 1200 1141 1251 ‘veris'
1190 1202 1352 1265 prima
1397 1208 1500 1251 est.

431 1281 540 1332 Alii
562 1281 767 1344 legunt,
783 1280 1014 1329 stridente
1042 1292 1226 1342 penna.-
1259 1276 1402 1343 quasi
1425 1275 1504 1325 di-

432 1365 538 1422 cat,
560 1358 786 1407 adventu
802 1370 894 1406 suo
913 1358 1050 1405 veris
1069 1354 1348 1404 adventum
1372 1367 1502 1402 nun-

432 1438 592 1486 cient.
661 1434 767 1482 Alii
802 1432 868 1483 ad
902 1434 1102 1482 literam
1144 1439 1205 1496 Δ,
1242 1445 1392 1496 quam
1436 1444 1504 1478 cx

334 1542 340 1554 =
433 1514 616 1564 volatu
636 1511 843 1561 illarum
876 1511 1047 1559 avium
1078 1511 1403 1560 observatam
1429 1506 1505 1556 in-

438 1589 643 1640 venisse
668 1588 863 1638 dicitur
885 1587 1211 1652 Palamedes,
1230 1586 1482 1637 referunt.

500 1671 534 1715 8
566 1665 742 1728 Domo]
780 1664 842 1714 ln
870 1680 971 1729 qua
1006 1678 1225 1715 vernare
1255 1663 1425 1715 omnia
1447 1669 1507 1713 et

433 1745 622 1797 florere
639 1747 813 1796 decet.

500 1825 667 1873 Erro.
689 1835 780 1873 κν.
816 1821 1142 1885 Coenipetam
1164 1819 1238 1869 ait
1255 1834 1366 1868 esse
1383 1816 1508 1880 πάμ-

431 1910 597 1965 φιλον,
632 1899 685 1949 id
723 1906 825 1960 est,
862 1898 1086 1948 omnium
1112 1902 1511 1960 assentatorem,

441 1987 498 2030 et
519 1979 650 2028 nulli
676 1991 797 2025 vere
823 1983 878 2025 et
901 1983 1079 2023 sancte
1099 1975 1339 2023 amicum.
1380 1973 1395 2000 ‘
1412 1973 1510 2022 Er-

439 2054 565 2114 rat,’
586 2053 753 2118 inquit
797 2054 1019 2112 Seneca,
1051 2051 1173 2115 ‘qui
1198 2051 1419 2098 amicum
1453 2050 1510 2098 in

439 2133 573 2183 atrio
598 2132 803 2197 qnaerit,
826 2131 875 2178 in
896 2130 1130 2180 convivio
1154 2127 1381 2193 probat.'

508 2216 534 2260 1
574 2211 724 2267 Quem
766 2207 917 2271 coena]
988 2208 1188 2257 Horum
1230 2208 1512 2256 amicornm

443 2289 549 2337 duo
590 2298 712 2337 sunt
767 2301 976 2350 genera,
1023 2301 1238 2351 quornm
1286 2285 1413 2334 alios
1456 2283 1515 2333 τδ

343 2368 352 2383 ·
441 2366 612 2426 σχῆμα
635 2365 958 2414 honestiores
982 2363 1210 2412 amicitia
1230 2364 1412 2427 dignos
1429 2363 1516 2426 ju·

445 2442 709 2504 dicamns3
744 2455 861 2490 cum
899 2448 1072 2489 tamen
1108 2440 1290 2489 nidore
1327 2440 1514 2490 culinae

443 2521 639 2584 potius,
665 2534 816 2583 qnam
843 2517 1084 2567 amicitiae
1115 2518 1389 2568 honestate
1425 2524 1517 2567 aut

443 2597 714 2661 voluptate
751 2595 1028 2657 ducantur,
1049 2593 1153 2659 περὶ
1174 2592 1402 2656 τάγηνον
1438 2592 1518 2643 καὶ

442 2692 531 2734 μετ
532 2672 760 2738 ’ὥρισα-ον
779 2671 926 2736 φίλοι,
952 2680 1011 2721 nt
1035 2671 1245 2721 'dicebat
1270 2673 1518 2736 Eupolis.

445 2752 591 2801 Alios
627 2754 793 2801 minus
834 2750 1157 2815 periculosos
1194 2757 1252 2799 et
1288 2758 1520 2836 apertos,

443 2829 715 2879 Parasitus
738 2842 1112 2890 nuncupamus.
1152 2826 1353 2876 Heralcl.

511 2910 544 2955 2
572 2907 692 2955 Esse
703 2910 848 2970 putas
867 2904 1012 2970 fidae]
1035 2906 1228 2967 Magna
1248 2919 1372 2953 vero
1392 2903 1519 2953 ami

445 2982 592 3041 citia,
613 2989 670 3030 et
692 2970 1076 3045 prodigiosa‚¹si
1094 2981 1248 3030 amici
1265 2980 1518 3044 ejusmodi

446 3058 589 3121 φίλου
609 3058 746 3107 σκιὰν
769 3058 1128 3107 tantummodo
1151 3058 1365 3106 habent.

510 3137 676 3185 Eme.
716 3147 837 3184 xvr.
881 3139 903 3183 1
949 3134 1223 3199 Celebrate]
1258 3132 1520 3198 Intelligit

445 3211 696 3261 famosum
718 3217 773 3260 et
796 3210 968 3259 nobile
992 3219 1238 3260 scortum.

512 3293 544 3337 2
578 3288 829 3349 &secisse
853 3286 1021 3351 clius]
1060 3287 1332 3351 luseripsit
1350 3275 1531 3336 tum-n

446 3365 500 3414 lo
523 3377 711 3415 ennon
732 3376 916 3426 mecm,
935 3364 1138 3414 scilicet
1160 3364 1412 3416 tumulum
1433 3364 1520 3413 vel

445 3449 837 3492 monumentum
874 3448 1074 3504 septem
1098 3441 1319 3491 maritis.
1388 3441 1522 3497 Quid

442 3525 557 3584 pote
596 3520 875 3585 simplicius]
929 3520 1150 3569 Fatetur
1194 3534 1251 3569 se
1297 3517 1518 3570 fecisset

448 3598 658 3647 intimat
682 3597 870 3660 Poeta,
900 3596 1112 3646 insidias
1135 3597 1405 3657 struxisse,
1428 3597 1540 3645 aut*

447 3673 554 3723 viin
580 3674 699 3723 vitae
723 3674 1023 3723 maritorum
1042 3688 1249 3722 snorum
1267 3673 1520 3724 intulisse.

448 3750 734 3802 Trifariam
759 3752 939 3816 itaque
963 3749 1131 3814 accipi
1159 3756 1337 3813 potest
1361 3748 1522 3798 ambi-

450 3828 623 3893 guitas
646 3829 800 3893 hujus
822 3827 972 3878 verbi
994 3827 1018 3875 ι’
1044 3827 1149 3880 fSe
1173 3824 1404 3890 fecisse,’
1425 3828 1523 3876 hoc

451 3912 552 3965 est,
569 3920 626 3954 se
651 3906 900 3955 tumulum
922 3904 1156 3969 posuisse
1179 3919 1193 3952 ε
1230 3905 1313 3953 vel
1333 3904 1350 3931 ‘
1366 3918 1422 3953 se
1442 3901 1522 3953 fe·

454 3982 628 4044 cisse,’
652 3996 709 4031 se
745 3996 962 4032 necasse
1003 3987 1207 4043 septem
1231 3981 1404 4030 viros:
1439 3982 1525 4031 vel

454 4059 683 4124 denique
723 4059 912 4109 referri
951 4066 1129 4122 potest
1149 4058 1215 4107 ad
1254 4073 1337 4107 res
1354 4059 1527 4108 Vene-

455 4147 595 4197 reas,
616 4141 671 4184 et
693 4135 906 4199 pulchre
929 4136 1207 4185 conveniet
1237 4135 1397 4186 Chloe
1419 4150 1526 4185 me-

457 4211 659 4260 retrici.
695 4211 887 4273 Rigalt.

526 4289 691 4340 Eme.
726 4301 869 4340 xvu.
908 4290 1118 4341 Comam
1160 4303 1305 4338 snam
1343 4289 1528 4340 deton—

1137 439 1351 488 NOTAE
1403 437 1805 487 VAmoRuM
1853 438 1934 486 IN

1573 582 1724 647 paulo
1750 592 1872 635 ante
1907 598 2060 651 quam
2085 585 2171 635 lex
2192 589 2420 647 vetaret,
2443 588 2641 643 sectus,

1572 661 1712 710 misit
1743 676 1860 710 cum
1885 664 2096 726 speculo
2120 663 2435 726 Pergamum
2458 662 2641 710 AEscu-

1571 738 1731 802 lapio,
1772 739 1888 789 Deo
1925 739 2117 803 patrio,
2157 754 2276 790 nam
2321 747 2378 789 et
2417 740 2645 788 Earinus

1573 822 1687 866 erat
1706 816 2077 879 Pergamenus.
2147 817 2298 866 Hanc
2329 829 2531 865 comam
2557 830 2647 863 ve-

1573 899 1730 942 nusto
1754 894 1997 943 Carmine
2021 894 2292 959 Papinius,
2312 900 2370 943 et
2389 894 2477 942 hic
2501 894 2647 942 Mar-

1573 971 1712 1020 tialis
1737 970 2078 1021 immortalem
2102 971 2347 1021 reddunt.
2385 970 2512 1019 aaa.

1643 1050 1669 1095 1
1710 1047 1974 1096 Consilium
1980 1048 2159 1106 sormoe
2191 1045 2455 1112 speculum]
2488 1045 2649 1099 Quod

1573 1123 1844 1173 consulere
1865 1124 2070 1175 solebat
2095 1124 2161 1174 de
2183 1123 2350 1174 forma
2372 1139 2482 1175 sua.
2552 1125 2656 1173 Eo-

1577 1199 1696 1249 dem
1715 1200 1842 1264 ritu,
1866 1217 1969 1267 quo
1992 1203 2219 1267 virgines
2238 1216 2402 1267 pupas
2421 1203 2615 1253 Veneri
2633 1216 2650 1263 ;

1576 1277 1768 1327 milites
1810 1280 2035 1340 emeriti,
2074 1294 2219 1330 arma
2243 1279 2467 1329 Herculi
2492 1278 2653 1328 dona·

1579 1355 1723 1407 bant.
1803 1357 2113 1408 Tertullian.
2160 1359 2250 1408 lib.
2294 1358 2364 1407 de
2394 1356 2651 1406 Velaudis

1576 1432 1838 1497 virginib.
1862 1442 1982 1498 c‘ap.
2007 1440 2086 1485 12.
2116 1435 2133 1465 ‘
2149 1435 2268 1486 ,lam
2292 1441 2347 1484 et
2381 1434 2654 1484 consilium

1577 1506 1761 1559 formas
1805 1525 1837 1560 a
1876 1512 2090 1575 speculo
2128 1518 2334 1576 petunt,
2366 1520 2425 1562 et
2462 1509 2655 1560 faciem

1578 1587 1936 1651 morosiorem,
1960 1605 1991 1639 a
2014 1590 2224 1640 lavacro
2244 1595 2530 1651 macerant,
2548 1586 2658 1637 for-

1580 1665 1716 1715 sitan
1754 1672 1812 1715 et
1843 1665 2015 1731 aliquo
2046 1680 2161 1716 eam
2198 1667 2543 1717 medicamine
2577 1668 2665 1716 in·

1582 1741 1883 1806 terpolant.’
1931 1743 2137 1792 Her-ald.
2201 1745 2466 1808 Dulcesque
2503 1745 2658 1809 capil-

1581 1820 1674 1883 los]
1707 1818 1842 1869 Vide
1866 1821 2080 1885 Papinii
2101 1821 2245 1883 sylv,
2267 1821 2303 1871 1.
2325 1825 2375 1871 8.
2398 1822 2466 1870 de
2490 1822 2660 1871 Coma

1585 1898 1784 1960 Earini,
1808 1906 1862 1947 et
1881 1896 2252 1947 Praefationem
2276 1898 2514 1962 ejusdem
2540 1897 2661 1949 libri

1587 1975 1652 2026 ad
1672 1976 1984 2029 Pollionem.

1652 2058 1684 2104 2
1719 2055 2005 2117 Pergameo,
2043 2053 2150 2119 ξω]
2218 2054 2536 2118 AEsculapio,
2570 2055 2659 2104 cui

1588 2130 1762 2180 nobile
1807 2128 1985 2179 fanum
2040 2132 2304 2195 Pergami,
2348 2133 2524 2196 patrio
2563 2147 2660 2182 suu

1588 2207 1723 2257 Deo.
1787 2207 1925 2256 Vide
1949 2208 2218 2271 Epigram.
2237 2213 2317 2257 32.
2332 2208 2429 2258 lib.
2455 2214 2503 2258 1.
2521 2222 2664 2260 vers.

1591 2289 1634 2334 1.
1667 2284 1969 2348 Pergamus,
2006 2294 2087 2334 est
2127 2285 2415 2334 Ptolomaeo
2438 2285 2659 2335 Troadis

1589 2361 1715 2410 urbs
1751 2361 1804 2410 in
1842 2361 1970 2410 Asia
2004 2362 2221 2424 minore,
2254 2361 2442 2411 Galeni
2466 2364 2663 2428 patria,

1590 2444 1644 2489 et
1663 2438 1978 2500 chartarum,
1998 2453 2114 2504 quae
2134 2453 2464 2504 pergamenae
2481 2438 2666 2490 dicum

1591 2524 1696 2577 tur,
1720 2516 2003 2566 inventrix.
2073 2517 2136 2566 ln
2160 2519 2256 2567 hac
2279 2518 2458 2567 nobile
2482 2517 2661 2567 fanum

1591 2589 2183 2657 AEsculapii'visebatur,
2207 2595 2295 2659 qni
2317 2595 2438 2643 inde
2462 2595 2663 2659 Perga·

1591 2685 1737 2721 meus
1759 2680 1840 2720 est
1864 2672 2055 2720 dictus.
2094 2671 2329 2721 stadem.

1657 2751 1687 2796 Β
1726 2749 1816 2797 Ille
1849 2762 1987 2811 puer,
2015 2749 2120 2813 ᾦα]
2172 2749 2411 2810 EarinuS,
2451 2747 2519 2798 de
2556 2764 2663 2813 qno

1591 2825 2007 2890 praecedentibus
2031 2825 2347 2889 Epigramm.

1657 2905 1689 2951 4
1723 2901 1900 2964 Signat
1952 2902 2186 2966 tempora]
2254 2903 2478 2952 Earinus
2522 2903 2661 2952 enim

1592 2979 1871 3030 ‘vernum'
1893 2979 2175 3043 significat.

1658 3062 1687 3106 ⁶
1727 3057 1889 3118 Felix,
1908 3072 2011 3119 quoe
2027 3057 2251 3121 tulna-a]
2282 3056 2550 3120 Pergama
2567 3057 2663 3105 tel-

1591 3133 1672 3183 lus
1698 3134 1849 3183 beata
1875 3141 2021 3182 tanto
2042 3148 2276 3183 munere.

1659 3213 1817 3261 Eric.
1861 3223 2028 3260 xvm
2094 3211 2265 3274 Rogat
2313 3211 2660 3275 Pergameum

1594 3288 1788 3350 Deum,
1808 3287 1886 3338 nti
1909 3287 2154 3336 Earinum
2179 3294 2382 3335 tonsum
2419 3296 2530 3337 tam
2555 3287 2659 3339 for-

1592 3379 1789 3415 mosum
1816 3372 2010 3426 servet,
2034 3377 2187 3428 quam
2210 3362 2384 3413 fuerat
2403 3365 2659 3415 intonsus.

1600 3459 1607 3462 ’
1659 3448 1687 3494 1
1721 3444 1921 3493 Iatonoe
1940 3445 2200 3493 venerande
2214 3443 2377 3507 nepos]
2398 3444 2664 3509 AEsculapl

1591 3519 1665 3571 fili
1691 3520 1964 3585 Apollinis,
1979 3520 2063 3571 cui
2080 3529 2245 3571 mater
2260 3522 2484 3585 Latona,
2502 3521 2664 3572 medi·

1594 3601 1727 3652 cinae
1766 3602 2027 3653 inventor.
2114 3603 2212 3658 Qui
2248 3601 2449 3650 mitibus
2484 3600 2666 3663 herbis]

1593 3680 1837 3743 Propter
1843 3678 2198 3744 Hippolytum
2241 3678 2363 3728 vitae
2387 3678 2456 3727 ab
2489 3679 2665 3729 Ἐεοιι-

1595 3755 1735 3818 lapio
1761 3756 2079 3806 restitutum.

1660 3837 1692 3882 2
1728 3833 1995 3883 Parcarum
2008 3833 2177 3898 pensa]
2203 3834 2389 3883 Parcae
2408 3833 2664 3898 praesides·

1595 3909 1832 3958 humanae
1855 3908 1999 3969 vitaz,
2021 3909 2273 3973 cujusque
2292 3923 2459 3958 aevum
2479 3917 2536 3959 et
2558 3906 2667 3958 fata

1599 3986 1939 4036 moderantur
1982 3987 2220 4048 stamine,
2262 3985 2398 4050 quod
2441 3985 2509 4035 de
2551 3985 2666 4034 colo

1599 4062 1909 4111 detrahunt:
1949 4061 2016 4111 ad
2038 4076 2187 4126 quam
2201 4060 2428 4111 fabulam
2450 4063 2669 4125 respicit

1601 4138 1786 4198 Poeta,
1805 4148 1860 4188 et
1877 4137 2100 4188 affirmat
2114 4137 2394 4203 AEscuiapii
2410 4145 2525 4188 arte
2545 4153 2669 4204 pen·

1601 4230 1661 4265 sa
1684 4215 1861 4265 brevia
1878 4215 2045 4265 tendi.

1667 4296 1697 4342 4
1737 4292 1884 4354 Tuas]
1950 4291 2194 4354 Pergami
2240 4298 2414 4339 natus.
2486 4291 2664 4356 Epigr.

460 4379 598 4446 sam,
631 4366 851 4416 Earinus
901 4367 1193 4418 Domitiani
1231 4368 1529 4432 Eunuchus,
1606 4369 1932 4434 praecedenti
1953 4384 2023 4417 vs.
2045 4372 2096 4417 2.
2143 4367 2290 4417 Latia
2311 4368 2450 4432 urbe]
2486 4369 2661 4417 Roma.
