2985 4937
655 466 734 514 M.
782 465 956 514 vAL.
1005 462 1423 513 MARTIALIS
1472 463 1717 510 EPIGR·
1769 461 1907 510 [ΑΒ.
1943 463 2084 510 X11.

344 616 373 659 5
408 609 721 674 Lesbioe,⁸)·c.]
752 610 825 661 Te
860 609 1054 675 Elegiae
1077 610 1240 672 gloria
1258 609 1340 658 vel

276 688 483 739 Catullo
500 696 556 738 et
579 688 772 741 Ovidio
791 699 1003 759 possent
1021 687 1338 752 aequiparare

276 766 458 816 amicae
483 780 591 815 suae
615 764 805 816 Lesbia
827 773 881 814 et
904 763 1146 814 Corinna.

338 845 371 890 7
407 843 513 892 Nec
557 844 753 891 deerant
789 841 1017 906 Zephyri,
1060 840 1167 904 ξω]
1218 839 1337 889 Non

275 916 466 966 desunt
498 917 596 967 tibi
635 917 816 981 genius
860 924 915 965 et
970 915 1250 979 ingenium,
1293 915 1339 964 si

272 994 460 1057 grandi
481 995 603 1043 stilo
625 1001 680 1043 et
701 992 909 1043 heroico
925 993 1053 1062 velis
1068 991 1303 1040 intonare
1321 1008 1337 1053 3

269 1070 366 1119 sed
389 1079 447 1121 tu
477 1069 529 1119 iu
554 1068 736 1120 fratris
758 1069 975 1133 gratiam
1001 1067 1235 1131 reprimis
1258 1067 1333 1115 in-

271 1147 414 1211 genii
438 1145 780 1210 tuihabenas,
801 1152 858 1196 et
876 1145 1067 1209 elegias
1082 1143 1279 1194 scribis.
1317 1159 1320 1166 ·

336 1227 369 1272 8
401 1221 513 1272 Hoc
529 1227 705 1286 quoque
715 1221 897 1283 fratris
915 1220 1077 1282 habes]
1123 1219 1243 1269 Hoc
1277 1225 1331 1269 te

266 1297 485 1348 fratrem
509 1298 759 1361 ostendis,
796 1298 918 1347 dnm
940 1295 1120 1346 fratris
1152 1311 1332 1347 caussa

267 1381 413 1425 tuam
437 1390 620 1426 venam
644 1375 872 1425 coerces.
894 1427 901 1436 ,

329 1453 644 1502 Erro-xxv.
695 1457 720 1501 1
752 1451 974 1514 Hoedn‘aa,
996 1450 1105 1515 ξω]
1127 1449 1329 1501 Galeri·

265 1528 387 1579 culo
407 1544 477 1579 ex
497 1529 700 1578 hirsuta
737 1528 878 1578 hoedi
919 1529 1057 1594 pelle
1088 1527 1153 1577 ad
1188 1526 1332 1596 dissi-

264 1605 564 1656 mulandam
586 1605 868 1656 calvitiem.
917 1606 1018 1669 Ep.
1042 1609 1123 1655 50.
1143 1603 1231 1654 lib.
1248 1607 1328 1653 14.

327 1689 362 1733 4
398 1683 693 1747 Uolcentem]
747 1683 875 1733 Cum
910 1681 1093 1732 eadem
1131 1687 1332 1745 tegere·

263 1766 356 1810 tur
371 1759 616 1821 materia,
638 1774 741 1826 qua
762 1760 943 1825 pedes.

326 1837 493 1888 Erro.
518 1851 671 1891 xnvt.
712 1838 827 1888 Etsi
841 1837 1178 1888 Democritus
1194 1835 1328 1886 Poe·

262 1917 344 1960 tas
364 1925 531 1974 sanos,
545 1912 599 1961 id
614 1919 712 1975 est,
722 1914 911 1962 mentis
925 1919 1211 1977 compotes,
1228 1926 1327 1962 nec

263 1987 582 2052 ἐνθουσιάσμῳ
620 1997 676 2040 et
714 2004 861 2040 sacro
896 1989 1072 2040 furore
1117 2005 1325 2055 correp-

262 2074 364 2129 tos,
404 2066 650 2116 excludat
686 2066 976 2129 Helicone3
1011 2067 1127 2132 quis
1152 2073 1326 2118 tamen

262 2142 424 2194 audet
461 2157 654 2208 negare
691 2144 904 2194 Gallum
937 2151 995 2194 et
1030 2145 1324 2209 Lupercum

260 2233 414 2272 sanos
439 2237 570 2283 esse,
589 2222 676 2287 qui
691 2222 825 2272 mala
841 2237 932 2271 sua
951 2222 1192 2272 Carmina
1207 2236 1325 2285 pre-

259 2299 336 2348 tio
357 2298 644 2348 obtrudant
665 2296 952 2349 hominibus
984 2297 1323 2361 proculdubio

256 2374 476 2439 insanis,
496 2377 586 2442 qui
612 2378 748 2427 mala
768 2381 946 2427 emunt
966 2377 1247 2427 Carmina?

325 2455 491 2508 Erro.
527 2468 700 2506 xnvu.
766 2459 798 2505 2
842 2454 947 2505 Nec
996 2461 1165 2517 tecum,
1219 2453 1325 2518 swa]

255 2533 534 2598 Sumptum
557 2534 621 2585 ab
654 2533 849 2586 Ovidio
888 2535 1036 2600 Eleg.
1063 2537 1140 2587 lo.
1162 2536 1251 2587 lib.
1275 2543 1323 2589 3.

256 2610 441 2661 Amor.
472 2617 496 2664 ¹.
511 2610 737 2660 Aversor
753 2626 950 2662 morum
967 2612 1197 2673 crimina,
1214 2629 1323 2663 cor-

254 2704 356 2753 pus
393 2703 542 2739 amo:
586 2690 675 2739 Sic
711 2704 809 2754 ego
847 2704 949 2740 nec
987 2690 1098 2740 sine
1130 2698 1203 2754 te,
1223 2707 1320 2742 nec

254 2771 432 2814 tecum
455 2765 629 2814 vivere
645 2765 891 2829 possum,'
913 2769 1011 2816 ὅτε.

306 2843 472 2892 Eme.
516 2856 708 2893 xtvm.
786 2844 1042 2894 Lantitias
1101 2844 1321 2894 divitum

253 2916 574 2982 captatrices
617 2920 922 2983 coutemnit,
963 2918 1319 2985 frugalitatem

252 2992 453 3044 laudat.

318 3076 346 3121 1
384 3071 598 3135 Boletos,
627 3072 732 3137 qma]
763 3072 818 3123 Si
842 3074 1099 3139 vulgares,
1118 3083 1174 3125 et
1192 3091 1321 3140 quos

250 3149 366 3211 ipse
389 3151 546 3207 soles,
577 3150 796 3214 apponis
819 3150 981 3213 cibos,
1001 3159 1055 3200 et
1079 3167 1175 3201 non
1197 3168 1319 3217 qua-

253 3227 329 3275 les
353 3233 509 3290 putas
542 3241 623 3275 me
657 3241 869 3290 cupere,
889 3229 1008 3277 hinc
1043 3231 1316 3283 haeredita‘·

251 3310 361 3353 tem
375 3318 545 3353 meam
562 3310 797 3367 captans,
816 3305 951 3353 volo.
980 3305 1166 3370 Belem]
1183 3309 1319 3358 Fun·

251 3394 437 3444 gorum
460 3393 622 3444 genus
655 3385 768 3444 opt.
801 3380 939 3446 quod
972 3380 1062 3432 lib.
1086 3387 1166 3433 13.
1192 3399 1319 3435 auro

246 3457 554 3521 anteponit:
612 3457 630 3485 ⁴
650 3456 940 3522 Argentum
964 3464 1120 3524 atque
1142 3475 1320 3511 aurum

245 3532 405 3583 facile
428 3539 530 3595 est,
559 3532 847 3598 laenamque
881 3540 1160 3600 togamque
1193 3538 1322 3587 Mit-

247 3617 363 3660 tere
386 3624 403 3659 ι
453 3607 657 3659 boletos
699 3609 911 3660 mittere
949 3610 1161 3661 difficile
1205 3611 1323 3666 est.’

310 3690 345 3735 4
378 3685 617 3750 Lucrina]
667 3686 863 3737 Ostrea
885 3702 913 3737 e
944 3688 1057 3739 lacu
1080 3689 1320 3741 Lucrino.

246 3762 433 3826 Epigr.
457 3766 536 3813 11.
559 3762 650 3811 lib.
671 3766 724 3812 6.
761 3777 898 3814 vers.
916 3770 965 3816 5.
1039 3765 1175 3829 Vale]
1211 3767 1321 3817 No·

246 3839 301 3888 lo
324 3838 463 3903 apud
487 3844 541 3888 te
562 3853 786 3891 coenare.

311 3920 346 3964 6
363 3915 516 3964 Immo
528 3914 684 3977 hodie,
700 3916 805 3987 mx]
834 3915 949 3966 Imo
965 3916 1140 3967 statim
1163 3933 1191 3967 a
1216 3933 1318 3969 coe·

181 4018 194 4031 ι
246 4005 319 4040 na
348 3991 494 4040 nulla
515 3998 694 4040 manet
711 3988 846 4053 gulae
870 3992 1137 4056 voluptas:
1173 4008 1315 4044 nam-

247 4082 349 4132 que
383 4066 681 4116 lautissimas
717 4067 797 4116 hae
832 4066 1070 4131 cupediae
1108 4068 1193 4118 vel
1236 4067 1317 4135 (l)

247 4144 567 4209 dejiciuntur
584 4157 678 4207 per
694 4144 863 4193 alvum
883 4160 900 4205 ;
920 4141 1010 4208 (2)
1037 4146 1121 4195 vel
1144 4146 1317 4209 rejici·

247 4228 407 4270 untur
430 4221 629 4270 vomitu
654 4234 750 4283 per
768 4227 951 4284 guttur
972 4239 988 4284 3
1017 4224 1102 4272 vel
1125 4221 1207 4288 (8)
1227 4237 1316 4272 ex-

247 4304 535 4348 cernuntur
551 4311 648 4362 per
663 4298 884 4348 vesicam
902 4315 917 4348 t
951 4313 1122 4364 neque
1139 4315 1317 4350 earum

248 4388 487 4440 saporem
504 4373 782 4439 dignoscet
802 4374 1065 4426 sentietve
1081 4377 1316 4442 spongia,

2296 444 2472 511 1413

1414 609 1575 666 caniS‚
1595 614 1684 656 aut
1704 613 1842 656 testa
1865 622 1955 657 seu
1974 609 2183 657 matula.

1476 690 1509 734 7
1545 684 1744 745 Infelix,
1765 684 1871 748 ssa]
1925 683 2077 735 Quod
2121 682 2205 731 vel
2240 681 2473 746 spongia,

1413 764 1497 812 vel
1517 770 1651 812 testa
1669 762 1819 823 sciat,
1840 761 1964 811 nihil
1987 774 2253 825 superesse
2271 760 2337 809 de
2359 773 2471 808 ves-

1414 841 1509 890 tris
1546 842 1700 892 lautis
1740 840 1992 905 cupediis,
2023 854 2174 904 quam
2204 839 2381 889 sordes
2415 844 2472 888 et

1411 925 1666 969 stercora:
1723 919 1939 982 spongia
1997 918 2135 982 ligno
2182 916 2465 970 adhaerens.

1411 992 1658 1045 damnata
1708 994 1760 1044 in
1817 995 1916 1043 vile
1974 994 2333 1056 ministerium,
2403 992 2469 1041 ad

1410 1072 1737 1124 emundanda
1777 1073 1982 1121 scilicet
2021 1073 2284 1121 obscoena:
2321 1077 2380 1120 ut
2403 1071 2468 1120 de

1409 1148 1658 1199 bestiario
1674 1148 1891 1213 quodam
1904 1146 2064 1197 refert
2078 1149 2287 1209 Seneca,
2299 1147 2472 1211 Epist.

1407 1229 1488 1275 ⁷0.
1556 1225 1693 1276 Vide
1719 1226 1875 1276 Corn.
1906 1225 2172 1275 Vitellium
2203 1239 2318 1288 cap.
2339 1228 2388 1274 9.
2412 1224 2467 1273 in

1406 1302 1681 1354 Merulam.
1755 1302 1942 1367 Virga]
1995 1303 2204 1366 virgam
2237 1301 2472 1365 appellat

1406 1378 1622 1442 lignum,
1643 1378 1725 1428 cui
1744 1379 1956 1442 spongia
1980 1378 2296 1428 adhaerebat.

1471 1459 1503 1503 8
1537 1455 1824 1518 Quicumque
1845 1453 2000 1517 canis]
2048 1453 2153 1506 Qui
2195 1454 2258 1503 ad
2305 1455 2465 1504 vomi·

1404 1534 1515 1579 tum
1538 1537 1828 1580 accurrunt.
1893 1532 2162 1594 Jumaque
2192 1536 2315 1580 testa
2348 1531 2465 1596 vioe]

1404 1606 1582 1657 Testae
1628 1607 1681 1656 in
1722 1607 2006 1671 angiportis
2046 1607 2364 1672 parabantur
2402 1609 2467 1657 iis

1407 1683 1497 1749 qui
1533 1683 1735 1733 urinam
1770 1684 2010 1733 emittere
2043 1684 2306 1733 volebant.
2369 1683 2468 1734 At-

1407 1775 1510 1824 que
1531 1760 1652 1810 hinc
1670 1759 1798 1809 illud
1832 1760 2138 1824 Vespasiani
2155 1775 2184 1810 e
2200 1760 2326 1810 lotio
2351 1775 2466 1810 vec·

1405 1837 1555 1901 tigal.
1591 1835 1737 1886 Suet.
1757 1836 1918 1898 Vesp.
1940 1850 2059 1899 cap.
2081 1839 2163 1885 2³.

1466 1917 1502 1962 9
1533 1913 1810 1975 Mullorum,
1851 1912 2167 1977 leporumque]
2226 1912 2466 1975 Optimo-

1403 2002 1514 2056 rum
1559 1989 1777 2052 piscium
1816 1997 1872 2039 et
1911 1989 2163 2040 carnium.
2229 1989 2468 2055 Seminis]

1403 2064 1559 2129 Epig.
1592 2068 1675 2115 44.
1715 2065 1751 2116 l.
1778 2069 1858 2115 13.
1926 2066 2103 2115 Exitus
2138 2065 2218 2115 hic
2254 2065 2349 2129 est]
2396 2067 2463 2117 In

1401 2143 1492 2192 has
1515 2143 1691 2193 sordes
1710 2142 1904 2193 abeunt
1933 2149 1989 2192 et
2012 2150 2275 2193 mutantur
2294 2144 2466 2194 vorati

1401 2219 1590 2283 pisces,
1613 2221 1832 2284 lepores,
1854 2229 1907 2269 et
1924 2220 2085 2269 suilloe
2112 2234 2230 2283 pars
2250 2220 2466 2283 optima,

1400 2311 1516 2360 qnae
1536 2298 1552 2326 ‘
1577 2312 1754 2346 sumen
1773 2296 1787 2319 '
1822 2304 1924 2358 est,
1942 2298 1990 2347 h.
2014 2311 2060 2345 e.
2082 2297 2288 2361 papillas
2310 2299 2460 2348 modo

1400 2372 1570 2421 enixae
1592 2386 1781 2435 porcae.

1464 2455 1528 2501 lo
1561 2450 1935 2516 Sulphureusque
1975 2450 2122 2515 color]
2176 2452 2256 2501 Ex
2295 2449 2462 2502 crudi·
2558 2426 2564 2430 ἢ

1399 2534 1512 2579 tate
1536 2530 1720 2592 pallor.
1792 2529 2139 2595 carnificesque
2165 2528 2327 2593 pedes]
2360 2528 2463 2578 Po-

1398 2604 1576 2669 dagra.
1626 2607 1910 2666 Λυσιμελοῦς
1941 2603 2131 2667 Βάκχου
2162 2604 2240 2654 καὶ
2274 2613 2463 2665 λυσιμε-

1395 2683 1511 2732 λοῦς
1544 2682 1818 2747 Ἀφροδίτης
1854 2684 2072 2733 romanu
2093 2680 2301 2746 θυγάτηρ
2329 2692 2463 2732 λυσι-

1395 2758 1546 2820 μελὴς
1563 2758 1797 2825 Ποδάγρα.
1831 2761 2042 2811 Anthou.
2066 2762 2098 2811 1.
2119 2765 2169 2810 2.
2195 2774 2241 2813 c.
2259 2764 2343 2811 43.

1462 2842 1523 2887 ll
1559 2837 1763 2900 Athana,
1792 2838 1897 2903 ξω]
1957 2838 2312 2888 Lautissimum
2334 2850 2460 2901 epu-

1396 2914 1524 2976 lum,
1546 2915 1697 2978 quale
1720 2916 1957 2965 exhibuit
1979 2916 2030 2964 in
2056 2914 2257 2964 Albano
2281 2922 2459 2965 monte

1395 2990 1448 3039 in
1471 2991 1830 3056 Quinquatriis
1855 2993 2107 3041 Minervae
2139 3006 2243 3040 suae
2276 2992 2458 3041 Domi-

1396 3066 1584 3116 tianus.
1650 3069 1810 3119 Quasi
1834 3067 2011 3117 dicat:
2063 3069 2118 3118 Si
2154 3068 2274 3116 milti
2297 3083 2456 3133 appo·

1394 3158 1546 3192 neres
1567 3145 1796 3207 epulum,
1831 3152 1888 3193 ut
1909 3146 2029 3194 olim
2051 3146 2382 3195 Domitianus
2405 3146 2460 3194 in

1393 3220 1617 3284 Albano,
1651 3221 1746 3270 hac
1768 3222 2066 3271 conditione
2088 3230 2143 3272 et
2182 3222 2461 3286 exprobra-

1391 3298 1535 3346 tione
1557 3296 1814 3358 beneficii,
1835 3297 1991 3346 nolim
2028 3304 2200 3347 tecum
2234 3310 2457 3348 coenare.

1395 3372 1566 3436 Tanti]
1616 3374 1691 3423 Ut
1719 3375 1980 3425 stomacho
2003 3381 2059 3424 et
2081 3374 2298 3438 pedibus
2318 3374 2459 3425 labo·

1392 3464 1521 3500 rem.

1459 3530 1523 3575 12
1548 3526 1852 3591 Capitoline]
1883 3526 2032 3578 Jovis
2050 3528 2257 3592 epulum
2278 3529 2330 3578 in
2357 3528 2456 3578 Ca-

1393 3604 1581 3668 pitolio
1616 3619 1646 3652 a
1681 3608 1729 3654 7.
1776 3605 2099 3668 Epulonibus
2131 3606 2460 3655 instructum.

1392 3679 1770 3745 Pontificatum
1789 3681 1953 3745 dapes]
2008 3681 2291 3746 Magnifica
2321 3680 2457 3730 Pon-

1392 3752 1593 3804 tificum
1617 3770 1779 3819 coena,
1799 3758 1999 3820 qualem
2036 3758 2243 3807 Metelli
2264 3757 2456 3807 descri-

1398 3828 1476 3880 bit
1497 3831 1738 3882 Macrob.
1771 3846 1889 3895 cap.
1915 3837 1992 3882 la.
2017 3834 2051 3883 l.
2073 3837 2122 3882 3.
2149 3834 2358 3882 Saturn.

1459 3911 1522 3956 13
1557 3909 1785 3972 Imputet,
1805 3907 1912 3972 ξω]
1963 3909 2018 3958 Si
2043 3909 2161 3958 mihi
2199 3908 2309 3973 ipse
2327 3908 2455 3971 Jup-

1391 3985 1613 4050 largitus
1645 3994 1826 4036 nectar
1860 3989 1911 4037 in
1954 3989 2236 4039 rationibus
2260 3997 2315 4038 et
2349 4003 2456 4038 me·

1391 4066 1481 4115 riti
1519 4066 1635 4116 loco
1666 4075 1925 4128 numeret,
1976 4082 2077 4116 non
2116 4067 2242 4116 mihi
2287 4069 2454 4132 sapiet

1389 4142 1531 4192 aliud
1552 4158 1702 4208 quam
1726 4151 1930 4192 acetum
1964 4151 2018 4193 et
2042 4159 2257 4209 vappam
2281 4161 2310 4194 e
2335 4146 2455 4195 vino

1388 4219 1651 4270 vilissimo.
1675 4219 1847 4270 Gloss.
1879 4220 2195 4284 ‘Imputare,
2224 4221 2455 4283 λογίσασ-

1390 4299 1511 4346 θαι;’
1543 4302 1598 4345 et
1618 4297 1694 4345 ita
1719 4310 1859 4360 saepe
1884 4295 2019 4345 illius
2042 4299 2212 4348 aetatis
2233 4299 2455 4363 scripto·

1388 4385 1474 4422 res
1494 4372 1593 4422 hoc
1615 4372 1830 4421 verbum
1850 4381 2181 4438 usurparunt.
2440 4386 2445 4393 ·
