2985 4937
474 416 652 483 1092

541 581 812 627 certamen
856 574 983 638 fert,
1027 574 1129 626 nisi
1175 576 1343 626 altero
1382 576 1541 628 victo.

543 657 883 719 Spectantem
904 654 1108 704 interea
1129 656 1375 718 populum
1393 654 1543 704 donis

541 738 598 781 et
621 730 898 780 missilibus
914 736 1173 780 moratur:
1198 732 1406 796 utrique
1433 744 1544 780 tan-

541 809 660 858 dem
685 808 837 857 simul
876 807 985 858 ictu
1022 808 1138 872 pari
1175 808 1300 858 laeso
1345 810 1544 872 palmas

542 886 687 936 misit
710 891 765 935 et
790 885 967 937 rudes.

542 967 573 1012 8
611 961 783 1013 Missis
798 962 946 1027 sepe]
980 961 1165 1012 Missio
1183 970 1319 1025 erat,
1337 962 1544 1028 quoties

476 1040 630 1091 laesu's
667 1047 757 1090 aut
780 1040 951 1090 victus
988 1040 1175 1089 victori
1219 1040 1546 1105 eripiebatur

477 1134 507 1169 a
533 1116 771 1182 principe
793 1115 878 1165 vel
901 1115 1197 1165 munerario
1213 1130 1280 1165 ex
1312 1114 1547 1166 faventia

478 1195 672 1260 populi,
693 1206 845 1259 quam
867 1190 1199 1256 significabat
1222 1206 1400 1257 presso
1435 1195 1545 1257 pol·

476 1273 575 1322 lice
603 1288 618 1333 3
667 1270 807 1335 quod
849 1270 1071 1333 accipio,
1125 1270 1364 1333 pollicem
1405 1271 1544 1321 iutra

475 1350 701 1413 palmam
719 1346 1010 1406 conditum,
1027 1346 1206 1411 digitis
1226 1346 1385 1398 fuisse
1401 1363 1545 1414 pres·

474 1438 606 1474 sum.
666 1417 822 1481 Viris]
857 1422 1274 1474 Gladiatoribus.

541 1507 574 1551 5
605 1501 713 1550 Lex
735 1504 839 1549 erat
854 1515 874 1559 ,⁸
891 1501 954 1549 ud
972 1499 1202 1563 digitum,
1221 1500 1329 1565 ξω]
1365 1499 1448 1550 Ad
1465 1500 1544 1550 di-

396 1612 423 1617 »
472 1578 638 1643 gitum
678 1590 909 1641 pugnare
947 1576 1213 1641 dicebant,
1247 1592 1343 1642 pro
1367 1578 1544 1642 digitis

476 1668 725 1719 pugnare,
765 1654 906 1719 quod
951 1669 1054 1704 uno
1097 1654 1545 1706 verbo‘micare.’

476 1731 785 1786 Quintilian.
823 1731 861 1781 l.
902 1736 952 1782 8.
984 1747 1032 1784 c.
1067 1737 1113 1783 5.
1169 1734 1184 1762 ⁸
1206 1732 1292 1782 Ad
1321 1732 1539 1798 digitum

474 1806 802 1858 concurrere'
826 1808 961 1858 dixit
994 1809 1223 1860 incertus
1246 1817 1430 1859 auctor
1455 1825 1540 1859 ve·

475 1884 604 1934 teris
642 1883 1077 1947 Epigrammatis:
1120 1885 1137 1914 ⁶
1163 1885 1275 1934 Lex
1314 1893 1448 1949 erat,
1470 1884 1537 1935 ad

475 1960 695 2025 digitum
754 1963 925 2025 posita
974 1975 1288 2014 concurrere
1335 1965 1542 2027 palma-⁹

475 2038 650 2101 Igitur
685 2038 782 2087 ‘ad
814 2038 1034 2102 digitum
1058 2040 1325 2105 pugnare-,⁹
1345 2048 1403 2090 et
1433 2041 1541 2091 ‘di-

475 2115 599 2181 gitis
630 2115 876 2180 pugnare’
915 2115 1087 2178 idem3
1127 2124 1188 2168 ut
1213 2124 1269 2167 et
1305 2119 1323 2148 ⁴
1344 2119 1411 2168 ad
1432 2132 1539 2169 ma-

473 2207 598 2242 num
641 2190 853 2241 saltare’
896 2196 952 2241 et
992 2192 1263 2244 ‘manibus
1296 2194 1483 2244 saltare
1502 2193 1539 2257 ς’

474 2268 612 2335 quod
636 2274 716 2318 est
738 2270 1053 2333 χειρονομεῖντ
1090 2270 1213 2336 quid
1235 2271 1372 2321 euim
1396 2271 1539 2321 aliud

475 2352 582 2395 tam
595 2346 856 2408 proprium
876 2347 1198 2410 pantomimi,
1212 2362 1365 2412 quam
1378 2349 1442 2399 τὰ
1454 2357 1537 2399 λε-

473 2421 654 2485 γόμενα
672 2420 813 2487 χερσὶ
833 2420 1072 2487 δεικνύειν,
1093 2424 1192 2474 boc
1222 2429 1324 2487 est,
1340 2426 1356 2453 ‘
1375 2425 1539 2476 verba

474 2500 713 2549 manibus
737 2501 990 2565 expedire
1002 2501 1038 2550 Ρ
1077 2500 1278 2551 Sdmas.
1305 2504 1383 2552 Ad
1410 2504 1539 2566 dign·-

473 2576 720 2640 tum,q·c.]
775 2575 1046 2626 Concursu
1080 2578 1356 2641 digitorum
1394 2594 1424 2628 a
1458 2579 1538 2629 di-

473 2655 755 2705 micatione
798 2655 1020 2719 palmam
1066 2655 1206 2705 inter
1247 2670 1304 2706 se
1350 2657 1539 2709 sortiti.

475 2730 669 2779 Petrus
689 2730 996 2792 Scriverius,
1033 2745 1187 2795 quem
1227 2732 1364 2783 vide.
1431 2731 1539 2784 Alii

470 2807 681 2858 sublato
714 2807 881 2872 digito
919 2823 977 2857 se
1013 2809 1209 2859 victum
1232 2824 1539 2874 agnoscere.

473 2884 666 2933 Sensus
705 2899 829 2948 ergo
870 2884 1046 2948 poetae
1095 2891 1212 2935 est:
1273 2888 1383 2936 Lex
1420 2894 1539 2938 erat

479 2962 727 3024 Cesaris,
760 2961 831 3010 uti
860 2975 891 3010 e
931 2961 1134 3011 duobus
1159 2962 1537 3026 gladiatoribus

475 3036 690 3086 Priscus
725 3045 817 3085 aut
854 3037 1026 3085 Verus
1054 3027 1164 3086 ‘non
1188 3039 1329 3101 prius
1368 3041 1538 3104 palma

475 3112 780 3175 donaretur,
831 3126 982 3176 quam
1038 3113 1294 3164 alteruter
1330 3117 1537 3169 sublato

474 3189 641 3253 digito
675 3201 732 3238 se
756 3188 948 3238 victum
982 3203 1326 3254 agnosceret;
1364 3194 1441 3244 ita
1479 3202 1538 3246 ut

473 3266 643 3330 palma
673 3270 730 3313 et
772 3264 993 3314 victoria
1036 3276 1429 3334 concurrerent,
1470 3272 1537 3320 si-

474 3342 682 3406 mulque
691 3339 1061 3405 jungerentur.

543 3423 576 3468 6
606 3419 802 3480 lauces,
831 3417 968 3481 sm]-
1009 3418 1247 3471 Obsonia
1289 3422 1341 3471 in
1378 3424 1538 3474 lanci-

473 3493 571 3546 bus
593 3502 648 3546 et
682 3494 841 3557 dona,
860 3501 919 3545 ut
936 3494 1183 3550 reficeret
1204 3498 1538 3567 animumque

1171 433 1391 483 NO'PAE
1442 430 1845 481 VARlORUM
1898 429 1980 480 m

1621 572 1840 625 adderet
1884 574 2296 639 gladiatoribns3
2350 573 2432 624 vel
2476 575 2685 641 populo,

1621 667 1723 715 quo
1762 652 2043 715 patientius
2081 651 2252 702 ferret
2287 652 2456 715 longo
2493 666 2680 717 pugne

1618 743 1833 779 moram.

1682 810 1717 855 9
1756 806 1935 869 studes]
1964 805 2264 871 Scipiones3
2312 804 2519 870 quibus·
2538 810 2686 856 vete-=

1618 882 1731 933 rani
1752 883 2070 948 gladiatores
2095 883 2279 934 donati
2299 880 2350 932 in
2364 883 2562 947 signum
2580 898 2684 933 ma·

1619 961 1842 1025 gisterii,
1865 960 2015 1011 liberi
2051 960 2116 1009 ab
2151 974 2310 1010 arena
2341 961 2394 1008 in
2431 959 2682 1025 reliquam

1621 1037 1779 1088 vitam
1827 1037 2314 1101 pronuntiabantur.
2385 1036 2550 1090 Rudis
2585 1036 2684 1086 ita-

1619 1129 1722 1181 que
1743 1115 2082 1180 distinguitur
2099 1130 2130 1164 a
2150 1115 2425 1165 missione:
2449 1115 2466 1143 ‘
2486 1112 2687 1164 missio?
2771 1142 2788 1159 .

1619 1192 1756 1242 enim
1794 1193 2055 1243 liberabat
2100 1193 2439 1256 gladiatorem
2474 1193 2526 1242 in
2565 1206 2690 1241 eum·

1619 1269 1776 1332 diem,
1813 1270 1896 1319 vel
1936 1270 1989 1319 in
2028 1270 2079 1319 id
2102 1283 2321 1320 munus:
2368 1268 2592 1318 ‘Rudis’¹
2629 1268 2702 1323 in,

1619 1354 1823 1395 omnem
1857 1346 2016 1396 vitam
2053 1345 2388 1410 gladiatorem
2430 1347 2495 1396 ab
2531 1359 2687 1395 arena

1618 1422 1837 1473 liberum
1852 1422 2241 1487 pronuntiabat,
2251 1422 2537 1472 nisivolens
2552 1423 2690 1485 ipse,-

1618 1504 1701 1552 vel
1724 1503 1969 1567 pecunia,
2004 1509 2280 1566 pugnaret.
2343 1502 2472 1550 Tum
2512 1497 2685 1548 missio

1617 1579 1845 1629 dabatur
1869 1579 1997 1629 laeso
2021 1584 2074 1628 et
2095 1578 2269 1629 victo:
2302 1577 2444 1627 rudis
2464 1575 2680 1626 victori:

1618 1656 1757 1707 unde
1792 1662 1850 1706 et
1888 1671 1985 1720 pro
2029 1656 2331 1720 magisterio
2368 1669 2431 1704 ac
2468 1652 2687 1717 praefec·

1618 1739 1739 1783 tura
1762 1747 1858 1796 per
1879 1731 2122 1796 Metapb.
2163 1731 2303 1782 unde
2340 1733 2356 1760 ‘
2372 1732 2503 1781 rude
2528 1731 2688 1780 doua-

1618 1807 1742 1873 tus,’
1775 1809 2024 1860 liberatus
2049 1824 2080 1858 a
2102 1809 2275 1858 schola
2303 1817 2393 1857 aut
2425 1805 2688 1858 scribendi

1613 1888 1814 1939 labore.
1882 1889 2092 1949 Palma,
2115 1887 2221 1952 ssa]
2255 1887 2543 1938 Praesentis
2575 1899 2689 1936 cer·

1616 1966 1830 2017 taminis
1855 1966 2088 2031 praemia·-

1683 2048 1745 2094 10
1786 2045 1890 2093 Hoc
1921 2044 2152 2108 pretium,
2179 2043 2286 2108 ξω]
2353 2043 2689 2104 Missionem,

1616 2126 1941 2189 palmam,et
1963 2125 2164 2177 rudem.
2281 2156 2286 2161 -

1682 2206 1740 2252 11
1802 2203 2024 2265 Contigit
2068 2203 2171 2265 hoc,
2215 2200 2323 2266 qm]
2378 2199 2687 2264 Ἐπιφόνημα

1615 2292 1733 2328 cum
1758 2285 1900 2329 tecta
1917 2279 2231 2343 palpatione,
2257 2292 2358 2342 qua
2382 2277 2687 2327 miraculum

1612 2356 1712 2407 hoc
1734 2355 1996 2407 divinitati
2029 2356 2231 2405 cuidam
2258 2354 2487 2405 Caesaris
2526 2351 2694 2415 adsig-

1614 2438 1723 2484 net.

1681 2510 1841 2561 Erro.
1863 2523 1998 2560 xxx.
2036 2514 2062 2559 1
2086 2510 2170 2559 Da
2184 2507 2514 2573 veniam,85c.]
2552 2506 2689 2557 Haec

1614 2583 1838 2636 disticha
1873 2587 1957 2636 vel
1980 2586 2164 2635 mutila
2191 2593 2314 2634 sunt
2337 2592 2396 2635 et
2421 2589 2690 2646 corrupta,

1616 2663 1698 2713 vel
1712 2663 1970 2714 Martialis
1991 2677 2093 2712 non
2110 2669 2259 2713 sunt:
2284 2676 2351 2712 ex
2366 2658 2688 2725 fragmentis

1613 2737 1690 2788 illi
1727 2737 2111 2788 adscribuntur.

1682 2814 2031 2864 Emffixxxx.
2079 2818 2105 2863 1
2136 2814 2313 2863 Cedere
2353 2812 2554 2875 majori]
2611 2809 2686 2859 Ut

1612 2889 1801 2940 AEneas
1828 2889 1896 2938 de
1920 2891 2089 2939 Lauso
2116 2889 2320 2940 AEneid.
2344 2890 2438 2939 lib.
2465 2892 2547 2939 1⁰.

1677 2971 1710 3016 2
1747 2967 1911 3015 Minor
1931 2966 2102 3029 hostis]
2171 2966 2301 3016 Cum
2339 2966 2505 3015 vinc-it
2529 2962 2687 3026 majo·

1614 3055 1723 3090 rem
1746 3042 1970 3090 maxima
1992 3041 2106 3090 laus
2128 3050 2209 3090 est
2227 3056 2244 3103 ς
2264 3049 2321 3092 et
2343 3042 2398 3092 in
2421 3040 2545 3090 ludo
2561 3036 2690 3087 Gla·

1613 3118 1841 3168 diatores
1875 3119 2017 3168 inter
2050 3132 2108 3167 se
2150 3119 2393 3181 componi
2426 3114 2687 3166 solebant.

1612 3195 1951 3258 Ignominiam
1973 3194 2109 3244 enim
2123 3193 2392 3258 judicaret
2423 3189 2686 3257 gladiator

1612 3286 1730 3321 cum
1754 3269 2000 3320 inferiore
2036 3272 2312 3335 compon'13
2343 3279 2402 3321 et
2425 3268 2531 3319 scit
2568 3276 2685 3312 eum

1612 3346 1722 3396 sine
1764 3347 1931 3410 gloria
1966 3348 2124 3410 vinci,
2165 3347 2253 3411 qui
2296 3349 2408 3397 sine
2447 3338 2684 3408 periculo

1612 3423 1857 3472 vincitur.
1928 3424 2124 3474 Minori
2166 3432 2360 3489 autem,
2401 3421 2446 3473 si
2492 3418 2687 3476 vincat,

1611 3500 1777 3566 maJor
1799 3501 1911 3550 laus
1930 3508 2026 3550 est.
