2985 4937
716 441 793 486 M.
844 434 1490 488 VAn.MAR'1·1A1.1s
1543 432 1793 484 nmen.
1842 432 1987 480 ms.
2035 409 2083 478 1'.

306 598 461 633 venas
483 580 644 632 incidi
661 580 840 646 jussit,
874 579 1176 645 sanguinem
1198 578 1368 630 libans

303 661 418 712 Jovi
441 660 730 712 liberatori.
772 659 1209 723 Con-summotique]
1242 658 1370 709 Om-

303 737 449 787 nibus
487 737 737 787 numeris
761 736 984 786 absoluti
1027 736 1146 795 viri,
1199 735 1369 785 Stoici

302 814 689 880 perfectissimi.
756 812 978 875 Catonis]
1012 812 1116 863 Qui
1151 826 1219 860 ne
1257 812 1370 861 Cae-

302 907 464 942 sarem
489 893 746 942 victorem
770 889 992 951 videret,
1015 903 1073 938 se
1096 889 1267 938 Uticae
1291 886 1371 936 in-

302 968 544 1031 terfecit3
578 969 810 1019 eui-hinc
833 980 1120 1033 cognomen
1150 967 1372 1016 Uticen-

303 1046 386 1096 sis.
408 1045 551 1095 infra
575 1046 713 1110 epig.
736 1049 821 1094 79.
842 1058 974 1093 vers.
995 1048 1046 1093 9.

362 1133 395 1178 2
430 1124 829 1190 Dogmatu,&c.}
844 1123 1054 1173 Placita
1075 1129 1132 1172 et
1154 1120 1373 1172 decreta

302 1205 494 1255 Stoica.
550 1205 566 1231 ‘
588 1204 815 1253 Mortem
864 1214 982 1249 esse
1035 1198 1100 1247 ad
1145 1212 1372 1261 manum,

301 1288 508 1345 portum
536 1288 593 1329 et
615 1278 914 1328 libertatem
939 1291 969 1325 a
993 1274 1250 1340 miseriis,'
1269 1279 1370 1328 διο.

302 1358 468 1408 Salvus
506 1361 585 1418 ut,
621 1357 727 1420 qma]
775 1356 851 1405 Ut
885 1363 1058 1403 tamen
1099 1353 1233 1403 nolis
1273 1354 1371 1404 tibi

301 1442 521 1484 mortem
562 1432 911 1494 consciscere,
949 1430 1089 1495 quod
1106 1448 1111 1451 Α
1128 1429 1373 1482 fecerunt

302 1514 396 1566 illi.

359 1596 389 1639 5
427 1591 562 1639 Nolo
578 1589 757 1650 virum,
786 1587 896 1651 Bm]
933 1587 1070 1637 Nolo
1091 1586 1257 1636 virum
1283 1587 1373 1651 qui

297 1668 533 1716 molliter
570 1673 626 1715 et
664 1666 1008 1729 desperanter
1050 1665 1114 1714 ad
1151 1671 1373 1714 mortem

300 1744 454 1809 quasi
476 1741 768 1792 remedium
790 1740 1079 1806 confugiat,
1101 1743 1236 1792 hunc
1258 1743 1374 1793 volo

302 1819 386 1883 qui
410 1820 551 1868 mala
570 1817 780 1869 fortiter
805 1819 996 1867 toleret
1017 1817 1374 1883 perfer-atque.

300 1893 355 1943 τὸ
378 1896 423 1944 δ’
446 1893 775 1958 ἀποθνήσκειν,
805 1892 1045 1957 φεύγοντα
1064 1891 1242 1957 πενίαν,
1272 1898 1373 1945 &e-

303 1973 467 2023 Arist.
494 1973 702 2023 Nicom.
727 1977 775 2022 3.
813 1977 864 2022 7.
895 1972 1017 2022 vide
1056 1986 1141 2037 ep.
1160 1977 1243 2023 80.
1269 1974 1303 2022 1.
1326 1977 1376 2024 2.

304 2056 355 2099 et
376 2050 550 2114 epigr.
567 2053 650 2098 5⁷.
674 2049 709 2098 i.
735 2053 815 2098 11.
839 2055 896 2099 et
919 2049 1101 2113 Eurip.
1125 2049 1288 2100 Herc.
1315 2051 1374 2101 F.

306 2134 410 2176 act.
435 2133 485 2177 5.
516 2124 821 2189 Ἐσκεψάμην
841 2124 892 2176 δὲ
913 2125 1077 2192 kain-ep
1090 2127 1142 2176 ἐν
1161 2130 1375 2178 κακὸῖσιν

305 2202 393 2262 bv,
403 2206 506 2252 διε.
575 2204 735 2252 Facili
759 2203 1014 2266 sanguine]
1052 2205 1239 2254 Facilis
1257 2219 1374 2254 san-

305 2280 418 2344 guis
441 2281 573 2345 ejus,
590 2281 678 2345 qui
706 2281 934 2344 singulos
956 2289 1102 2332 artus
1129 2298 1250 2332 suos
1268 2282 1375 2332 for-

307 2366 449 2408 tunae
472 2358 829 2422 prodigendos
857 2359 967 2421 dat,
986 2366 1193 2424 quoestu
1215 2369 1374 2426 atque

305 2435 618 2499 compendio
637 2434 933 2499 gloriarum.
996 2437 1135 2487 Vide
1149 2437 1375 2490 Gellium

306 2511 345 2561 1.
366 2516 415 2562 2.
437 2527 485 2561 c.
503 2517 589 2562 27.

374 2589 536 2638 Eme.
556 2602 615 2638 x.
658 2592 690 2637 2
713 2588 812 2637 Sed
840 2588 945 2651 qui,
968 2589 1073 2652 ξω]
1109 2590 1206 2640 Est
1236 2591 1374 2640 enim

309 2663 549 2714 ‘Bellus'
568 2664 929 2716 diminutivum
948 2681 979 2716 a
999 2666 1183 2729 bonus,
1193 2673 1374 2733 pretty.

311 2740 403 2791 lib.
434 2745 484 2790 2.
519 2741 704 2805 Epigr.
738 2747 790 2791 7.
825 2747 883 2791 et
916 2743 1032 2793 l.·s.
1073 2745 1252 2809 Epigr.
1291 2749 1376 2795 62.

313 2816 451 2881 quod
481 2816 550 2866 de
576 2818 709 2867 bone
736 2832 1026 2883 magnoque
1047 2834 1148 2869 non
1168 2821 1377 2872 dicitur.

312 2893 491 2943 Bellus
513 2895 634 2944 item
670 2895 880 2954 dieitur,
912 2898 999 2960 qui
1034 2898 1302 2960 placenter
1324 2906 1381 2948 et

317 2971 379 3020 ad
406 2972 725 3021 voluntatem
756 2973 1004 3037 loquitur,
1043 2974 1178 3037 quod
1205 2975 1379 3038 pusilli

316 3048 466 3097 animi
501 3055 603 3097 est.
635 3048 800 3113 epigr.
839 3054 923 3100 46.
965 3051 1001 3102 l.
1042 3056 1121 3102 10.
1156 3053 1292 3102 -vide
1325 3062 1382 3103 et

314 3124 479 3188 epigr.
518 3129 602 3175 39.
637 3126 671 3176 l.
707 3130 788 3177 12.
823 3128 983 3177 Forte
1015 3137 1072 3178 et
1103 3130 1190 3180 bic
1220 3131 1383 3182 Cotta

316 3201 663 3265 πωχαλάζων,
703 3205 789 3268 qui
831 3219 1030 3269 pauper
1067 3221 1184 3256 cum
1220 3215 1383 3273 esset,

315 3277 455 3329 dives
480 3280 659 3329 haberi
683 3281 862 3331 voluit.

378 3358 541 3408 Erro.
567 3373 649 3408 xt.
700 3364 727 3410 1
753 3361 888 3411 Petit
914 3363 1179 3427 Gemellus]
1213 3365 1382 3415 Notat

319 3435 591 3483 avaritiam
634 3428 860 3486 'vulturis
904 3452 996 3488 seu
1049 3440 1382 3504 haeredipetae

318 3510 564 3572 Gemelli,
587 3512 677 3576 qui
700 3513 1034 3564 Maronillam
1059 3516 1385 3581 opulentam,

314 3586 401 3636 sed
415 3588 529 3651 jam
554 3588 920 3639 tabescentem
934 3591 1183 3655 ambibat,
1201 3600 1260 3641 ut
1282 3593 1383 3641 hm·

315 3677 397 3712 res
418 3664 558 3713 iilius
581 3665 960 3716 institueretur.

377 3744 410 3790 4
444 3739 644 3803 Tus-sil]
686 3742 851 3791 'Hinc
906 3742 1216 3805 phthisicum
1267 3757 1383 3793 esse

316 3817 843 3882 conjicit,speratque
863 3834 920 3868 se
938 3819 1082 3869 brevi
1105 3820 1382 3871 elaturum.

318 3893 435 3943 vide
459 3895 552 3944 lib.
578 3898 627 3943 2.
651 3895 820 3958 epigr.
845 3900 928 3945 26.

379 3970 663 4020 Epidau.
700 3973 724 4019 1
755 3972 876 4020 Cum
894 3974 1009 4022 data
1021 3974 1143 4037 sint]
1175 3975 1239 4023 ln
1259 3974 1385 4025 ficta

300 4046 593 4098 =Sextiliani
633 4061 872 4111 persona,
905 4049 1120 4099 bibones
1158 4052 1386 4115 inclytos

318 4124 647 4187 perstringit.
672 4125 792 4174 Cum
813 4127 929 4174 datu
960 4127 1059 4175 sint
1080 4128 1248 4191 equiti,
1278 4127 1384 4192 ξι]

320 4200 518 4251 Omnes
540 4202 822 4252 divisiones
845 4210 902 4251 et
933 4202 1160 4254 ἐπιδόσεις
1192 4207 1386 4269 populo

318 4280 516 4333 fiebant
553 4295 648 4345 per
681 4280 874 4345 gradus
909 4284 1278 4345 amphitheatri
1303 4284 1386 4335 vel

320 4357 531 4421 theatri,
551 4359 641 4408 ubi
663 4373 791 4409 vero
813 4357 940 4409 data
956 4361 1063 4410 sint
1084 4361 1385 4411 illa-nomis-

322 4442 483 4500 mata,
525 4436 629 4488 alio
662 4437 1038 4502 epigrammate
1074 4439 1129 4490 in
1163 4438 1385 4490 eundem

2334 412 2505 480 1097

1444 577 1790 628 Sextilianum
1834 574 2080 637 ostendit,
2126 573 2218 627 lib.
2241 578 2287 625 1.
2322 573 2507 639 Epigr-

1445 660 1528 705 27.
1584 656 1599 683 ‘
1626 656 1742 704 Nec
1784 667 2143 704 consessorum
2191 652 2359 702 vicina
2417 665 2508 701 no·

1443 732 1683 782 mismata
1719 738 1942 795 tantum,
1968 730 2090 780 AEra
2120 729 2211 779 sed
2246 744 2276 778 a
2330 729 2509 779 cuneis

1445 809 1693 858 ulteriora
1706 808 1881 872 rapis.’
1928 808 2049 857 Non
2071 812 2348 856 contentus
2372 805 2511 856 enim

1446 886 1532 936 hic
1552 901 1729 951 eques,
1764 898 1997 934 nummos
2028 883 2082 933 in
2114 897 2207 933 suo
2233 881 2399 947 gradu
2428 896 2510 932 re-

1443 965 1644 1029 cipere,
1702 980 1780 1018 ex.
1822 962 2067 1027 gradibus
2119 968 2323 1025 raptum
2383 960 2511 1010 ibat.

1449 1043 1592 1093 Hinc
1603 1043 1707 1091 inae
1721 1042 2010 1092 locutiones
2027 1042 2043 1068 ‘
2056 1040 2121 1089 de
2134 1037 2414 1104 gradibus,'
2430 1039 2445 1066 ‘
2457 1039 2510 1088 in

1446 1117 1732 1184 gradibus,'
1765 1125 1822 1169 et
1857 1122 1872 1147 ‘
1893 1116 2167 1182 gradibus’
2205 1131 2391 1181 panem
2415 1117 2513 1177 dis-

1446 1197 1698 1260 tribuere,
1733 1211 1828 1260 pro
1864 1194 2153 1245 homiuibus
2190 1194 2276 1258 qui
2312 1193 2510 1243 suntin

1444 1273 1706 1336 gradibus.
1775 1273 1838 1321 In
1873 1271 2060 1337 quibus
2098 1286 2225 1334 e··go
2264 1269 2512 1334 gradibus

1446 1351 1503 1400 id
1522 1349 1754 1401 factum?
1783 1351 1836 1399 in
1859 1349 2057 1410 iisdem,
2087 1350 2139 1399 in
2177 1347 2366 1413 quibus
2386 1347 2516 1396 olim

1447 1428 1713 1491 congiaria
1749 1427 1943 1491 populo
1978 1425 2258 1487 dabantur,
2291 1438 2398 1474 aera
2438 1421 2514 1472 di·

1448 1505 1779 1567 videbantur,
1814 1510 1871 1553 et
1902 1503 2116 1553 missilia
2152 1516 2305 1552 omne
2348 1514 2512 1565 genus

1447 1581 1848 1646 spargebantur,
1884 1586 1956 1630 et·
1973 1585 2186 1635 tesserae
2233 1576 2514 1627 mitteban-

1449 1666 1564 1708 tur:
1595 1658 1654 1706 ¹in
1690 1653 1755 1706 iis'
1791 1658 1915 1722 ipsis
1953 1671 2113 1720 panes
2140 1655 2299 1705 etiam
2332 1668 2516 1716 eroga-

1450 1737 1677 1797 bantur-3
1710 1749 1899 1799 nempe
1925 1735 1980 1783 in
2002 1731 2375 1797 amphitheatri
2398 1745 2516 1794 gra-

1449 1814 1619 1864 dibus.
1650 1814 1856 1863 Salmas.
1888 1812 2029 1862 Vide
2055 1816 2111 1860 et
2131 1809 2362 1860 Turneb.
2379 1808 2413 1859 l.
2430 1812 2513 1859 18.

1449 1909 1508 1944 ο.
1532 1898 1617 1944 80.
1663 1894 1823 1943 ¹Doto
1858 1895 1975 1950 sint,
2013 1892 2120 1957 qe]
2153 1889 2240 1940 Ad
2263 1889 2435 1938 vinum
2455 1893 2516 1938 et

1447 1971 1664 2020 bellaria
1697 1970 1910 2034 singuiis
1934 1968 2213 2038 Equitibus
2241 1968 2295 2017 in
2316 1971 2518 2031 specta·

1448 2047 1579 2097 culis
1603 2046 1962 2096 desidentibus
1981 2046 2105 2096 data
2127 2051 2246 2095 sunt
2272 2047 2353 2093 10.
2372 2056 2522 2092 num-2*

1447 2126 1540 2189 mi,
1561 2124 1806 2175 Sestertii
1825 2124 2045 2174 scilicet.
2109 2123 2395 2173 Sestertius
2427 2136 2517 2170 au-

1449 2210 1557 2254 tem
1581 2202 1819 2252 continet
1841 2200 2000 2251 Asses
2023 2201 2154 2250 duos
2188 2215 2304 2250 cum
2327 2199 2520 2262 medio,

1447 2282 1585 2333 unde
1610 2281 1803 2344 Figura
1828 2281 1939 2330 HS.
1971 2286 2165 2330 nostroe
2188 2285 2414 2327 monetae
2434 2291 2522 2325 va·

1448 2359 1527 2408 let
1559 2363 1607 2408 1.
1646 2358 1699 2406 d.
1728 2358 1798 2406 ob.
1832 2373 1880 2421 q.
1923 2372 1971 2406 a.
2008 2372 2054 2420 q.
2093 2368 2246 2420 quem
2286 2354 2519 2419 geminat

1451 2437 1778 2487 victoriatus.
1802 2439 1851 2485 3.
1873 2433 1929 2486 d.
1946 2433 2017 2483 ob.
2036 2449 2083 2498 q.
2100 2440 2160 2483 ut
2174 2439 2231 2483 et
2245 2432 2380 2506 huuc
2399 2433 2519 2482 den.

1449 2518 1500 2565 7.
1525 2514 1577 2563 d.
1598 2514 1670 2563 ob.
1693 2527 1871 2563 omues
1905 2509 2160 2575 argentei.
2228 2509 2366 2558 Data
2400 2509 2521 2569 sint,

1449 2590 1561 2654 &cd
1626 2588 1767 2641 Quid
1800 2589 1954 2653 juvat
1995 2586 2283 2650 appingere
2339 2592 2518 2634 notam

1453 2665 1696 2716 Farnabii
1720 2666 1786 2713 de
1809 2663 2071 2723 sestertio,
2092 2677 2245 2727 quam
2266 2676 2418 2711 nemo
2441 2661 2519 2711 in-

1454 2741 1682 2804 telligit?
1730 2739 1835 2790 Sed
1868 2746 1923 2788 et
1960 2736 2143 2787 falsum
2175 2743 2257 2787 est
2299 2738 2521 2790 Martia·

1453 2822 1516 2870 lis
1540 2834 1655 2870 aevo
1677 2817 1980 2869 sestertium
2004 2816 2298 2867 constitisse
2322 2816 2523 2866 duobus
2563 2841 2578 2852 ·

1453 2896 1655 2948 assibus
1691 2903 1748 2945 et
1790 2894 2096 2944 dimidiato:
2145 2900 2256 2944 tum
2298 2900 2521 2959 quatuor

1457 2992 1598 3027 asses
1618 2975 1844 3038 valebat,
1862 2975 1999 3039 quod
2022 2975 2107 3023 hic
2125 2975 2299 3038 potuit
2317 2974 2521 3024 discere

1458 3069 1489 3103 a
1524 3052 1807 3114 Scriverio‚
1853 3051 1941 3116 qui
1986 3050 2172 3100 tribuit
2204 3051 2254 3100 ei
2294 3050 2520 3100 sedecim

1455 3131 1805 3195 quadrantes:
1837 3135 1893 3177 et
1934 3136 2267 3177 rectez‘nam
2302 3141 2359 3175 as
2398 3139 2522 3191 qua·

1456 3214 1590 3258 tuor·
1617 3206 1984 3272 quadrantum.
2053 3204 2326 3254 Praeterea
2360 3217 2521 3269 quare

1456 3284 1654 3347 adjecit
1674 3284 1740 3332 ad
1766 3280 2018 3331 bellaria?
2051 3279 2189 3330 unde
2212 3281 2308 3330 hoc
2331 3280 2381 3329 ei
2398 3290 2523 3329 con·

1456 3362 1597 3411 stat?
1669 3359 1745 3409 At
1780 3358 1928 3417 iilud,
1976 3356 2185 3406 ‘decies
2228 3337 2527 3419 nummum,⁵

1455 3453 1558 3504 qua
1596 3443 1717 3486 sunt
1751 3440 1901 3485 2000.
1946 3434 2207 3496 sestertia,
2244 3433 2526 3483 barbarum

1457 3524 1514 3566 et
1550 3516 1805 3563 insanum.
1874 3499 2165 3560 Deleantur
2201 3510 2384 3574 itaque
2417 3522 2527 3557 om-

1458 3593 1565 3642 nia.
1633 3589 1733 3640 Sed
1768 3588 1883 3639 ad‘
1904 3589 2048 3637 Data
2083 3586 2224 3644 sint!
2249 3587 2327 3636 sic
2347 3593 2527 3650 potest

1456 3668 1662 3718 notari:
1699 3665 1785 3716 Ad
1823 3664 1961 3714 sitim
1984 3664 2260 3713 levandam
2288 3663 2343 3712 in
2373 3677 2525 3726 spee-

1458 3747 1632 3796 taculo
1676 3744 1877 3809 longius
1929 3742 2210 3807 producto-
2241 3739 2527 3789 distributa

1457 3822 1646 3875 scribit
1668 3821 1866 3872 viritim
1899 3833 1994 3884 per
2024 3817 2416 3883 quatuordecim
2442 3830 2523 3866 or·

1458 3901 1609 3951 diues
1644 3899 1823 3948 decem
1858 3896 2182 3945 nomismata.
2249 3895 2382 3947 Quae
2413 3891 2526 3944 fue·

1460 3978 1569 4030 rint
1585 3976 1697 4037 illa,
1718 3975 1833 4039 quis
1857 3972 2048 4022 audeat
2072 3970 2382 4023 adfirmare?
2415 3971 2525 4023 Sed

1459 4068 1562 4104 non
1585 4050 1755 4115 magni
1789 4048 1946 4114 pretii
1983 4048 2141 4098 fuisse
2163 4055 2387 4112 apparet
2410 4062 2528 4112 par·

1461 4129 1557 4180 tim
1599 4143 1665 4178 ex
1711 4127 1877 4191 epigr.
1918 4129 2001 4175 27.
2048 4125 2133 4175 ubi
2190 4126 2525 4189 appellantur

1459 4205 1633 4267 *atras
1668 4205 1857 4267 partim
1886 4217 1955 4251 ex
1991 4203 2260 4267 opposito,
2285 4202 2409 4251 ‘Bis
2433 4202 2526 4251 de-

1459 4284 1567 4333 cies
1584 4279 1757 4345 bibis:
1774 4281 1921 4346 quasi
1940 4279 2157 4328 alterum
2177 4284 2379 4327 tantum
2401 4278 2524 4328 liau-

1458 4362 1562 4412 riat
1582 4361 1689 4424 illa,
1726 4366 1782 4409 et
1812 4356 2005 4420 singuli
2024 4357 2238 4405 haustus
2271 4354 2526 4407 constitu·

1457 4445 1555 4491 unt
1575 4436 1901 4489 nomismate.
1937 4434 2090 4487 Gru.
