2985 4937
665 397 736 445 M.
791 396 963 444 VAL.
1013 395 1432 446 MAR'rlALls
1484 395 1727 445 EPIGR.
1778 398 1921 446 LlB.
1970 401 2078 448 lx.

275 560 286 570 ·
328 544 353 588 1
388 539 606 602 Arctois,
640 541 744 605 eya]
768 577 774 583 .
797 542 1113 593 Sarmaticis.
1150 543 1345 607 Epigr..

268 621 312 665 6.
331 616 417 666 lib.
442 622 493 666 7.
519 632 662 668 vers.
684 623 731 668 1.

287 697 355 742 .2
394 694 582 757 Velius]
641 694 821 744 Velius
871 695 1104 758 Crispus,
1148 696 1331 744 Sueto-

266 770 373 820 nius
403 771 611 821 Domit.
653 786 769 835 cap.
793 776 841 821 3.
906 773 1067 821 Marti
1097 787 1187 835 pro
1218 773 1332 820 duce

261 846 403 911 vovit]
422 848 498 897 Ut
514 856 751 898 servaret
772 848 1138 898 Domitianum.
1162 847 1332 911 Avem]

263 922 505 987 Anserem
526 925 679 974 Rom.
704 923 916 989 Imperii
927 923 1216 975 custodem.
1230 925 1328 988 Ep.

260 1002 335 1050 75.
357 1000 450 1050 lib.
476 1004 561 1049 13.

321 1078 351 1125 3
383 1077 526 1125 Luna
546 1081 736 1140 quater,
757 1075 864 1140 ξω]
912 1075 1055 1126 Octo
1078 1077 1328 1127 mensium

264 1154 433 1217 spacio
455 1161 737 1218 peractum
760 1161 844 1204 est
866 1153 1055 1204 bellum
1073 1155 1241 1206 Sarm.

317 1234 348 1280 4
380 1231 541 1294 Deus]
593 1231 757 1281 Mars.
805 1231 1328 1296 Redeunte‘Caesare,

263 1315 404 1373 parta
425 1324 494 1359 ex
514 1309 774 1359 Sarmatis
793 1310 991 1358 laurea.

317 1391 346 1434 5
379 1386 493 1450 Ipse
513 1400 648 1450 saus,
666 1387 774 1450 qun]
806 1385 924 1435 Non
948 1387 1214 1436 reluctans
1229 1392 1325 1437 aut

260 1461 478 1529 fugiens,
499 1463 647 1529 quod
672 1459 937 1527 piaculare
960 1461 1163 1513 fuisset.

318 1545 349 1589 6
383 1543 451 1590 Et
488 1542 693 1606 cecidit]
748 1542 970 1591 Solenne
1011 1541 1225 1590 verbum
1268 1540 1324 1590 in

256 1619 425 1668 sacris.
459 1619 604 1669 Vide
628 1618 858 1668 Brisson.
873 1618 1036 1668 libffl.
1054 1617 1225 1666 Form.

315 1700 344 1744 7
381 1698 504 1746 Octo
537 1697 693 1757 vides,
727 1694 835 1759 ζα]
889 1695 1009 1745 Diis
1050 1700 1321 1758 argentum

256 1785 349 1821 nou
383 1785 505 1823 raro
547 1774 768 1822 litarunt
790 1772 810 1821 ε’
853 1785 1105 1835 suspensa
1143 1770 1321 1834 itaque

258 1847 453 1899 videtur
486 1850 553 1899 ad
596 1849 786 1898 Martis
824 1853 1050 1897 statuam
1071 1853 1323 1910 argentea

257 1926 442 1976 anseris
482 1924 706 1990 effigies,
739 1939 971 1975 nummos
1010 1929 1130 1974 octo
1156 1930 1321 1974 rostro

257 2004 539 2069 porrigens,
563 2019 680 2069 quae
715 2017 915 2054 menses
948 2008 1068 2053 octo
1108 2001 1321 2051 denota·

257 2088 367 2130 rent
388 2080 514 2132 belli
538 2080 763 2131 Sarmut.

274 2183 281 2190 ·
315 2161 346 2205 8
378 2158 505 2207 Hoec
518 2157 651 2208 extis
667 2154 887 2219 conditu}
921 2157 1177 2219 Singulari
1203 2171 1319 2220 pro-

258 2231 406 2297 digio,
431 2249 534 2299 quo
560 2241 768 2297 tempus
792 2232 912 2282 belli
936 2232 1317 2284 continebatur.

257 2310 613 2374 capiebantur
634 2310 863 2374 auspicia
903 2324 968 2359 ex
990 2310 1316 2360 victimarum

254 2387 380 2436 extis
404 2386 752 2452 potissimum.

311 2467 344 2513 9
377 2464 502 2522 Quoe
523 2465 656 2527 litae,
685 2462 795 2529 ξω]
845 2462 1091 2514 Rediisse
1131 2477 1313 2526 argen-

256 2547 404 2603 team,
440 2544 607 2593 immo
643 2555 854 2592 auream
890 2542 985 2592 sub
1007 2542 1315 2592 Domitiano

256 2623 472 2683 aetatem,
505 2619 707 2683 'palpat
741 2618 929 2670 Po'e‘ta.
997 2619 1146 2669 Citra
1189 2618 1317 2667 adu·

255 2692 494 2747 lationem
522 2696 854 2746 Domitianus
875 2710 1057 2760 pacem
1079 2710 1181 2745 non
1215 2694 1317 2745 fer·

257 2784 328 2834 ro,
362 2772 455 2823 sed
487 2787 627 2823 sauro
668 2773 892 2822 redemit
914 2788 945 2822 a
964 2771 1223 2833 barbaris,
1256 2780 1317 2822 ut

257 2855 395 2909 patet
426 2866 499 2901 ex
527 2850 804 2901 Theodosii
822 2850 1136 2914 fragmento.
1192 2847 1317 2899 Sen-⁴

257 2938 334 2973 sus
354 2933 465 2978 esta
513 2926 632 2977 Jam
658 2941 761 2977 non
785 2926 948 2988 ferro,
977 2927 1029 2976 id
1053 2934 1152 2991 est,
1171 2929 1316 2979 caede

256 3008 307 3051 et
326 3004 731 3068 sangnineopus
766 3020 882 3054 esse
918 3005 1187 3070 portendit
1209 3007 1317 3055 vic-

257 3077 393 3144 tima,
437 3093 582 3147 quae.
605 3095 704 3145 pro
725 3082 991 3145 ‘sanguine
1044 3091 1330 3146 argentum.

256 3152 439 3207 fundit.
508 3156 671 3220 Lim]
726 3158 848 3208 Non
891 3167 1088 3210 temere
1133 3176 1316 3225 argen-

260 3236 360 3283 tum
381 3233 448 3283 ab
474 3234 674 3284 anseris
719 3242 890 3284 rostro
920 3236 1135 3299 pendet.
1201 3237 1315 3287 Diis

258 3309 383 3359 enim
419 3319 640 3375 argento
683 3314 990 3377 quandoque.
1031 3312 1313 3364 faciebant.

259 3385 323 3437 Et
350 3388 713 3440 inamicorum
735 3390 955 3453 gratiam
977 3388 1122 3440 feriis
1144 3392 1316 3441 solen·

258 3462 417 3530 nibus,
455 3465 592 3530 Diis,
624 3465 812 3535 quibus
860 3467 938 3517 illi
976 3465 1088 3517 dies
1124 3470 1316 3519 sacrati

259 3549 418 3605 eraut,
461 3544 732 3607 pecuniam
768 3558 962 3595 meram
1004 3542 1314 3598 offerebant.

261 3615 453 3671 Herald.

317 3694 477 3746 Erre.
524 3709 703 3747 xxxv.
769 3702 795 3747 l
847 3697 993 3761 Idoei]
1049 3700 1315 3749 Cretensis

259 3773 528 3831 sepulchri.
592 3773 741 3825 Jovis
764 3774 898 3824 enim
915 3776 1313 3839 sepulchrumin

260 3842 424 3896 Gnoso
460 3849 635 3898 Cretae
674 3851 869 3914 oppido
903 3852 1227 3904 ostenditur:
1266 3855 1312 3903 si

264 3935 354 3985 qua
368 3923 472 3975 fide
491 3926 638 3991 digni
661 3927 862 3978 Cretes.
887 3928 993 3982 Sed
1014 3929 1133 3979 vide
1154 3931 1312 3981 Calli-

263 4001 486 4052 maehum
503 4004 699 4067 Hymn.
723 4006 791 4055 de
808 4006 961 4063 Jove,
973 4014 1028 4056 et
1052 4023 1168 4072 quae
1187 4008 1312 4058 doc-

262 4074 365 4130 tiss.
416 4079 673 4131 seldenus
717 4081 772 4129 in
808 4083 994 4132 Titulis
1033 4083 1310 4135 Honorum

264 4152 342 4204 lib.
368 4161 415 4206 1.
457 4172 573 4221 cap.
603 4162 653 4211 7,
709 4158 857 4207 Risit
890 4161 1135 4209 mendacia
1158 4161 1308 4225 busti]

262 4230 580 4299 Contempsit
614 4250 727 4299 prae
764 4236 959 4285 Flaviae
988 4238 1156 4300 gentis
1179 4245 1308 4287 tem-

263 4308 358 4373 plo,
383 4311 525 4376 ‚quod
545 4311 868 4377 Vespasiano
892 4314 1030 4378 patri
1055 4316 1311 4368 Domitia·

2297 387 2469 453 1333

1407 557 1502 592 nus
1519 543 1845 595 condiderat.
1874 545 2044 609 Supra
2066 546 2244 610 Epigr.
2269 551 2317 596 2.
2336 554 2394 598 et
2412 554 2464 598 4.

1425 642 1434 651 ·
1471 626 1503 670 2
1536 621 1669 685 Pota]
1703 622 1849 671 Coelo
1875 624 2112 673 aemulum
2132 625 2401 687 templum.

1468 702 1503 747 6
1535 698 1682 761 Pius]
1726 700 1864 751 Quia
1885 701 2180 750 Mercurius
2218 701 2388 751 cultus
2405 708 2467 753 ⁴et

1404 787 1554 823 sacra
1576 774 1822 836 instituit,
1841 775 2177 841 hominesque
2203 776 2268 825 ad
2294 777 2471 827 huma-

1402 849 1600 901 niorem
1640 851 1800 901 vitam
1842 853 2121 904 revocavit.
2185 854 2322 903 Vide
2358 853 2469 903 Ho-

1402 927 1614 978 rat-lib:
1638 932 1686 978 1.
1708 928 1881 978 Carm.
1899 928 2003 979 Od.
2029 934 2105 981 10.
2144 974 2147 983 ,
2170 933 2322 981 Arcus
2333 929 2464 994 erut]

1402 1003 1699 1055 Mercurius
1743 1007 1794 1056 iu
1834 1008 2048 1071 Cyllene
2085 1016 2262 1058 monte
2304 1006 2469 1059 Arca-

1401 1081 1502 1131 diae
1520 1089 1690 1133 natus.
2240 1124 2245 1129 .

1464 1162 1497 1206 7
1535 1159 1762 1224 cnossia]
1809 1160 2084 1209 Tumulum
2120 1160 2241 1210 mihi
2283 1175 2372 1211 vos
2408 1161 2463 1211 in

1402 1232 1564 1284 Creta
1581 1234 1881 1285 condidistis
1899 1243 2118 1300 mortue,
2134 1237 2226 1287 sed
2252 1253 2355 1288 non
2376 1253 2465 1288 au-

1398 1318 1604 1375 gustum
1623 1320 1680 1361 et
1695 1312 2037 1376 magnificum.
2325 1356 2329 1361 .

1464 1394 1497 1439 8
1533 1389 1728 1439 Cernite
1766 1405 1902 1454 quom
1939 1391 2063 1454 plus,
2101 1392 2211 1456 ξω]
2264 1392 2463 1442 Videte

1397 1480 1552 1531 quam
1574 1466 1750 1516 nobile
1783 1468 2034 1531 templum
2070 1469 2207 1532 patri
2236 1483 2329 1518 suo
2351 1470 2462 1518 Do-

1395 1541 1640 1593 mitianus
1681 1541 2040 1605 aedificaverit‚
2074 1544 2210 1608 quod
2247 1553 2464 1609 superat

1395 1618 1525 1668 illud
1563 1627 1951 1671 monumentum
1992 1636 2022 1670 a
2059 1621 2348 1671 vobis'mihi
2370 1637 2461 1671 ex-

1397 1700 1659 1744 tructum:
1685 1696 1937 1759 praestitit
1955 1694 2118 1746 fuisse
2139 1710 2221 1745 me
2238 1697 2463 1747 Caesaris

1397 1776 1620 1836 patrem,
1637 1785 1790 1836 quam
1813 1778 2059 1823 vestrum.
2522 1770 2525 1777 “

1451 1848 1614 1898 Eme.
1635 1861 1835 1899 xxxvr.
1853 1849 1988 1901 Vide
2004 1848 2127 1898 mihi
2138 1849 2460 1914 Theophras-

1398 1922 1439 1971 ti
1460 1923 1810 1979 characterem
1826 1922 1928 1990 περὶ
1948 1922 2222 1986 moram.

1460 2004 1490 2049 3
1525 2001 1656 2068 Scis]
1693 2002 1845 2054 Quod
1869 2003 2107 2052 universe
2124 2003 2333 2053 ,dixerat
2352 2013 2475 2054 moi.

1395 2091 1452 2126 re
1483 2092 1596 2141 suo,
1617 2080 1881 2143 speciatim
1907 2094 2004 2143 per
2025 2087 2204 2143 partes
2227 2081 2462 2144 exponit.

1393 2153 1619 2220 Arsacia]
1674 2155 1936 2208 Parthica.
1956 2156 2284 2206 Parthorum
2307 2170 2461 2220 reges

1395 2229 1460 2280 ab
1490 2230 1708 2294 Arsace,
1729 2233 1918 2283 deinde
1955 2234 2176 2284 Arsaces
2199 2234 2358 2283 dictis
2397 2240 2460 2284 ut

1394 2307 1622 2370 Pontici,
1656 2309 2018 2370 Mithridates;
2057 2309 2309 2374 AEgyptii,
2330 2309 2458 2359 Pto-

1391 2384 1597 2445 lemaei-3
1632 2383 1883 2447 Armenii,
1914 2387 2203 2449 Tigranes;
2232 2386 2460 2443 ,Romani

1388 2460 1526 2525 Imp.
1545 2462 1801 2521 Caesares,
1819 2466 1916 2513 διο.
1973 2462 2213 2526 Pacorus]
2238 2463 2460 2513 Partho·

1389 2553 1503 2587 rum
1527 2554 1637 2589 rex.
1794 2587 1798 2592 .
2196 2603 2201 2606 Δ

1453 2620 1487 2667 4
1521 2616 1800 2667 Rhenanam
1839 2632 2075 2679 numerus,
2117 2617 2226 2680 ξω]
2276 2616 2455 2679 Fingis

1391 2700 1445 2744 te
1470 2691 1668 2745 referre
1703 2708 1856 2759 posse
1889 2695 2152 2757 copiarum
2189 2693 2458 2743 Germani·

1391 2785 1570 2822 carum
1590 2779 1644 2821 et
1666 2772 1888 2822 Sarmat.
1908 2785 2193 2832 numerum.

1454 2855 1483 2899 5
1527 2849 1651 2900 Dues'
1664 2849 1870 2913 chartis]
1903 2850 2162 2900 Gruterus
2179 2846 2454 2913 legendum

1391 2936 1590 2989 censet,
1612 2928 1740 2977 Daci
1765 2926 1927 2980 cattis
1944 2929 2169 2977 mandatu
2183 2941 2200 2975 .-
2236 2932 2292 2975 ut
2308 2923 2457 2973 nimi-

1390 3018 1503 3054 rum
1545 3006 1724 3067 Dacus
1748 3004 2034 3068 Cattusque
2071 3003 2265 3064 litteris
2290 3002 2457 3058 tinter-

1388 3080 1586 3129 nuntiis
1607 3078 1870 3144 fingantur
1892 3073 2164 3130 consulere
2194 3073 2262 3129 de
2301 3077 2455 3134 rebus

1387 3156 1752 3220 spectantibus
1791 3156 1855 3206 ad
1898 3156 2090 3206 bellum
2137 3162 2323 3206 contra
2356 3154 2458 3207 Ro·
2500 3165 2505 3166 ⁷

1387 3247 1593 3286 manos=
1628 3247 1695 3282 an
1725 3234 1829 3284 loci
1851 3234 2178 3288 intervallum
2203 3234 2306 3283 tale
2331 3232 2457 3297 quid

1389 3310 1679 3373 admiserit,
1715 3309 2076 3376 dijudicabunt
2115 3310 2211 3373 illi,
2266 3310 2454 3375 quibus

1387 3388 1551 3438 otium
1574 3394 1656 3436 est
1676 3387 1955 3451 inquirere.
2010 3386 2272 3449 Resignas]
2312 3385 2458 3449 Ape-

1388 3465 1483 3527 ris‚
1506 3473 1568 3514 ac
1587 3465 1629 3516 si
1650 3472 1910 3515 tunosses
1928 3471 2130 3514 secreta
2151 3479 2349 3527 regum,
2372 3479 2456 3514 ac-

1387 3542 1559 3605 ceptis
1579 3541 1958 3607 resignatisque
1980 3542 2232 3592 literissab
2253 3542 2372 3591 illis.

1452 3623 1485 3669 6
1525 3617 1797 3681 Victricem,
1827 3620 1937 3683 ζα]
1989 3617 2305 3667 ASarmatis
2326 3617 2464 3666 tela·-

1388 3704 1515 3747 tam.
1551 3694 1736 3758 Epigr.
1764 3700 1845 3750 15.
1863 3695 1950 3745 lib.
1976 3698 2026 3744 8.
2049 3708 2183 3744 vers.
2205 3698 2256 3743 6.

1450 3776 1481 3821 7
1518 3771 1647 3836 Scis,
1666 3772 1773 3835 ξω]
1825 3773 1902 3820 Tu
1932 3772 2042 3824 ‚scis
2075 3770 2278 3835 quoties
2304 3770 2456 3832 pluat

1385 3848 1437 3897 in
1462 3849 1728 3913 4ΙΕςγρῖο,
1772 3848 1911 3912 quod
1959 3860 2191 3911 perraro.
2271 3846 2455 3895 Phario

1383 3926 1598 3987 madeat]
1630 3926 1897 3989 AEgyptia,
1913 3940 1944 3972 a
1962 3924 2137 3973 Pharo
2158 3924 2343 3975 insula.
2365 3922 2456 3973 In·

1385 4000 1468 4051 fra
1489 4002 1673 4065 Epigr.
1690 4005 1773 4052 41.
1797 4016 1932 4052 vers.
1955 4006 2003 4051 2.
2064 4000 2211 4065 Jove]
2246 4000 2456 4065 Pluvia,

1384 4078 1569 4129 imbre.
1633 4078 1843 4142 Jupiter
1863 4078 1997 4128 enim
2022 4077 2190 4127 media
2214 4078 2351 4129 aeris
2372 4093 2454 4129 re·

1383 4145 1489 4220 ¹gio,
1517 4156 1622 4205 ima
1654 4157 1821 4216 Luna,
1850 4170 2048 4205 summa
2081 4156 2340 4217 Minerva,
2363 4158 2455 4223 qui

1384 4236 1557 4297 magni
1578 4234 1697 4284 hinc
1721 4234 1831 4283 Dii.
1899 4234 2055 4285 Fuscoe
2075 4234 2252 4300 Syene]
2288 4236 2453 4300 Cujus

1385 4313 1573 4370 incolae
1626 4329 1658 4364 a
1707 4312 1825 4363 Sole
1880 4313 2195 4372 colorantur.
2282 4313 2452 4380 syene
