2985 4937
425 427 605 495 1286

491 591 524 636 2
559 585 911 651 Potentiorum]
945 588 1200 641 Divitnm.

445 708 448 713 .
493 668 526 713 6
560 665 826 725 Etsnnas,
868 668 972 732 &sc-J
1010 668 1204 719 Quales
1245 668 1494 732 imposto-

430 756 541 791 rum
565 742 887 806 quorundam
910 753 1032 795 sunt
1053 753 1194 797 artes
1219 753 1275 796 et
1296 747 1495 796 mendi-

431 834 629 870 corum.

441 910 449 921 ·
494 900 525 945 8
564 897 826 961 Quantum,
848 899 954 962 ξω]
990 899 1229 951 Ironice:
1264 908 1321 951 ut
1345 901 1432 951 lib.
1448 907 1497 950 5.

431 975 613 1039 Epigr.
638 979 720 1024 21.
746 990 879 1026 vers.
901 981 951 1027 8.

494 1054 529 1099 9
561 1051 705 1100 Desit
734 1052 947 1116 fingere,
984 1054 1088 1118 ξω]
1127 1055 1321 1106 Veram
1359 1056 1502 1107 enim

431 1128 596 1178 habet
620 1130 805 1193 podag.

499 1207 658 1255 Eme.
678 1219 766 1256 ιι..
795 1226 800 1235 ·
835 1212 861 1256 l
887 1207 978 1257 Ille
991 1224 1154 1274 senex,
1174 1212 1284 1276 ξω]
1319 1212 1503 1262 Etrus-

433 1297 544 1334 cus.
610 1283 746 1332 Vide
765 1285 945 1350 Epigr.
968 1289 1051 1337 83.
1076 1290 1166 1339 lib.
1191 1295 1242 1339 6.

498 1368 532 1412 2
567 1364 681 1412 Non
713 1363 881 1414 humili
918 1368 1291 1431 pussusJPorti
1315 1368 1507 1419 animo-'-

441 1440 700 1503 Utrumque
737 1441 918 1505 Deum]
964 1445 1253 1495 Domitiani
1290 1445 1503 1495 Domini

434 1516 497 1565 a'c
524 1518 627 1565 Dei
651 1519 867 1580 gratiam
896 1527 950 1568 et
985 1521 1145 1570 iram:
1183 1522 1323 1571 dicto
1347 1521 1503 1585 Epig.

434 1596 512 1642 83.
557 1592 649 1644 lib.
685 1598 736 1644 6.
775 1594 978 1647 Domit.
1009 1598 1200 1649 iratum
1236 1604 1292 1649 et
1323 1599 1503 1663 *placa-

436 1679 567 1722 tum.

498 1754 530 1798 8
554 1751 814 1816 Natorum]
833 1753 1193 1818 Geminorum,
1213 1755 1300 1820 qui
1318 1757 1504 1805 eodem

435 1840 552 1875 cum
577 1834 762 1889 matre,
784 1844 898 1893 quae
920 1829 1049 1880 flore
1072 1832 1246 1881 vetatis
1270 1833 1509 1884 extincta

437 1908 536 1964 est,
577 1905 855 1967 sepulchro
901 1914 1101 1970 patrem
1143 1907 1505 1958 condiderunt.

437 1980 571 2029 Tum
594 1980 728 2030 filius
750 1983 1026 2033 Etruscum
1060 1992 1266 2048 patrem
1297 1986 1508 2036 damna·

435 2060 546 2103 tum
570 2062 626 2105 et
649 2056 702 2105 in
726 2057 935 2108 exilium
957 2058 1183 2123 ejectum
1204 2069 1390 2126 sponte
1422 2077 1509 2112 co-

437 2130 651 2179 mitatus
668 2138 767 2195 est,
782 2148 882 2183 nec
893 2142 1052 2185 antea
1068 2136 1275 2186 destitit
1286 2135 1509 2203 fatigare

439 2207 682 2269 precibus
709 2210 1090 2275 Domitianum,
1127 2216 1282 2278 quam
1324 2229 1508 2278 pacem

438 2286 516 2334 iiii
561 2285 888 2352 reditumque
930 2288 1257 2353 impetraret.
1331 2292 1509 2353 cnjun-

435 2361 540 2426 gis]
598 2363 833 2414 Etruscae
855 2381 870 2426 3
919 2379 950 2413 a
994 2381 1117 2431 qua,
1156 2381 1352 2417 summo
1393 2369 1511 2418 loco

439 2448 582 2502 nata,
605 2440 857 2492 Etruscus
889 2443 1106 2504 maritus
1129 2451 1186 2495 et
1203 2443 1298 2495 filii
1321 2460 1510 2497 nomen

440 2530 717 2581 accepere.

505 2599 538 2644 6
576 2595 666 2643 Ter
682 2610 837 2660 senas,
861 2598 966 2662 ξα]
1003 2599 1306 2666 Nonaginta
1327 2617 1515 2666 annos,

440 2671 484 2721 si
509 2671 718 2735 poetice
740 2674 1059 2739 Olympiada
1098 2692 1193 2742 pro
1226 2680 1388 2731 lustro
1427 2696 1510 2730 su·

442 2763 660 2801 mamus.

505 2829 537 2874 7
573 2824 1072 2893 Sedsestinatis,&c.]
1107 2832 1275 2884 Quem
1289 2833 1403 2896 jam
1421 2848 1515 2883 no·

441 2905 796 2968 uageuarium,
817 2906 930 2956 fato
957 2914 1161 2958 maturo
1185 2908 1515 2973 defunctum,

442 2977 661 3029 deflevit
680 2982 822 3043 prius
844 2981 999 3046 filius,
1014 2985 1232 3046 perinde
1254 3001 1316 3036 ac
1338 2987 1516 3036 imma·

444 3061 561 3104 turo
587 3053 698 3105 fato
722 3065 1061 3121 praereptum.

514 3132 673 3182 Erre.
714 3146 842 3184 xta..
894 3136 1257 3199 Sempronium
1282 3147 1518 3193 tam-ma·

444 3209 550 3258 lum
583 3209 748 3259 videri
774 3225 947 3273 posse,
981 3227 1136 3277 quam
1161 3215 1352 3267 bonum
1372 3219 1519 3272 dicit.-

447 3286 814 3338 Mundanusne
835 3289 1166 3341 Socraticus?
1202 3308 1265 3342 an
1283 3303 1518 3361 ornatus,

444 3363 660 3425 nitidus,
684 3380 773 3414 seu
798 3366 992 3416 comis?
1027 3383 1090 3417 au
1129 3368 1522 3436 forte-unguen-

448 3441 515 3489 tis
532 3440 832 3492 delibutus?
866 3458 1087 3510 namque
1121 3454 1177 3497 et
1210 3449 1323 3499 haec
1348 3453 1541 3502 omnia*

445 3517 617 3566 media
656 3523 713 3567 et
754 3517 983 3584 ἀδιάφορα
1016 3530 1156 3574 sunt.
1222 3525 1359 3576 Vide
1388 3529 1521 3578 Tur·

448 3594 567 3643 neb.
591 3593 680 3644 lib.
705 3600 786 3645 26.
812 3612 859 3647 c.
882 3602 965 3647 24.

514 3674 678 3722 Eme.
716 3687 854 3724 xnu.
920 3674 1007 3725 Ab
1045 3678 1250 3742 opibus,
1290 3681 1522 3733 liberali·

449 3755 579 3810 tate,
604 3750 898 3801 eruditione
920 3753 1102 3804 laudat
1120 3756 1439 3821 Castricum3
1462 3775 1520 3810 se

447 3835 717 3891 extenuat,
735 3838 965 3894 accusat,
985 3842 1223 3886 excusat.

383 3905 398 3908 ἡ
514 3906 1050 3973 1.Μτιηει·ἰὺιωοεφὶαι,
1070 3910 1179 3974 εμπ]
1213 3913 1346 3963 Cum
1370 3929 1521 3979 aeque

449 3979 642 4027 nobilis
666 3981 735 4029 sis
767 3982 953 4045 Poeta,
976 3999 1036 4034 ac
1060 3986 1333 4037 munificus
1357 3985 1522 4041 dives.

516 4059 546 4103 3
583 4056 711 4120 Nos]
731 4058 877 4121 Ego.
937 4060 1166 4126 Vincique
1182 4065 1369 4129 parati]
1391 4066 1523 4132 Opi·

449 4132 546 4180 bus
569 4138 622 4181 et
642 4134 972 4187 carminibus.

516 4213 550 4258 6
567 4210 919 4275 -Alciuoo‚81·c.]
943 4214 1016 4263 Ut
1031 4214 1316 4267 *Phaeacum
1344 4219 1417 4269 iiii
1443 4235 1526 4270 re-

371 4301 374 4306 ·
455 4287 530 4350 gi,
553 4287 636 4336 cui
660 4289 1008 4350 suppetebant
1026 4305 1176 4356 poma
1193 4296 1527 4359 nobilissima,

455 4364 639 4429 aliquis
664 4361 803 4412 forte
822 4367 1019 4417 muneri
1037 4368 1228 4420 obtulit
1244 4371 1412 4422 minus
1436 4388 1528 4440 no3

1141 445 1355 494 Nox-tr.
1405 442 1805 499 vunonem
1862 420 1942 499 ns

1570 591 1725 642 bilia:
1763 595 1835 644 ita
1859 608 1958 658 ego
1982 593 2083 646 tibi
2100 596 2231 661 mala
2255 609 2368 646 mea
2390 597 2641 648 carmina.

1634 671 1797 720 Eme.
1822 682 1997 722 xuu.
2022 672 2135 722 Aut
2158 672 2406 739 dandum,
2426 683 2516 725 aut
2533 676 2649 725 cito.

1571 744 1883 809 negandum.

1588 848 1595 851 -
1635 827 1667 872 2
1708 823 1774 871 Ut
1804 823 1920 887 cito,
1956 823 2064 889 mu]
2115 826 2253 876 Vide
2291 827 2447 893 Epig.
2482 832 2564 879 20.
2588 835 2645 878 et

1573 903 1659 949 30.
1684 900 1774 950 iib.
1797 904 1849 950 6.

1622 977 1785 1027 Eme.
1809 989 1960 1028 xnus.
1997 978 2260 1028 Maximus
2280 980 2649 1041 Caesonus,vir.

1574 1055 1876 1116 consularis,
1933 1071 1966 1104 a
2007 1056 2216 1105 Nerone
2262 1057 2538 1106 damnatus
2589 1057 2643 1104 in

1574 1130 1938 1194 conjuratione
1991 1130 2271 1181 Pisoniana
2327 1132 2401 1179 in*
2431 1131 2644 1179 exilium

1576 1205 1781 1267 missus,
1803 1206 2051 1256 comitem
2090 1207 2439 1257 voluntarium
2462 1207 2647 1256 babuit

1578 1282 1646 1334 Q.
1690 1282 1954 1344 Ovidium,
1989 1284 2076 1349 qui
2100 1298 2400 1348 expressam
2425 1285 2647 1335 Caesonii

1578 1366 1762 1422 postea
1803 1360 1996 1409 mortui
2048 1360 2326 1425 imaginem
2372 1363 2651 1421 servabat;
2732 1408 2737 1414 ,

1580 1436 1645 1485 ad
1699 1451 1851 1501 quam
1896 1437 1994 1487 hoc
2049 1438 2384 1502 Epigramma
2436 1439 2687 1503 scripsit«

1581 1511 1766 1561 Poeta.
1801 1513 1930 1561 Rea.

1589 1618 1597 1626 -
1648 1593 1671 1638 l
1696 1589 2117 1655 *Maximuer-c]
2155 1591 2288 1641 Hoec
2326 1600 2428 1653 est,
2451 1590 2655 1657 effigies

1500 1702 1507 1709 .
1580 1665 1633 1715 in
1657 1680 1779 1716 cera
1797 1666 1858 1716 ad
1885 1669 2057 1718 vivum
2081 1684 2334 1732 expressa
2367 1671 2516 1720 Max.
2542 1672 2659 1720 Cae-

1581 1743 1734 1803 senii,
1768 1758 1923 1809 quem
1956 1760 1986 1793 a
2023 1745 2237 1794 Nerone
2277 1747 2577 1797 damnatum
2602 1747 2660 1795 in

1582 1822 1940 1884 conjuratione
1955 1806 2254 1884 Pisoniana,
2266 1825 2436 1873 Tacit.
2450 1828 2532 1874 15.
2551 1824 2662 1875 Au-

1583 1899 1686 1948 nal.
1710 1904 1788 1962 tu,
1821 1898 2001 1961 Ovidi,
2037 1900 2091 1948 in
2124 1901 2335 1949 exiiiuui
2372 1902 2662 1952 comitatus

1584 1991 1640 2026 es
1657 1991 1752 2040 per
1767 1991 1907 2027 mare
1923 1978 2152 2027 Siculum
2170 1979 2218 2027 in
2235 1978 2470 2028 Siciliam
2483 1982 2567 2029 vei
2588 1980 2664 2029 A·

1587 2053 1793 2119 fricam,
1810 2057 1895 2106 cui
1919 2057 2070 2107 modo
2086 2057 2390 2123 praefuerat.
2428 2060 2667 2108 Procon-

1583 2133 1680 2182 suli
1695 2140 1748 2184 te
1766 2134 2008 2184 comitem
2033 2135 2285 2199 negabas,
2302 2136 2442 2185 exuli
2467 2134 2665 2186 offere-

1587 2210 1699 2260 bas.

1649 2293 1682 2338 2
1723 2288 1894 2339 Vivida
1914 2288 2047 2353 cera]
2080 2289 2306 2341 Quaead
2329 2304 2673 2355 unguem-re-

1574 2362 1692 2417 ‚fert
1736 2365 2051 2416 Caesonium.
2092 2365 2204 2415 'Ita
2239 2368 2377 2416 enim
2420 2376 2669 2419 mortuos

1587 2441 1826 2493 solebant
1845 2445 1993 2509 quasi
2013 2443 2062 2492 in
2088 2444 2247 2494 vitam
2273 2458 2542 2495 revocare.

1650 2525 1680 2570 8
1716 2521 1811 2571 Sed
1829 2523 2019 2587 tu‚‹3·c.]
2052 2524 2295 2588 Iniquum
2308 2522 2470 2573 fuisse
2490 2525 2543 2574 N
2549 2539 2674 2575 ero-

1586 2597 1664 2647 nis
1695 2596 1955 2661 judicium
1994 2600 2266 2663 arguebas,
2301 2608 2495 2665 sponte
2536 2617 2673 2652 exu-

1585 2674 1687 2723 lem
1707 2674 1817 2736 ejus
1835 2680 2101 2740 sequutus.

1650 2757 1680 2799 5
1704 2751 1920 2814 AEquom
1938 2766 2025 2814 per
2045 2751 2242 2819 Scyllae]
2280 2753 2343 2803 In
2364 2754 2675 2807 Sardiniam

1586 2835 1678 2878 aut
1694 2828 1922 2877 Siciliam
1947 2829 2119 2893 ejecti.

1651 2910 1683 2955 7
1717 2904 1775 2954 Si
1812 2905 2019 2967 victura,
2056 2907 2165 2971 ξω]
2215 2908 2271 2960 Si
2306 2908 2467 2959 vitale
2504 2906 2677 2962 fuerit

1588 2981 1687 3030 boc
1710 2995 1922 3030 carmen
1956 2995 2147 3043 meum,
2185 2983 2355 3034 scient
2380 2985 2507 3035 inde
2532 3002 2675 3051 prae-

1589 3066 1764 3106 sentes
1786 3064 1842 3107 et
1869 3058 2087 3121 posteri,
2111 3057 2359 3108 Ovidium
2377 3060 2430 3110 id
2458 3067 2679 3127 praesti-

1589 3134 1716 3184 tisse
1749 3134 2011 3197 Caesonio,
2042 3135 2183 3198 quod
2215 3137 2488 3187 Caesouins
2526 3142 2678 3203 prius

1593 3210 1794 3260 Annaeo
1830 3211 1953 3261 Seu.
1991 3226 2023 3260 a
2054 3211 2272 3263 Claudio
2304 3215 2369 3263 in.
2390 3215 2678 3270 Corsicam

1593 3287 1844 3350 relegato.
2438 3318 2447 3325 ·
2520 3301 2525 3306 ·

1658 3364 1821 3413 Eme.
1848 3375 1981 3414 xm'.
2046 3362 2220 3413 Ovidii
2244 3363 2491 3418 fidemet
2506 3372 2682 3421 chari-

1593 3447 1757 3491 tatem
1797 3440 1848 3486 in
1874 3439 2180 3494 ,Caesonium
2208 3444 2488 3506 anteponit
2515 3447 2683 3511 Pyla-

1594 3517 1676 3566 dis
1696 3514 1888 3577 officio,
1911 3514 2157 3565 Orestem
2178 3519 2504 3572 comitantis.

1660 3598 1686 3642 1
1725 3592 1963 3654 Facundi,
1977 3591 2082 3655 ξω]
2101 3594 2349 3657 Ejusdem
2370 3603 2684 3660 argumenti

1595 3686 1712 3721 cum
1734 3669 2058 3734 precedenti
2082 3672 2347 3736 Epigram.

1657 3751 1689 3796 2
1727 3746 2124 3812 cm....Seren0]
2189 3750 2373 3814 Carus,
2417 3753 2687 3823 Serenus,

1596 3822 1862 3880 Caesonius
1883 3821 2162 3885 Maximus,
2184 3830 2241 3886 ut
2257 3826 2444 3891 1Epigr.
2472 3846 2684 3895 praece.

1595 3898 1758 3958 denti,
1789 3906 1845 3948 et
1869 3900 2273 3964 SenecaEpist.
2306 3906 2389 3953 87.
2445 3909 2681 3961 Senecae

1597 3975 1892 4028 amicissimi
1915 3983 2081 4027 erant.

1661 4059 1692 4104 3
1716 4055 1883 4111 ,Quem
1893 4052 2159 4118 frequenti,
2179 4055 2288 4119 εμπ]
2321 4055 2403 4107 Ad
2419 4074 2587 4125 quem
2604 4070 2684 4115 to·

1596 4131 1696 4181 ties
1719 4131 1929 4194 scripsit
1951 4131 2167 4182 Seneca.

1662 4212 1693 4257 7
1735 4207 1959 4271 Domini]
1992 4207 2238 4257 Neronis.

1665 4289 1699 4336 ο
1735 4286 1887 4339 Euan·
1917 4284 2157 4350 parentis]
2188 4286 2392 4352 Oresti,
2422 4302 2535 4342 uon
2570 4295 2686 4360 qui-

1602 4360 1719 4411 dem
1743 4375 1776 4410 a
1796 4368 1964 4412 matre
1982 4360 2034 4411 in
2051 4360 2261 4412 exilium
2286 4364 2464 4430 misso,
2491 4371 2592 4421 sed
2616 4372 2685 4421 ab
