2985 4937
559 413 732 481 1332

622 578 655 622 ο
683 574 804 630 Qua
826 571 986 634 turba,
1006 568 1113 635 ξω]
1147 568 1304 621 Isidis
1321 569 1620 620 sacerdotes

557 651 767 700 invento
814 649 973 699 Osiri.
1038 648 1309 700 Juvenalis
1356 648 1533 710 Satyr.
1571 651 1620 697 8.

556 742 689 778 vers.
710 732 790 779 28.
816 729 897 778 vel
921 728 1121 791 impura
1148 725 1299 775 turba
1317 738 1432 789 quae
1454 723 1508 773 in
1531 724 1621 774 Se-

555 805 750 870 rapidis
773 805 932 856 sacris
955 802 1248 854 solennibus
1265 801 1331 851 ad
1354 802 1620 864 Canopum

556 895 654 946 per
672 880 860 931 fossam
886 895 952 930 ex
971 878 1285 930 Alexandria
1299 876 1623 927 descendunt

553 958 610 1006 in
631 958 882 1008 naviculis
897 963 1184 1019 cantantes,
1202 953 1502 1016 frementes,
1523 957 1620 1004 διο.

558 1033 734 1084 Strab.
757 1034 850 1084 lib.
875 1038 956 1083 17.

619 1118 652 1165 7
680 1114 876 1163 Cirrata
887 1119 1076 1163 caterva
1090 1110 1334 1174 magistri]
1352 1109 1510 1160 Pueri
1521 1108 1621 1160 cir-

557 1191 659 1240 rati
686 1191 740 1240 in
770 1191 973 1247 scholis.
1008 1190 1159 1239 Pers.
1190 1189 1380 1254 Satyr:
1403 1193 1450 1239 1.
1481 1202 1619 1239 vers.

555 1270 639 1317 29.

620 1346 652 1406 8
685 1341 981 1406 Strymonio,
1018 1341 1123 1406 ξω]
1155 1341 1424 1404 ·Gruibus,
1461 1341 1623 1391 immi-

554 1426 715 1469 neme
739 1425 1072 1481 tempestate,
1095 1419 1177 1468 vel
1205 1420 1413 1480 hyeme,
1435 1432 1623 1481 magno

555 1508 671 1544 cum
706 1494 951 1558 clangore
975 1511 1004 1545 e
1021 1495 1267 1558 Thracia,
1306 1496 1453 1560 cujus
1473 1495 1620 1560 Stry·

554 1588 677 1623 mon
700 1581 781 1622 est
803 1571 925 1623 fluv.
950 1573 1331 1626 advolantibus.

620 1654 653 1699 9
690 1650 810 1707 Quoe
841 1650 986 1714 nuuc]
1034 1651 1167 1702 Quae.
1191 1651 1301 1713 jam
1342 1665 1469 1715 saga
1501 1655 1622 1715 post

553 1735 773 1777 mortem
790 1727 1095 1777 Philaenidis
1119 1727 1343 1789 turbine,
1363 1727 1622 1792 vertigine

551 1804 771 1868 magica,
792 1808 884 1854 seu
904 1804 1130 1868 girgillo,
1166 1803 1249 1852 cui
1285 1802 1622 1854 involvebant

552 1881 695 1930 filum
730 1895 831 1944 quo
852 1882 1022 1929 lunam
1047 1880 1280 1945 torqueri
1314 1879 1623 1946 credebant,

554 1958 852 2008 deducere?
886 1959 949 2008 Id
970 1967 1071 2020 est,
1094 1972 1207 2022 quae
1228 1959 1338 2020 jam
1356 1973 1511 2023 maga
1531 1975 1620 2009 ex-

554 2036 789 2091 cantabit
818 2037 1030 2084 lunam?
1087 2036 1173 2084 De
1196 2050 1297 2100 qua
1335 2051 1393 2086 re
1428 2045 1484 2086 et
1506 2038 1618 2101 opi-

554 2111 712 2159 nione
746 2111 865 2161 vide
903 2126 1017 2176 quae
1055 2112 1283 2162 Farnab.
1317 2113 1380 2162 ad
1403 2114 1617 2164 Senecae

554 2186 835 2251 Hippolyt.
859 2201 989 2237 vers.
1012 2192 1126 2238 420.
1163 2214 1166 2219 ·
1193 2190 1478 2253 Thessalico,
1513 2192 1621 2256 ξω]

549 2261 815 2313 Thessalia
836 2264 957 2314 olim
989 2264 1422 2319 incantationibus
1454 2276 1619 2318 etve-

553 2338 754 2390 neficiis
767 2339 981 2392 famosa.
1008 2342 1193 2392 Lunam
1203 2344 1449 2408 deducere]
1467 2346 1619 2397 Quod

555 2424 664 2466 tum
707 2418 1008 2470 credebant·
1036 2420 1167 2486 fieri,
1197 2436 1352 2486 quum
1395 2421 1618 2487 objectis

552 2496 749 2546 umbris
768 2512 881 2547 eam
912 2499 1159 2549 videbant
1190 2499 1447 2552 deficere:
1479 2501 1619 2567 quod

554 2587 673 2622 cnm
694 2574 865 2635 fieret,
886 2575 1167 2637 pulsabant
1179 2592 1302 2638 aera,
1325 2578 1460 2643 quod
1486 2578 1637 2627 anti-1

552 2650 732 2700 dotum
752 2652 980 2701 habuere
994 2647 1183 2703 *contra
1200 2663 1339 2703 artes
1362 2668 1621 2718 sagarum.

552 2726 788 2789 Rhonrbo]
832 2728 1095 2778 Rhombus
1127 2737 1208 2779 est
1232 2731 1433 2794 vertigo
1455 2732 1617 2796 magi·

507 2843 510 2846 ,
551 2817 630 2864 ca,
652 2818 805 2868 quam
831 2805 1090 2856 turbinem
1117 2807 1370 2857 Horatius
1404 2809 1456 2858 in
1481 2811 1618 2874 Epo-

552 2878 633 2929 dis
691 2882 936 2945 appellat.
1004 2883 1191 2931 Rotam
1250 2882 1471 2934 ferream
1524 2900 1617 2935 seu

553 2969 743 3006 aeream
788 2956 1120 3021 dicunt‚*cui'
1157 2959 1246 3009 fila
1279 2967 1334 3010 et
1375 2963 1617 3026 stamina,

551 3033 740 3097 quibus
784 3049 840 3085 se
885 3038 1024 3085 viros
1064 3036 1266 3099 illigare
1312 3037 1619 3102 credebant,

551 3123 688 3173 sagae
706 3110 1038 3175 torquebant,
1049 3112 1124 3161 uti
1141 3113 1465 3177 Propertius,
1482 3115 1617 3168 The-

548 3186 765 3250 ocritus‚
787 3187 1047 3252 etvirgil.
1067 3187 1279 3239 docent.
1331 3212 1334 3218 r
1367 3195 1374 3204 ’

617 3261 932 3313 lii-«Vendere
967 3263 1099 3328 lena]
1168 3266 1332 3327 Lena,
1375 3267 1618 3317 concilia-

547 3335 655 3386 trix
678 3352 927 3403 amorum,
968 3355 1086 3405 quae
1108 3340 1247 3405 turpi
1279 3354 1345 3390 ex
1368 3356 1443 3401 re,
1477 3358 1618 3407 quae-

549 3411 686 3464 stum
709 3416 878 3466 alieno
900 3417 1054 3468 etiam
1079 3432 1298 3482 corpore
1320 3417 1467 3471 facit.

616 3495 676 3540 11
711 3490 793 3541 Sit
830 3492 921 3543 tibi
950 3499 1080 3543 terra
1112 3494 1250 3558 levis]
1315 3496 1452 3545 Vide
1487 3496 1613 3561 Epi-

550 3580 711 3632 gram.
731 3572 814 3620 89.
837 3570 927 3620 lib.
954 3575 998 3621 1.
1020 3586 1156 3621 vers.
1175 3575 1225 3621 2.
1264 3573 1413 3637 cujus
1433 3588 1614 3637 preca-

547 3646 705 3708 tionis
726 3645 998 3698 formulam
1019 3650 1232 3699 invertit
1264 3649 1436 3700 Poeta
1457 3666 1613 3702 versu

550 3738 662 3790 seq.
695 3724 893 3789 dicens,
939 3726 1021 3776 Sit
1041 3727 1139 3776 tibi
1176 3734 1442 3778 terra-tam
1464 3730 1614 3792 levis,

544 3808 609 3852 ut
627 3817 744 3853 ossa
779 3809 870 3853 tua
894 3819 925 3853 a
947 3804 1163 3854 canibus
1201 3802 1388 3854 effossa
1425 3806 1612 3855 rodan-

546 3883 653 3929 tur.
706 3879 796 3929 Sic
820 3879 1146 3945 Ammianus,
1164 3880 1250 3940 Εἵη
1270 3896 1348 3929 σοι
1364 3881 1489 3931 κατὰ
1507 3883 1615 3946 γῆς,

545 3956 647 4004 ὅτε.
681 3954 965 4020 Antbolog.

609 4032 769 4081 Erro.
808 4045 973 4087 xxxi.
1027 4032 1245 4085 Antistii
1286 4034 1490 4085 Rustici
1535 4044 1614 4087 tu·

543 4108 734 4168 mulus,
746 4114 803 4158 et
823 4109 995 4173 pietas
1016 4110 1256 4174 Nigrinae
1279 4111 1612 4162 describitur.

521 4225 530 4240 f
563 4225 574 4240 ,,
609 4188 639 4233 1
677 4185 1023 4252 Cappadocum,
1061 4188 1170 4253 ξω]
1223 4189 1489 4254 Epigram.
1527 4193 1610 4240 8⁵.

543 4258 637 4311 lib·
656 4264 708 4309 6ο
731 4274 863 4314 Ver!-
883 4266 934 4313 ⁸·

611 4337 642 4384 3
678 4335 905 4399 Rettulit,
921 4338 1029 4402 ζα]
1086 4340 1168 4390 Ex
1190 4340 1451 4393 Armenia
1475 4343 1612 4405 cap-

514 4442 516 4452 ,
546 4412 767 4478 padocia
793 4412 1025 4465 Romam.
1092 4418 1178 4467 De
1215 4432 1359 4472 more
1390 4433 1513 4470 ossa
1525 4419 1614 4473 de·

1267 426 1484 475 Nn‘rAE
1534 422 1935 474 VARIORUM
1988 426 2065 472 ΙΝ

1694 566 1991 618 functorum
2047 568 2410 633 componendi,
2468 569 2557 634 qui
2612 569 2745 619 talis:

1698 645 1876 695 Primo
1920 644 2125 695 bustum
2166 646 2288 695 vino
2342 645 2750 709 exstinguebant,

1696 735 1875 771 manes
1892 723 2168 784 vocabant,
2182 723 2302 772 lotis
2320 722 2511 772 deinde
2527 723 2749 772 manibus

1696 812 1814 848 ossa
1850 800 2120 863 legebant,
2155 800 2293 850 lecta
2329 799 2449 849 vino
2483 797 2749 863 perfunde·

1695 875 1822 926 bant
1859 883 1914 926 et
1949 877 2121 939 lacte;
2167 892 2286 928 mox
2328 883 2483 926 vento
2519 877 2752 925 siccanda

1695 953 2064 1016 exponebant3
2113 954 2309 1004 siccata
2348 953 2664 1004 aromatibus
2704 959 2752 1002 et

1694 1028 1941 1079 odoribus
1962 1032 2119 1081 mista
2140 1032 2193 1080 in
2218 1045 2395 1080 urnam
2422 1030 2751 1094 reponebant,

1694 1106 1926 1171 reliquiis
1979 1108 2260 1172 lacrymas·
2301 1107 2753 1172 superfundebant.

1696 1183 1784 1232 Ita
1806 1183 2044 1234 solebant
2066 1199 2182 1240 ossa
2206 1185 2484 1235 amicorum
2509 1193 2566 1235 et
2586 1187 2752 1235 charo·

1696 1274 1829 1322 rum,
1861 1276 1890 1311 e
1929 1267 2072 1312 terra
2112 1263 2389 1327 peregrina
2426 1262 2494 1312 ad
2537 1263 2751 1326 patrium

1696 1320 1861 1386 solum
1881 1336 2097 1389 referre.
2162 1339 2315 1392 Quod
2339 1348 2397 1388 ut
2418 1340 2596 1400 fieret,
2616 1338 2753 1387 multi

1696 1414 1852 1462 etiam
1891 1421 2207 1465 testamento
2229 1417 2511 1478 cavebant,
2535 1423 2596 1466 ut
2619 1422 2754 1479 patet

1696 1503 1762 1539 ex
1784 1490 2236 1558 Inscriptionibns.
2304 1495 2559 1545 Mulieres
2591 1505 2753 1543 autern

1696 1582 1813 1617 ossa
1834 1570 1945 1619 sinu
1980 1571 2245 1634 legebant,
2280 1579 2340 1622 ut
2378 1569 2646 1621 Heraldus
2667 1571 2755 1620 hoc

1698 1643 1854 1707 docet
1884 1646 1974 1696 lib.
2011 1651 2057 1697 1.
2104 1647 2465 1698 Adversarior.
2523 1649 2658 1697 Dnae
2679 1661 2755 1696 au·

1697 1728 1800 1771 tem
1835 1723 1919 1773 hic
1959 1725 2273 1788 quaestiones
2310 1723 2757 1775 difficillima-,nas-

1695 1805 1902 1849 cuntur.
1968 1798 2180 1849 Primaz
2229 1800 2645 1852 Quomodo-ossa
2664 1801 2756 1849 dis-

1695 1875 1839 1924 cerni
1860 1877 2125 1940 potuerint
2147 1877 2209 1927 ab
2231 1877 2429 1928 ossibus
2450 1879 2758 1939 animalium,

1695 1965 1811 2014 quae
1842 1967 1990 2016 saepe
2025 1953 2172 2001 simul
2212 1967 2330 2003 cuin
2368 1953 2634 2004 cadavere
2657 1968 2759 2003 cre·

1693 2026 1986 2080 mabuntur.
2024 2029 2294 2080 Secunda:
2323 2031 2604 2082 Quomodo
2621 2031 2759 2091 cinis,

1692 2104 1784 2169 qui>
1800 2106 2127 2167 servabatur,
2159 2106 2406 2170 distingui
2441 2109 2698 2172 potuerit,
2731 2123 2758 2156 a

1692 2180 1953 2232 cineribus
1974 2197 2041 2232 ex
2055 2184 2198 2248 ligno
2217 2182 2496 2235 confectis.
2531 2186 2757 2236 Priorem

1693 2257 2030 2322 quaestionem
2065 2258 2304 2309 dissolvit
2324 2261 2669 2319 casaubonus
2698 2261 2756 2311 ad

1690 2332 1924 2383 Suetonii
1963 2335 2287 2399 Augustum:
2343 2339 2630 2389 secundam
2677 2352 2757 2391 ne·

1692 2423 1796 2473 mo,
1817 2411 1953 2476 quod
1973 2412 2150 2461 sciam.
2215 2413 2472 2463 Existimo
2509 2415 2668 2479 igitur
2682 2432 2752 2476 με·

1689 2486 1754 2535 τὰ
1797 2486 1889 2546 τὴν
1919 2489 2007 2537 τοῦ
2038 2487 2180 2553 πυρὸς
2221 2488 2462 2555 adparatu,
2504 2494 2628 2556 igne
2652 2493 2754 2559 jam

1692 2564 1977 2629 exstincto,
2023 2581 2139 2617 ossa
2185 2584 2298 2633 quae
2337 2579 2654 2633 supererant
2687 2584 2755 2619 se·

1692 2642 1996 2692 miustulata
2029 2646 2252 2694 collecta
2282 2645 2470 2706 fuisse;
2526 2655 2585 2696 et
2617 2647 2755 2697 exiis

1694 2719 1959 2769 detersum
1984 2735 2045 2771 ac
2068 2722 2338 2772 decussum
2362 2724 2616 2775 cinerem.
2656 2724 2754 2773 *Ti-

1695 2799 1860 2849 bullus
1901 2801 2050 2864 Eleg.
2082 2806 2130 2852 2.
2167 2802 2301 2853 libro
2317 2808 2366 2852 8.
2428 2806 2445 2832 ⁴
2471 2805 2612 2855 Pars
2648 2819 2753 2870 quae

1694 2876 1806 2925 sola
1832 2878 1933 2926 mei
1955 2878 2226 2942 superabit
2251 2880 2509 2945 corporis,
2542 2896 2660 2931 ossa
2680 2880 2757 2930 Iu-

1693 2952 1881 3003 cinctae
1914 2954 2063 3019 nigra
2102 2956 2326 3007 candida
2364 2964 2514 3007 veste
2549 2956 2756 3023 legant.’

1695 3030 1859 3093 Nota,
1889 3032 1907 3060 ‘
1926 3046 2048 3096 pars
2066 3048 2180 3098 quae
2203 3034 2311 3082 sola
2349 3034 2452 3083 mei
2491 3034 2758 3100 superabit

1692 3111 1953 3174 corporis!
1997 3113 2138 3177 Ergo
2153 3125 2269 3162 ossa
2291 3113 2405 3162 sola
2434 3121 2756 3178 supererant,

1693 3192 1747 3235 et
1768 3187 1878 3237 sola
1897 3187 2227 3253 legebantur,
2263 3204 2326 3238 ac
2361 3189 2497 3239 cinis
2530 3190 2655 3240 inde
2675 3189 2755 3239 de·

1690 3268 1860 3314 tersus
1883 3264 2203 3317 servabatur.
2237 3265 2443 3316 Her-ald.

1757 3343 1789 3389 4
1822 3341 1934 3390 Non
1956 3341 2079 3391 satis
2097 3356 2196 3392 esse
2224 3342 2353 3405 uias]
2410 3344 2532 3395 Quo
2569 3342 2751 3393 diutius

1689 3419 2102 3483 amplecteretur
2123 3422 2362 3486 conjugis
2393 3421 2658 3473 sibicbari
2680 3435 2751 3470 re-

1689 3496 1894 3562 liquias.
2445 3528 2456 3537 ·

1753 3578 1782 3622 5
1823 3575 2008 3631 Quibus
2022 3575 2224 3641 invidet,
2237 3577 2345 3641 ξω]
2378 3577 2655 3643 Erepturis
2682 3574 2750 3626 illi

1690 3658 1745 3701 et
1769 3654 2056 3704 servaturis
2074 3669 2195 3704 ossa
2214 3656 2412 3708 mariti.

1751 3734 1785 3778 6
1816 3730 1912 3779 Bis
1930 3731 2125 3781 viduum
2146 3732 2271 3795 viro]
2319 3732 2460 3783 Olim
2498 3745 2750 3782 cummo-

1688 3807 2026 3872 teretur-vir,
2062 3815 2121 3858 et
2146 3808 2260 3872 jam
2295 3808 2465 3859 denuo
2501 3824 2623 3859 cum
2642 3821 2749 3857 ossa

1689 3883 1887 3932 tumulo
1910 3884 2137 3937 mandet.

1753 3959 2120 4010 Erum-xxxa.
2173 3961 2353 4011 Velius
2393 3961 2608 4025 Crispus
2628 3959 2747 4026 (nou

1686 4036 1872 4087 Vibius
1895 4044 1953 4087 ut
1976 4036 2088 4101 alii)
2117 4038 2171 4087 in
2193 4038 2528 4102 expeditione
2547 4038 2744 4088 Sarma·

1689 4112 1813 4175 tica,
1849 4128 2023 4164 comes
2067 4114 2367 4176 Domitiani,
2401 4114 2547 4165 vovit
2591 4112 2744 4164 Marti

1686 4203 1938 4252 anserem,
1983 4192 2128 4241 velut
2152 4192 2439 4242 'custodem
2487 4189 2741 4240 Caesaris:

1686 4265 1821 4316 hunc
1835 4266 2016 4320 laudat
2037 4266 2225 4331 Poeta,
2240 4274 2297 4317 et
2311 4267 2460 4316 simul
2480 4271 2742 4317 auctorem

1685 4344 1834 4408 pacis
1863 4358 1980 4394 esse
2008 4345 2267 4411 Coe3sarem
2291 4359 2358 4395 ex
2387 4344 2741 4393 numismatum

1685 4421 1916 4484 symbolo
1937 4421 2185 4472 ostendit.
2223 4422 2448 4472 Radere&
2755 4426 2762 4433 '
